1774 3002
155 111 239 154 146
532 108 534 110 ’
641 115 682 152 C.
713 114 944 153 SALLUSTI
973 114 1126 154 CRISPI

289 243 358 286 36.
414 239 486 285 Ad
513 240 622 286 haec
649 239 899 286 rumoribus
925 240 1119 286 advorsa
1145 240 1189 286 in
1213 240 1493 300 pravitatem,
1526 257 1606 288 se-

152 322 296 368 cunda
320 323 364 367 in
393 338 566 381 casum,
594 325 813 370 fortunam
838 323 881 368 in
904 325 1189 370 temeritatem
1220 324 1478 372 declinando
1500 341 1607 372 eor-

151 407 424 468 rumpebant.
1528 391 1529 394 ¹

287 494 356 537 37.
418 489 542 545 Quae
579 489 767 549 pecunia
800 490 857 535 ad
896 489 1190 549 Hispaniense
1231 491 1393 538 bellum
1428 491 1603 542 Metello

151 574 268 619 facta
301 576 407 619 erat.

149 733 336 779 occupatis
361 734 689 769 termeoetrinorum
715 745 739 768 α
768 743 838 769 me.
880 735 1103 779 Mercerius,
1134 745 1244 780 quem
1273 745 1403 771 omnes
1432 734 1597 771 Sallustii

149 784 314 826 editores
336 791 453 826 secuti
479 794 585 834 sunt,
615 801 663 826 ex
686 791 901 826 coniectura
925 792 1077 838 scripsit
1097 792 1303 838 occupatae,
1330 795 1403 828 lum
1426 795 1598 828 externo-

149 857 246 882 rum.
295 845 374 883 Sed
402 847 514 894 longe
544 847 699 882 meliore
726 858 845 894 eaque
875 847 1199 894 praestantissima
1232 848 1446 884 coniectura
1475 848 1598 887 locum

151 903 299 939 sanavit
319 904 468 950 Lipsius
492 903 541 939 ad
563 903 680 940 Tacit.
705 904 805 940 Ann.
830 905 892 949 IV,
914 906 959 943 45
973 933 982 949 ,
1006 909 1041 943 1.
1070 904 1283 951 proposita,
1306 916 1416 952 quam
1437 905 1475 940 in
1498 907 1599 939 textu

150 961 423 1007 expressimus.
472 960 567 996 Nam
597 972 709 1007 quum
735 962 817 997 luce
845 962 982 997 clarius
1005 962 1052 997 sit
1071 961 1206 1008 populi
1224 961 1373 997 nomine
1395 969 1499 1008 opus*
1512 971 1599 996 esse

150 1016 200 1055 ad
220 1028 353 1053 vocem
373 1027 485 1064 ayros
507 1018 719 1053 accuratius
741 1017 1015 1062 definiendam,
1037 1018 1186 1064 Lipsius
1210 1018 1425 1061 acutis'sime
1447 1016 1542 1054 vidit
1561 1017 1597 1052 in

150 1074 336 1120 corruptis
360 1075 518 1110 vocibus
542 1073 842 1113 Tmeoetrinorum
862 1079 898 1110 et
918 1076 1243 1110 lermexmnorum
1263 1075 1376 1110 latere
1410 1073 1599 1110 Termesti-

149 1141 302 1176 norum,
323 1141 481 1177 quorum
502 1130 635 1167 civitas
656 1132 713 1176 (v.
738 1131 766 1166 F
769 1132 931 1179 orbigeri
953 1130 1088 1178 Geogr.
1109 1131 1221 1177 antiq.
1243 1130 1330 1167 Vol.
1351 1131 1473 1177 111‚4p.
1498 1131 1597 1174 100.)

149 1188 243 1223 inter
275 1186 443 1223 cluniam
467 1191 503 1222 et
527 1187 762 1223 Numantiam
791 1188 861 1224 sita
890 1188 966 1224 fuit.
1015 1186 1127 1223 Cuius
1157 1186 1431 1224 emendationis
1458 1187 1598 1224 veritas

148 1249 188 1281 ut
209 1255 279 1280 sua
300 1248 431 1291 sponte
454 1243 492 1279 in
512 1245 644 1280 oculos
666 1245 840 1290 incurrit,
863 1245 912 1281 ita
933 1244 1245 1292 circumspectum
1267 1254 1343 1280 non
1364 1244 1483 1291 fugiet
1502 1243 1597 1279 Mer-

148 1302 237 1337 cerii
263 1301 516 1337 coniecturam
540 1300 687 1337 duobus
709 1301 809 1338 vitiis
830 1302 1001 1338 laborare
1015 1329 1025 1345 ‚
1055 1301 1191 1346 altero,
1219 1299 1320 1347 quod
1340 1300 1514 1336 ablativis
1535 1301 1600 1336 ab·

150 1358 283 1395 solutis
303 1362 378 1395 tum
405 1368 605 1404 perperam
628 1358 840 1402 subiicitur,
872 1359 1010 1402 altem,
1043 1357 1145 1403 quod
1172 1361 1486 1394 externorum
1514 1356 1600 1404 ayri

152 1414 316 1452 absurde
337 1414 522 1451 dicuntur.
566 1413 660 1451 Nam
682 1415 742 1461 qui
764 1420 850 1451 sunt
870 1415 921 1451 illi
942 1415 1116 1450 externi?
1145 1413 1206 1450 An
1225 1414 1380 1450 internis
1403 1410 1598 1460 oppositi?

152 1483 200 1508 an
217 1469 330 1508 aliis?
350 1472 400 1507 At
416 1468 582 1518 quibus?
606 1471 724 1508 Nemo
742 1470 887 1508 dixerit.
923 1470 986 1507 Ad
1002 1470 1257 1509 Sertorianum
1270 1470 1409 1506 bellum
1426 1473 1597 1517 spectare

150 1530 268 1564 verba
296 1529 539 1575 perspicuum
570 1531 650 1572 est;
681 1528 751 1564 sed
774 1533 895 1565 utrum
918 1527 1123 1565 Sertoriani
1145 1527 1463 1564 Termestinorum
1483 1537 1596 1573 agros

150 1585 377 1629 invaserint,
407 1595 454 1620 an
475 1584 705 1630 Pompeiani,
727 1595 802 1620 non
820 1589 943 1632 potest
963 1584 1130 1620 decerni.
1168 1583 1234 1619 Ex
1253 1582 1291 1619 h.
1313 1584 1339 1620 l.
1365 1582 1412 1619 de
1431 1587 1598 1629 tempore

152 1641 292 1678 dictum
310 1642 411 1679 valet
425 1644 513 1687 post
521 1655 532 1680 ,·
554 1641 601 1675 cr.
620 1640 669 1676 ad
685 1641 767 1688 lug.
784 1641 954 1685 XXXVI,
976 1644 1012 1679 3.
1031 1651 1069 1687 p.
1089 1643 1170 1679 213.
1191 1660 1241 1666 -
1276 1639 1330 1675 De
1349 1641 1465 1676 satias
1479 1640 1599 1675 forma

151 1709 189 1735 v.
215 1698 406 1735 Drakenb.
427 1696 476 1733 ad
498 1697 580 1734 Liv.
601 1696 753 1742 XXVII,
771 1700 829 1742 49,
851 1700 886 1735 8.
932 1696 1055 1741 XXX,
1078 1699 1114 1741 3,
1135 1698 1171 1734 4.
1193 1700 1230 1731 et
1249 1699 1411 1733 annotat.
1431 1699 1597 1732 nostram

150 1755 201 1791 ad
218 1755 300 1801 lug.
321 1753 465 1798 XXXI,
487 1757 547 1791 20.
566 1764 603 1800 p.
629 1756 710 1792 180.

263 1811 324 1848 Fr.
346 1814 406 1850 36.
448 1809 568 1855 [Cort.
591 1821 628 1856 p.
654 1811 736 1848 960.
781 1807 879 1844 Gerl.
908 1807 971 1844 ed.
990 1809 1076 1844 mai.
1096 1808 1147 1853 Il,
1176 1810 1236 1846 40.
1267 1807 1328 1844 ed.
1348 1808 1438 1845 min.
1458 1808 1510 1852 11,
1535 1811 1595 1847 65

151 1856 298 1915 Ρ.204,
319 1870 378 1906 13.
423 1866 534 1902 Debr.
557 1867 627 1910 111,
651 1869 731 1905 101.
740 1867 754 1912 ]
794 1866 934 1910 Verba,
956 1875 1052 1911 quae
1077 1865 1244 1903 servavit
1264 1865 1409 1902 Nonius
1429 1863 1493 1910 IV,
1515 1866 1597 1903 403.

150 1937 189 1972 p.
209 1927 299 1969 385,
329 1927 366 1963 3.
388 1924 526 1968 Merc„
556 1923 604 1958 de
626 1922 789 1959 Sertorio
813 1932 898 1958 esse
928 1920 1174 1968 intelligenda
1190 1921 1390 1959 verissime
1417 1912 1599 1958 iudicavit

150 1981 390 2019 Debrossius.
436 1980 622 2016 Extremis
642 1981 742 2016 enim
769 1979 855 2016 belli
876 1977 1084 2014 Sertoriani
1113 1978 1242 2041 annis,
1275 1978 1337 2015 ubi
1358 1977 1467 2014 timor
1495 1977 1599 2013 nobi-

153 2039 244 2074 lium
265 2038 413 2074 exulum
435 2037 627 2083 paullatim
648 2039 880 2079 cessaverat,
908 2036 1105 2071 multorum
1126 2034 1237 2070 animi
1260 2046 1282 2071 a
1302 2034 1398 2072 duce
1420 2044 1488 2070 suo
1509 2033 1598 2069 alie-

153 2095 235 2130 nari
258 2105 434 2140 coepere,
454 2094 647 2139 Perperna
665 2093 846 2155 imprimis
866 2091 1107 2154 instigatore,
1129 2092 1176 2129 cs.
1196 2091 1382 2128 Plutarch.
1398 2089 1438 2126 in
1455 2088 1596 2126 sertor.

152 2163 188 2186 c.
208 2154 268 2189 25.
288 2150 393 2194 (Vol.
409 2150 453 2185 II.
471 2161 508 2196 p.
524 2151 606 2188 614.
625 2148 741 2193 Sint)
761 2139 829 2184 'Em
849 2139 884 2183 δ’
899 2137 1048 2209 Ἰβηρίᾳ
1067 2146 1146 2184 τῶν
1163 2142 1251 2197 περὶ
1266 2138 1488 2198 Σερτωριον
1502 2154 1596 2196 συγ-

153 2204 350 2255 κλητικῶν
374 2201 442 2242 καὶ
465 2202 669 2266 ἰσοτίμων,
694 2197 746 2250 ὡς
767 2202 925 2266 πρῶτον
948 2199 1003 2247 εἰς
1023 2193 1236 2240 ἀντίπαλον
1250 2199 1395 2270 ἐλπίδα
1415 2197 1596 2265 κατέστη-

153 2270 247 2310 σαν,
270 2257 477 2305 ἐπανέντος
502 2260 571 2297 τοῦ
590 2253 738 2321 φόβου,
760 2252 957 2308 φθόνος
978 2251 1156 2307 ἥπτετο
1177 2255 1262 2296 καὶ
1282 2258 1427 2309 ζῆλος
1444 2248 1595 2306 ἇνόη-

152 2330 233 2364 τος
254 2317 342 2367 τῆς
363 2313 558 2355 ἐκείνου
576 2310 854 2365 δυνάμεως;
878 2319 914 2351 et
927 2316 1052 2377 paullo
1068 2316 1167 2353 infra
1183 2316 1495 2353 calumniantibus
1509 2314 1596 2350 Per-

154 2387 296 2423 pernae
332 2374 568 2412 sermonibus
603 2374 754 2410 relatis:
797 2364 996 2408 Τοιούτων
1027 2362 1370 2434 ἀναπιμπλάμενοι
1399 2363 1529 2434 λόχην
1558 2366 1600 2406 οἰ

152 2427 292 2470 πολλοι
312 2429 493 2492 φανερῶς
510 2424 583 2478 μὲν
603 2422 678 2466 οὐκ
698 2419 914 2476 ἀφίσταντο
943 2421 1158 2473 δεδοικότες
1179 2419 1302 2466 αυτοῦ
1318 2419 1394 2491 τὴν
1413 2419 1595 2488 δύναμιν,

156 2481 326 2539 κρύφα
346 2483 398 2525 δὲ
414 2477 498 2531 τὰς
512 2478 713 2536 πράξεις
728 2481 847 2533 ἐλυμ
860 2481 1062 2522 αἰνοντο
1077 2481 1146 2522 καὶ
1160 2475 1490 2550 τουςβαρβάρονς
1503 2474 1595 2518 ἐκα-

155 2556 255 2581 κουν
275 2537 502 2590 κολαζοντες
520 2542 678 2592 πικρῶς
699 2537 767 2579 καὶ
788 2537 1130 2590 δεσμολογοῦντες,
1154 2534 1206 2586 ὡς
1223 2535 1445 2591 Σερτωρίου
1460 2531 1595 2575 κελεύ-

156 2612 279 2646 οντος.
300 2620 358 2627 —
395 2599 635 2636 Rumoresh.
657 2601 680 2636 l.
704 2602 790 2635 sunt
808 2597 1028 2634 clandestini
1050 2598 1226 2634 invidiosi
1247 2605 1465 2641 sermones,
1486 2595 1594 2631 decli-

154 2667 251 2697 nare
269 2661 392 2694 autem
413 2657 515 2692 valet
533 2655 694 2700 trahere,
715 2659 868 2699 vertere,
890 2655 949 2689 vel
965 2655 1223 2701 interpretari;
1240 2651 1375 2689 eodem
1390 2652 1468 2688 sere
1484 2651 1597 2688 modo

157 2718 287 2751 auctor
316 2715 461 2749 locutus
491 2716 549 2748 est
578 2712 660 2760 lug.
680 2710 798 2756 XCII,
826 2713 862 2748 2.
915 2709 1042 2747 Omnia
1071 2721 1146 2747 non
1171 2709 1259 2747 bene
1290 2708 1455 2745 concula
1480 2707 1597 2753 nwdo,
