1774 3002
153 167 237 210 386
643 175 682 212 C.
709 176 940 215 SALLUSTI
964 178 1116 217 CRISPI

291 300 360 343 58.
420 297 544 354 Quae
579 315 740 347 caussa
770 303 914 348 fuerat
949 305 1166 350 novandis
1203 306 1347 352 rebus.

293 385 360 427 59.
415 383 488 429 Ad
527 385 781 430 mutandum
805 386 937 432 modo
965 387 1021 450 in*
1038 389 1195 434 melius
1226 390 1466 435 servitium.

290 470 359 510 60.
415 465 570 512 Genua
593 471 765 528 patrum
794 470 1104 529 advolvuntur.

291 553 359 594 61.
413 548 503 595 Cui·
521 551 603 596 nisi
638 553 804 611 pariter
833 553 1007 600 obviam
1042 556 1190 601 iretur.

293 636 361 677 62.
417 633 540 694 Ergo
571 635 708 680 senati
738 636 914 683 decreto
941 638 1281 684 serviundumne
1308 637 1375 682 sit.

293 719 362 761 63.
415 716 537 763 More
564 718 779 765 humanae
804 721 1017 780 cupidinis
1047 720 1204 782 ignara
1232 720 1421 767 visundi.

158 851 250 889 Hist.
274 852 334 888 Fr.
358 854 392 899 Ι,
417 859 475 899 51,
498 860 530 894 1.
562 855 744 895 Maxume
769 859 895 895 vetlem
917 870 1042 906 prava
1070 861 1215 906 incepta
1242 858 1510 896 consultoribus
1535 869 1604 895 no-

158 918 237 944 xae
259 919 352 946 esse.

271 966 332 1003 Fr.
353 970 411 1006 58.
442 967 558 1013 [Cort.
584 981 623 1016 p.
654 975 757 1010 1009.
781 972 878 1008 Gerl.
903 973 964 1010 ed.
984 974 1074 1009 mai.
1095 973 1172 1008 Inc.
1203 976 1281 1011 158.
1306 976 1344 1007 et
1368 972 1456 1008 min.
1479 972 1513 1017 Ι,
1545 975 1600 1010 15.

158 1033 196 1068 p.
223 1025 309 1069 184,
331 1028 365 1063 5.
387 1024 497 1063 Debr.
522 1026 555 1071 1,
573 1028 646 1072 17.]
671 1028 781 1065 Serv.
803 1029 851 1065 ad
874 1029 980 1077 Virg.
1002 1029 1100 1066 Aen.
1125 1029 1196 1076 IV,
1215 1033 1299 1068 290.
1319 1029 1381 1065 ubi
1403 1032 1514 1075 poeta
1536 1028 1603 1065 iis·

161 1078 246 1115 dem
266 1082 392 1117 verbis
415 1094 507 1119 usus
527 1087 603 1118 est:
626 1094 723 1131 quae
746 1087 794 1122 sit
818 1086 960 1122 rebus
987 1096 1137 1122 causa
1170 1085 1405 1122 novandis
1432 1085 1602 1120 dessimu—

158 1136 246 1172 lent.
290 1137 350 1174 Ad
371 1138 576 1175 seditiones
596 1140 835 1178 Gracchanas
859 1143 1025 1179 referunt
1047 1143 1271 1179 Debrossius
1301 1146 1338 1176 et
1367 1141 1600 1177 Gerlachius.

158 1192 202 1228 Id
225 1192 307 1230 fieri
333 1205 447 1241 posse
468 1196 578 1232 facile
599 1198 799 1245 largimur,
822 1199 891 1236 sed
920 1200 957 1235 in
987 1200 1097 1236 toties
1125 1199 1280 1246 repetito
1309 1209 1432 1234 rerum
1462 1209 1602 1234 novan-

82 1250 87 1251 ’
157 1249 292 1288 darum
314 1251 438 1289 studio
458 1262 519 1290 res
542 1253 791 1292 incertissima
816 1260 882 1292 est.

271 1324 332 1360 Fr.
354 1327 411 1363 59.
434 1322 550 1369 [Cort.
572 1335 610 1371 p.
632 1329 733 1364 1008.
757 1325 857 1362 Gerl.
883 1326 942 1363 ed.
969 1326 1052 1363 mai.
1076 1327 1254 1366 Inc.136.
1277 1325 1337 1364 ed.
1359 1326 1449 1362 min.
1469 1325 1602 1371 111,71.

157 1390 197 1426 p-
217 1382 307 1426 220,
329 1382 363 1418 7.
388 1381 498 1417 Debr.
522 1381 589 1426 III,
611 1384 667 1421 71.
692 1382 758 1428 ΙΙΙ,
787 1384 883 1428 146]
912 1382 1022 1421 Serv.
1054 1383 1103 1420 ad
1125 1383 1231 1432 Virg.
1255 1383 1351 1420 Aen.
1377 1383 1412 1429 Ι,
1435 1386 1517 1422 281.
1549 1381 1602 1418 De

159 1436 429 1483 gladiatoribus
452 1436 603 1484 Capuae
622 1449 670 1474 ex
690 1438 779 1475 ludo
801 1440 1078 1487 erumpentibus
1096 1441 1268 1488 intelligit
1285 1439 1523 1485 Debrossius,
1544 1449 1603 1475 as-

159 1494 379 1531 sentientem
396 1498 528 1531 nactus
549 1494 815 1532 Gerlachium
807 1507 843 1531 in
864 1496 923 1532 ed.
939 1497 1050 1541 min.;
1075 1497 1143 1533 sed
1158 1508 1290 1544 parum
1310 1496 1504 1541 credibile,
1519 1495 1602 1532 illos

159 1550 286 1597 sugam
307 1562 422 1587 ausos
442 1561 550 1592 esse.
572 1555 611 1587 ut
637 1553 831 1588 servitium
851 1553 963 1589 modo
985 1557 1180 1593 mutarent.
1210 1553 1301 1590 Mihi
1324 1554 1439 1589 verba
1462 1553 1524 1590 vel
1544 1552 1602 1587 tri-

158 1607 248 1642 buni
268 1608 426 1645 alicuius
450 1608 512 1645 vel
532 1609 652 1654 ipsius
673 1607 839 1645 Sallustii
870 1620 956 1646 esse
982 1610 1156 1646 videntur
1188 1609 1235 1646 de
1259 1608 1421 1657 perfidia
1450 1611 1602 1646 senatus

158 1662 221 1699 vel
244 1665 422 1701 nobilium
446 1665 648 1711 querentis,
670 1666 807 1713 quippe
823 1676 979 1712 quorum
1000 1667 1180 1712 consiliis,
1202 1667 1288 1702 ltcet
1304 1666 1405 1714 plebi
1428 1666 1602 1713 speciose

158 1720 301 1768 aliquid
322 1720 611 1766 concederetur,
640 1732 714 1757 non
742 1722 933 1758 tolleretur
965 1723 1046 1759 eius
1078 1723 1292 1767 servitium,
1326 1723 1394 1758 sed
1421 1721 1534 1758 modo
1563 1721 1601 1756 in

157 1778 293 1815 melius
311 1781 529 1814 mutaretur.

270 1846 331 1886 Fr.
353 1852 412 1888 60.
439 1847 557 1895 [Cort.
573 1860 610 1895 p.
630 1851 736 1887 1008.
759 1848 855 1885 Gerl.
874 1850 935 1886 ed.
959 1851 1044 1886 mai.
1061 1850 1135 1886 Ine.
1159 1853 1240 1890 131.
1262 1849 1321 1888 ed.
1345 1849 1432 1887 min.
1456 1848 1599 1888 Ine-39.

157 1918 195 1954 p.
216 1909 304 1952 238,
329 1907 362 1944 7.
384 1906 495 1942 Debr.
525 1905 559 1950 I,
581 1908 641 1943 36.
662 1904 732 1949 IV,
757 1906 828 1951 14.]
853 1905 962 1943 Serv.
985 1906 1035 1943 ad
1056 1907 1162 1954 Virg.
1183 1906 1277 1943 Aen.
1294 1905 1330 1951 I,
1352 1906 1436 1945 307.
1461 1903 1601 1942 Viden-

160 1968 217 2000 tur
238 1963 333 1999 haec
357 1962 404 1998 de
435 1963 568 2009 legatis
591 1962 708 2005 dicta,
735 1962 798 2008 qui
825 1961 982 1999 Romam
1009 1967 1195 1999 venerant
1219 1959 1516 1999 misericordiam
1537 1972 1602 2009 pa-

158 2022 253 2056 trum
269 2019 505 2067 imploraturi
527 2022 655 2054 contra
677 2018 851 2063 iniurias,
879 2020 924 2055 ab
948 2020 1072 2067 aliquo
1093 2019 1314 2067 magistratu
1339 2018 1410 2055 sibi
1438 2018 1576 2055 illatas.

271 2089 332 2127 Fr.
352 2092 412 2128 61.
441 2085 560 2137 [cort.
577 2101 616 2136 p.
637 2090 741 2127 1004.
763 2088 861 2126 Gerl.
884 2090 946 2126 ed.
970 2090 1056 2131 mai.
1079 2090 1155 2126 Ine.
1178 2093 1236 2134 58.
1260 2088 1324 2133 ad.
1343 2089 1526 2134 miratae.
1540 2092 1603 2127 25..

159 2157 195 2193 p.
218 2148 301 2190 237,
325 2147 382 2184 16.
395 2145 508 2181 Debr.
531 2146 559 2190 Ι,
580 2146 657 2190 78.]
678 2145 813 2189 Donat.
839 2145 887 2182 ad
912 2146 998 2183 Ter.
1020 2147 1115 2185 Eun.
1136 2147 1164 2191 Ι,
1185 2150 1299 2190 2⁷12.
1318 2145 1418 2183 Haec
1439 2144 1487 2181 de
1510 2155 1600 2181 con—

158 2201 384 2246 tentionibus
406 2202 578 2254 civilibus
595 2206 630 2237 et
643 2202 811 2249 partibus
834 2203 870 2238 in
891 2205 1084 2250 republica
1105 2201 1203 2239 dicta
1223 2213 1310 2238 esse
1331 2202 1423 2238 satis
1437 2204 1538 2248 patet
1553 2212 1602 2237 ex

160 2258 321 2295 dictione
343 2257 480 2294 obviam
501 2259 556 2294 ire
579 2259 790 2305 frequenter
810 2270 832 2294 a
854 2258 1028 2296 Sallustio
1051 2258 1098 2294 de
1120 2269 1165 2295 ea
1186 2269 1226 2294 re
1244 2258 1599 2304 usurpata30s.1ug.

158 2314 215 2359 V,
238 2319 271 2353 1.
306 2313 409 2350 Tunc
424 2315 589 2361 primum
615 2314 871 2360 superbiae
900 2316 1093 2352 nobilitatis
1119 2315 1302 2352 obviam
1327 2315 1437 2351 itum
1457 2317 1523 2350 est.
1553 2314 1600 2349 ib.

157 2371 257 2416 XIV,
271 2374 331 2410 25.
349 2368 406 2406 Ite
423 2370 561 2407 obviam
580 2370 750 2405 iniuriae.
766 2369 879 2416 XXII,
896 2375 930 2409 3.
956 2371 1096 2408 Sceleri
1113 2373 1189 2407 eius
1209 2371 1347 2407 obviam
1359 2371 1445 2408 isse.
1466 2369 1599 2411 XXXI.

157 2431 193 2465 4.
217 2426 363 2464 Obviam
390 2427 446 2462 ire
474 2426 647 2474 factionis
664 2427 850 2472 potentiae
879 2429 1024 2464 animus
1050 2427 1190 2474 subiqit.
1217 2426 1335 2471 XLII,
1364 2431 1394 2464 1.
1426 2426 1600 2463 Nobilitas

160 2482 415 2521 Gracchorum
434 2482 633 2519 actionibus
652 2481 790 2518 obviam
811 2483 917 2519 ierat.
948 2484 1041 2520 Hist.
1061 2483 1123 2520 Fr.
1147 2484 1175 2527 Ι,
1199 2485 1256 2527 45,
1280 2484 1313 2520 7.
1334 2483 1524 2530 Agendum
1541 2485 1598 2518 at-

157 2549 229 2588 que
249 2539 389 2576 obviam
413 2539 571 2576 eundum
598 2541 662 2575 est.
691 2558 749 2564 -—-
777 2538 927 2576 Pariter
952 2539 1117 2577 Donatus
1139 2539 1237 2587 dicit
1257 2538 1355 2575 idem
1381 2550 1466 2575 esse
1489 2541 1598 2583 atque

158 2596 340 2642 simfliter,
360 2595 461 2632 uude
483 2598 584 2643 patet
612 2592 829 2631 Sallustium
855 2596 893 2632 in
928 2595 1234 2633 antecedentibus
1263 2595 1310 2631 de
1338 2595 1411 2631 alio
1441 2593 1597 2637 dixisse,

158 2647 265 2689 cuius
287 2656 443 2688 conatus
466 2652 538 2688 iam
559 2651 724 2698 repressi
749 2651 906 2689 ruerant.

271 2722 333 2758 Fr.
352 2724 412 2761 62.
438 2719 556 2769 [Cort.
573 2733 611 2768 p.
632 2723 715 2760 998.
746 2721 844 2757 Gerl.
867 2719 927 2759 ed.
950 2722 1038 2758 mai.
1065 2722 1141 2758 Ine.
1166 2725 1203 2759 5.
1225 2720 1287 2757 ed.
1310 2719 1399 2755 min.
1420 2719 1455 2762 1,
1478 2719 1535 2756 75.
1558 2730 1594 2765 p.

160 2781 245 2822 196,
267 2779 300 2817 7.
321 2777 429 2815 Dehr.
448 2777 483 2823 1,
502 2778 577 2822 81.]
599 2777 739 2817 Donat.
752 2776 802 2814 ad
821 2775 904 2814 Ter.
928 2776 1046 2814 Andr.
1063 2777 1113 2822 ΙΙ,
1133 2781 1175 2821 2,
1197 2780 1254 2815 28.
