1774 3002
484 167 814 206 HISTORIARUM
841 168 1154 205 FRAGMENTA.
1211 169 1302 205 LIB.
1330 169 1359 204 Ι.
1593 160 1646 204 18

206 292 289 345 sibi
326 290 644 351 iura-paravit.
699 290 1026 350 Discordiamm
1066 294 1111 336 et
1143 291 1391 338 certaminis
1428 291 1648 352 utrimque

206 375 308 421 finis
335 375 418 421 fuit
441 374 683 420 secundum
709 374 870 420 bellum
899 375 1124 420 Punicum.
1223 429 1229 431 Α
1259 429 1263 431 .

336 462 410 504 11.
448 457 688 519 Postquam
714 461 883 504 remoto
906 461 1023 504 metu
1051 457 1219 503 Punico
1243 456 1495 502 simultates>
1511 471 1648 502 exer-

205 555 307 586 cere
336 555 523 586 vacuum
540 541 645 596 suff,
667 541 902 601 'plurumae
930 541 1097 596 turbae,
1134 540 1374 586 seditiones
1401 544 1445 586 et
1473 541 1527 586 ad
1557 556 1647 601 po-

206 626 415 668 stremum
444 623 558 668 bella
575 624 718 669 civilia
738 627 835 670 oita
857 627 972 680 sunt,
1005 624 1108 669 dum
1127 624 1255 684 pauci
1277 627 1495 683 potentes,
1528 639 1648 685 quo-

206 721 303 751 rum
332 706 376 751 in
394 707 581 767 gratiam
598 707 795 769 plerique
814 710 1137 763 concesserant,
1166 707 1249 752 sub
1268 707 1455 754 honesto
1473 710 1647 768 patrum

206 849 263 885 cis
281 850 419 895 pariter
447 851 484 885 in
508 861 601 886 voce
625 844 742 895 ἄλλος
760 850 904 895 tritum,
932 851 1138 887 luculenter
1166 842 1364 888 illustravit
1381 850 1579 887 Walchius
1609 849 1646 886 in

206 898 392 941 Emendd.
418 907 526 943 Livv.
555 919 594 954 p.
622 910 669 946 58
697 919 780 954 sqq.
808 909 857 943 cs.
885 908 986 954 Pape
1015 908 1052 943 in
1075 909 1167 944 Lex.
1195 909 1258 945 Gr.
1280 919 1319 944 v.
1341 901 1463 952 ἄλλος’
1475 919 1513 943 ιι.
1533 910 1571 946 3.
1589 927 1647 934 --

206 955 371 998 Debeo
392 963 463 999 sibi
483 964 735 1010 pronominis,
766 965 894 1000 verbis
913 965 989 999 alia
1009 965 1094 1000 iura
1116 965 1345 1012 interpositi,
1373 975 1414 1001 v.
1443 963 1494 1000 ad
1513 963 1593 1000 Cat.
1617 963 1644 1009 Ι,

236 1097 241 1106 ,
315 1075 376 1110 Fr.
395 1079 453 1113 11.
497 1072 619 1123 [Cort.
646 1086 684 1122 p.
704 1078 787 1114 935.
828 1076 927 1112 Gerl.
948 1075 1010 1111 ed.
1030 1077 1117 1112 mai.
1138 1077 1176 1122 I,
1202 1079 1239 1117 9.
1267 1076 1329 1112 ed.
1350 1076 1440 1112 min.
1460 1076 1496 1121 1,
1526 1079 1584 1115 13.
1604 1088 1643 1124 p.

206 1133 291 1175 183,
314 1134 370 1170 18.
391 1131 503 1167 Debr.
522 1131 554 1176 Ι,
583 1130 656 1180 14.]
698 1132 775 1167 Hoc
797 1133 1043 1179 fragmentum
1062 1141 1147 1169 cum
1169 1133 1497 1180 sequente-Dema
1517 1145 1565 1169 ex
1585 1135 1647 1170 tri-

204 1188 275 1223 bus
293 1188 460 1234 partibus
476 1189 513 1223 in
533 1199 646 1224 unum
666 1188 854 1225 conflavit.
887 1190 943 1225 Ac
965 1189 1012 1224 de
1031 1189 1177 1226 duabus
1193 1191 1381 1237 prioribus
1398 1191 1463 1226 vix
1482 1190 1645 1226 dubitari

205 1247 346 1290 potest,
367 1245 456 1291 quin
475 1244 577 1291 apud
597 1244 813 1282 Sallustium
832 1245 967 1282 eodem
986 1250 1115 1282 tenore
1133 1248 1251 1283 lectae
1282 1247 1435 1291 fuerint,
1456 1248 1644 1284 artissimo

206 1302 467 1337 sententiarum
482 1312 581 1337 nexu
594 1302 868 1347 intercedente;
889 1313 1003 1349 quare
1018 1314 1088 1339 nos
1100 1314 1248 1350 quoque
1262 1304 1537 1340 coniunximus.
1566 1303 1645 1341 Sed

205 1357 311 1392 tertia
328 1368 439 1404 pars,
468 1369 579 1405 quam
603 1357 734 1395 omnes
758 1359 923 1396 Sallustii
948 1359 1133 1404 editores,
1156 1360 1322 1396 Douzam
1344 1357 1482 1405 secuti,
1513 1360 1645 1397 adiun—

204 1418 356 1458 xerunt,
381 1419 509 1461 aperte
537 1426 612 1450 non
631 1416 808 1451 cohaeret
826 1427 912 1451 cum
930 1416 1257 1462 praecedentibus.
1277 1432 1281 1434 ·
1298 1417 1512 1454 Seiunctam
1531 1418 1644 1465 igitur

206 1474 245 1505 ut
264 1481 402 1506 novum
418 1472 663 1517 fragmentum
680 1473 904 1508 exibuimus.
922 1491 980 1498 ——
1010 1474 1132 1509 Prima
1149 1475 1263 1510 verba
1285 1485 1403 1521 usque
1419 1474 1470 1509 ad
1488 1485 1644 1510 vac-imm

203 1525 276 1572 suit
294 1531 440 1562 exstant
464 1527 565 1574 apud
584 1528 740 1564 Gellium
760 1529 840 1564 NN.
861 1530 945 1565 AAt.
965 1529 1036 1574 ΙΧ,
1067 1533 1146 1575 12.;
1176 1541 1272 1577 quae
1298 1534 1504 1578 sequuntur
1524 1542 1643 1578 usque

206 1580 257 1618 ad
275 1593 353 1629 pro
378 1583 469 1620 bono
486 1584 687 1620 ducebaem·
706 1586 873 1621 servavit
890 1586 1123 1633 Augustinus
1146 1586 1193 1622 de
1214 1586 1296 1625 Civ.
1321 1587 1387 1623 Dei
1407 1587 1477 1635 111,
1509 1589 1568 1626 17.
1585 1606 1645 1613 —

214 1637 378 1675 Vacmem
392 1640 467 1687 suit
492 1641 518 1676 i.
537 1652 572 1676 e.
592 1652 661 1687 per
679 1643 829 1689 negotia
848 1643 971 1687 licuit3
998 1653 1086 1679 nam
1113 1654 1267 1680 vacuum
1290 1643 1479 1692 significat
1496 1647 1642 1692 tempus

205 1695 441 1741 gravioribus
463 1698 770 1743 occupationibus
790 1699 965 1743 liberum,
994 1711 1114 1746 eoque
1133 1705 1302 1747 paratam
1323 1700 1461 1748 agendi
1480 1705 1643 1748 potesta-

205 1755 277 1787 tem
298 1753 466 1789 liberam.
501 1753 715 1790 Sallustium
736 1755 897 1791 imitatus
917 1760 976 1791 est
995 1756 1126 1804 Dictys
1146 1757 1190 1802 ΙΙ,
1212 1759 1246 1795 7.
1283 1757 1492 1794 Inter-imin
1513 1768 1556 1794 eo
1573 1759 1644 1794 otio

204 1808 466 1855 Ayammnoni
481 1820 563 1846 cum
578 1810 746 1847 Menelao
762 1811 891 1858 fratre
907 1822 1140 1849 exercere
1157 1814 1436 1850 discordias
1453 1825 1644 1851 vacuum

202 1864 311 1911 fuit.
351 1865 559 1902 Universus
587 1868 692 1904 locus
713 1870 935 1905 obversatus
961 1874 1018 1905 est
1041 1869 1170 1906 Tacito
1191 1871 1229 1905 in
1250 1871 1408 1907 Historr.
1428 1872 1483 1915 H,
1512 1873 1578 1915 38,
1608 1875 1642 1908 l.

211 1919 283 1956 Ubi
303 1921 451 1959 subacto
479 1923 566 1958 orbe
593 1928 630 1959 ec
652 1923 804 1960 aemulis
829 1925 980 1961 urbibus
1007 1926 1194 1973 reyibusve
1219 1929 1356 1963 excusis
1380 1937 1535 1963 securas
1555 1937 1644 1973 ⁰1>oe

204 1979 463 2024 concupiscere
484 1989 640 2015 vacuum
663 1979 757 2026 fuit,
779 1983 907 2027 prima
929 1983 1026 2017 mter
1050 1986 1185 2028 patres
1205 1983 1422 2030 plebemque
1438 1984 1642 2019 certamina

206 2041 398 2068 exarsere.
427 2035 473 2068 ct'.
493 2034 716 2070 Boetticheri
734 2037 827 2071 Lex.
846 2036 964 2072 Tacit.
978 2049 1015 2083 p.
1030 2040 1114 2076 480.
1131 2058 1189 2064 —
1213 2039 1274 2074 Ad
1279 2043 1507 2086 posu-emam
1519 2040 1560 2075 vi
1576 2039 1643 2075 ad·

206 2089 325 2123 verbii
343 2092 401 2124 est
418 2089 500 2136 ieq.
512 2094 709 2137 postremo,
727 2092 905 2140 denique»,-
924 2094 973 2128 cf.
990 2094 1139 2142 Fragm.
1160 2095 1188 2139 I,
1208 2099 1267 2140 51,
1288 2100 1323 2133 5.
1347 2096 1471 2132 Hand.
1490 2096 1539 2132 de
1553 2097 1642 2132 Par-
1703 2089 1707 2092 ⁴

206 2144 290 2179 tice.
320 2145 413 2180 Latt.
433 2146 519 2181 Vol.
546 2146 575 2182 Ι.
593 2158 632 2194 p.
658 2150 724 2186 131
755 2160 813 2195 sq.
833 2169 889 2176 —
916 2149 1038 2186 Pauci
1050 2155 1219 2198 polentes
1240 2163 1314 2199 quo
1335 2163 1451 2190 sensu
1471 2152 1642 2190 dicantur

206 2201 476 2247 explicavimus
499 2202 549 2238 ad
567 2202 645 2239 Cat.
666 2215 700 2240 c.
719 2204 809 2250 XX,
829 2207 867 2244 7.
885 2225 945 2231 —-
978 2207 1050 2243 Pro
1075 2209 1122 2244 in
1146 2210 1640 2258 qratiamplem‘quecon-

205 2263 393 2293 cesserant
412 2259 450 2294 in
469 2260 640 2296 omnibus
659 2260 884 2298 editionibus
904 2266 962 2298 est
979 2264 1026 2299 in
1045 2266 1210 2312 qratia
1222 2266 1280 2312 pl.
1301 2276 1405 2302 conc.
1408 2278 1538 2313 ,quae
1555 2268 1640 2303 bar—

205 2314 297 2349 bara
315 2318 495 2351 structura
515 2326 538 2351 a
554 2315 730 2353 Carrione
749 2318 900 2355 inducta
919 2330 994 2355 non
1017 2322 1139 2357 solum
1158 2321 1281 2358 Cortio
1300 2322 1544 2359 vehementer
1559 2325 1640 2370 pla-

206 2370 292 2414 cuit,
313 2370 395 2406 sed
401 2372 511 2407 etiam
532 2381 555 2408 a
573 2372 769 2410 Gerlachio
788 2375 878 2411 Vol.
896 2376 957 2412 ΠΙ.
977 2388 1015 2423 p.
1035 2381 1093 2416 51.
1113 2378 1352 2415 miserandae
1371 2385 1553 2427 apparatu
1573 2380 1639 2416 do—

205 2427 345 2462 ctrinae
369 2427 524 2464 defensa
549 2432 618 2464 est.
659 2430 769 2474 Quod
798 2436 921 2467 autem
947 2433 999 2468 ad
1024 2434 1105 2493 lug.
1124 2435 1182 2479 V,
1209 2438 1247 2473 4.
1274 2447 1314 2482 p.
1336 2439 1394 2475 32.
1419 2434 1638 2473 dicebamus

205 2493 253 2518 ex
282 2484 496 2520 coniectura
522 2486 759 2523 scribendum
777 2499 864 2524 esse
886 2490 926 2524 in
943 2486 1121 2536 qratiam,
1149 2492 1317 2528 secunda
1337 2493 1483 2529 fortuna
1501 2494 1638 2529 sactum

205 2543 275 2583 est,
297 2544 335 2575 ut
352 2551 399 2576 ea
422 2551 463 2576 re
482 2551 579 2577 nunc
598 2552 675 2578 non
693 2544 740 2579 sit
759 2555 869 2591 opus.
907 2546 1003 2581 Nam
1021 2557 1069 2581 ex
1087 2558 1160 2594 quo
1181 2548 1393 2585 Arusianus
1415 2561 1464 2586 ex
1482 2550 1638 2597 egregio

205 2595 291 2631 cod.
307 2596 404 2632 Gud.
419 2608 442 2632 a
459 2596 712 2635 Lindemanno
728 2601 949 2637 emendatus
963 2602 1114 2649 prodiit,
1134 2604 1246 2641 huius
1261 2606 1472 2653 testimonio
1493 2617 1532 2642 v.
1550 2616 1638 2642 con

204 2651 294 2688 cedo
311 2663 351 2699 p.
370 2656 450 2691 220
470 2654 562 2690 satis
581 2658 859 2702 comprobatum
878 2661 936 2694 est
955 2657 1171 2696 Sallustium
1191 2662 1391 2709 scripsisse
1410 2663 1449 2698 in
1465 2663 1638 2710 qratiam,

205 2708 264 2742 eui
278 2710 483 2745 auctoritati
504 2711 613 2746 etiam
616 2710 863 2749 Gerlachius
854 2725 890 2749 m
911 2714 973 2749 ed.
982 2716 1126 2751 minore
1140 2718 1340 2754 obsecutus
1361 2722 1431 2754 est.
1463 2719 1516 2754 De
1532 2729 1559 2753 v
1560 2717 1637 2752 erbi

204 2765 405 2802 concedere
424 2777 508 2802 cum
525 2767 564 2803 in
583 2768 766 2804 coniuncti
781 2773 964 2806 structura
979 2782 1017 2807 v,
1038 2771 1086 2808 ad
1102 2772 1183 2820 lug.
1201 2773 1331 2818 XVIH,
1356 2778 1414 2812 12.
1456 2773 1535 2810 Cat.
1555 2772 1637 2816 XX,
