1774 3002
100 123 187 174 260
562 109 618 168 'c.
648 128 880 168 SALLUsrl
910 127 1061 167 CR1s1>1

104 254 147 298 et
176 252 296 298 extin
329 287 341 299 .
373 287 383 298 .
417 289 426 298 .
457 289 467 299 .
486 253 522 298 ¹l
551 268 702 300 curam
735 289 745 299 .
775 289 785 299 .
812 289 822 300 .
860 256 980 300 asset
1010 254 1132 300 haud
1159 289 1169 299 .
1202 289 1212 300 .
1243 268 1360 315 aque
1393 268 1549 314 quamc

105 371 116 382 .
139 370 154 391 ,.
189 335 308 383 haud
344 336 472 382 aliam
508 340 618 398 eps-is
663 353 782 398 spem
817 338 1073 398 capiendam
1111 354 1217 384 esse.
1289 337 1384 383 Sed
1417 339 1556 398 pauci

103 419 343 479 prudentes
373 420 626 481 inqenuique
660 421 791 466 am'mi
831 421 978 467 nobile
1012 423 1196 468 studium
1225 424 1407 482 μενοινή,
1449 420 1552 466 lau-

105 503 310 564 dantque,
343 505 463 565 quod
483 509 690 568 suaserat
715 506 890 565 sacere3
913 519 1017 565 pars
1046 505 1206 551 stolida
1228 520 1282 550 ac
1316 503 1441 559 levis,
1467 503 1553 548 ad-

106 642 144 678 in
165 651 209 677 eo
230 643 482 687 consentient,
511 653 649 678 novam
671 642 758 678 hinc
794 653 951 690 eamque
991 641 1232 689 praecedenti
1268 641 1550 678 adversativam

107 698 274 745 incipere
302 698 520 745 periodum,
547 710 669 745 neque
690 700 912 736 sententiam
942 704 1004 735 aut
1034 700 1192 735 lacunae
1213 698 1375 744 spatium
1402 699 1551 744 supple-

106 759 229 790 mento
251 759 378 791 nostro
404 757 568 791 obstare.
588 772 644 778 —
672 754 899 803 Inqenuique
918 755 1032 792 enimi
1052 760 1088 792 ut
1108 755 1372 799 scriberemus,
1393 754 1551 800 permoti

108 823 238 848 sumus
267 812 422 848 residua
452 813 488 847 in
514 811 587 847 fine
618 823 754 848 versus
780 816 836 851 12.
935 813 988 848 Ml
1010 808 1181 860 syllaba,
1218 821 1314 858 quae
1335 810 1474 846 indicio
1496 815 1553 847 est

107 869 222 904 animi
241 869 278 903 in
299 869 385 905 cod.
410 869 550 913 fuisse,
587 868 689 916 quod
713 880 797 905 cum
827 868 1014 905 adiectivo
1039 869 1277 905 coniunctum
1297 871 1480 914 potestate
1501 871 1552 902 at-

108 925 283 973 tributiva
314 925 364 962 ad
395 926 516 973 pauci
542 926 751 962 subiectum
780 927 995 973 pertineret.
1047 926 1227 961 Homines
1257 929 1380 960 autem
1407 925 1556 971 inqenui

109 982 224 1018 animi
259 982 283 1017 i.
312 993 348 1018 e.
378 982 635 1029 generosioris
667 982 804 1019 indolis
843 987 941 1018 recte
971 993 1057 1018 cum
1089 981 1334 1029 prudentibus
1363 981 1550 1028 componi,

108 1049 232 1083 nemo,
254 1039 400 1085 opinor,
424 1038 615 1075 dubitabit.
640 1058 696 1064 —
723 1039 848 1075 Nobile
865 1039 1285 1086 studiumyerunt,
1314 1037 1415 1084 quod
1437 1040 1553 1073 tenta-

111 1096 256 1139 vaus,
291 1106 335 1131 eo
366 1097 528 1132 maxime
557 1096 701 1138 nititur,
737 1095 838 1142 quod
866 1106 913 1130 ex
939 1105 1008 1142 que
1036 1095 1220 1141 particula
1251 1095 1404 1130 laudant
1435 1095 1550 1129 verbo

109 1150 238 1194 addita
261 1155 362 1198 patet
383 1152 486 1188 aliud
510 1152 766 1198 praecessisse
788 1151 1066 1199 praedicatum;
1098 1162 1228 1187 rursus
1249 1162 1296 1185 cx
1315 1150 1430 1187 nobile
1451 1149 1551 1185 adie-

109 1209 208 1245 ctivo
230 1208 418 1256 colligitur
438 1210 607 1253 verbum,
631 1208 732 1255 quod
756 1208 961 1253 intercidit,
987 1219 1069 1244 cum
1091 1209 1235 1244 obiecto
1258 1207 1376 1243 fuisse
1400 1207 1552 1242 coniun-

108 1269 220 1301 ctum.
257 1263 372 1300 Aliud
396 1270 532 1312 autem,
556 1276 667 1311 quam
688 1265 739 1310 id,
759 1265 861 1312 quod
884 1265 1093 1312 posuimus,
1115 1275 1227 1311 quum
1249 1263 1314 1299 vix
1333 1264 1552 1310 reperiatur,

109 1322 147 1357 in
175 1322 361 1358 sententia
388 1322 478 1358 satis
510 1321 710 1358 commoda
738 1321 1054 1368 acquiescendum
1085 1320 1321 1367 putavimus,
1351 1320 1411 1356 cui
1431 1330 1552 1365 neque

110 1379 266 1414 lacunae
291 1378 474 1424 spatium,
505 1389 625 1425 neque
649 1378 799 1415 dicendi
822 1390 913 1415 usus
936 1379 1165 1424 refragatum
1194 1387 1281 1425 nam
1312 1375 1553 1422 quemadmo-

111 1434 201 1471 dum
229 1434 363 1471 dicitur
392 1445 524 1482 yerere
550 1436 730 1479 animum,
761 1446 912 1480 curam,
941 1444 1098 1480 morem,
1127 1434 1334 1478 amiciciam,
1353 1433 1486 1476 odium,
1508 1443 1551 1468 ac

110 1491 259 1537 similia,
283 1492 337 1527 sic
358 1491 470 1527 etlam
491 1490 564 1527 dici
586 1503 701 1539 posse
718 1502 851 1539 yerere
872 1492 1029 1528 studium
1055 1491 1092 1526 in
1111 1493 1285 1538 promptu
1303 1493 1373 1526 est.

223 1548 321 1595 quod
344 1552 517 1584 suaserat
539 1547 689 1595 facere)
714 1549 771 1584 Ex
790 1548 852 1584 RE
873 1549 1039 1595 syllaba,
1061 1558 1158 1594 quae
1182 1547 1220 1582 in
1239 1546 1314 1582 fine
1335 1556 1471 1582 versus
1492 1547 1551 1584 14.

112 1608 304 1652 superest,
336 1604 440 1640 statis
470 1605 711 1651 probabiliter
737 1605 916 1641 coniicias
948 1604 1171 1640 infinitivum
1191 1603 1241 1639 ibi
1265 1603 1405 1647 suisse3
1441 1612 1550 1648 quem

112 1672 225 1708 quum
245 1671 404 1697 necesse
425 1661 472 1697 sit
500 1673 584 1696 cum
615 1661 679 1706 iis,
710 1672 806 1707 quae
830 1662 863 1697 ei
890 1661 1158 1704 adhaererent,
1188 1660 1373 1696 obiectum
1402 1658 1557 1694 laudan!

110 1716 217 1756 verbi
239 1717 491 1762 continuisse,
506 1717 584 1754 ,hoe
611 1721 710 1752 certe
731 1718 774 1753 iis
794 1721 1016 1764 praestatur,
1039 1717 1171 1763 quibus
1194 1716 1364 1752 lacunam
1387 1715 1554 1760 explevi-

113 1785 218 1819 mus,
250 1785 475 1821 quamquam
508 1773 614 1810 facile
643 1773 811 1810 concedo
846 1775 957 1810 etiam
987 1772 1088 1809 aliud
1109 1783 1131 1808 a
1153 1772 1328 1809 Sallustio
1355 1771 1467 1806 scribi
1487 1781 1552 1817 po-

112 1830 243 1866 tuisse.
271 1850 328 1868 —,-
356 1831 483 1866 Versu
505 1834 561 1868 15.
591 1831 664 1866 iam
687 1831 932 1878 Kreyssigius
963 1841 1011 1865 ex
1040 1828 1212 1875 vestigiis
1241 1825 1458 1864 PARSSTO

113 1892 312 1924 assecutus
334 1891 390 1923 est
409 1887 555 1923 stolidos
577 1887 615 1922 in
635 1890 737 1923 textu
753 1888 871 1923 fuisse
884 1916 893 1933 ,
923 1886 985 1934 qui
998 1884 1245 1933 prudentibus
1263 1886 1554 1931 opponerentur.

112 1943 216 1980 Idem
236 1944 378 1980 litteras
401 1970 410 1978 .
427 1971 436 1980 .
454 1970 463 1980 .
478 1943 550 1991 TS,
574 1955 669 1990 quae
691 1944 730 1979 in
749 1943 822 1980 fine
844 1955 979 1981 versus
1002 1946 1099 1987 sunt,
1119 1953 1167 1977 ex
1180 1940 1240 1977 ES
1260 1941 1321 1976 vel
1340 1939 1384 1977 IS
1404 1949 1557 1985 corrup-

114 2004 170 2037 tas
192 2011 279 2036 esse
299 2002 395 2037 benc
418 1999 523 2036 vidit.
551 2001 649 2045 Nos,
680 2000 810 2037 eadem
832 2012 873 2039 re
889 1999 1174 2043 animadversa,
1197 1999 1320 2033 locum
1338 1997 1388 2032 ita
1407 1995 1557 2031 refinxi-

113 2068 210 2102 mus,
237 2061 277 2093 ut
300 2068 399 2104 pars
427 2057 587 2093 stolida
618 2068 672 2092 ae
700 2058 714 2093 l
723 2059 802 2093 evis
834 2058 1103 2100 scriberemus,
1134 2054 1267 2101 quibus
1290 2053 1414 2091 verbis
1435 2062 1555 2088 novae

114 2114 389 2149 enunciationis
411 2113 630 2158 subiectum,
644 2114 890 2160 prudentibus
911 2112 1136 2160 oppositum,
1159 2110 1380 2146 continetur.
1400 2129 1456 2134 ——-
1484 2108 1556 2144 Ad-

109 2169 299 2216 fluentium
321 2170 440 2206 facilis
462 2174 518 2206 est
538 2181 586 2204 ex
606 2169 858 2206 ADFLUENT
876 2196 885 2205 .
909 2195 918 2205 .
939 2197 946 2205 .
978 2167 1204 2214 emendatio,
1233 2177 1346 2213 quum
1367 2176 1478 2202 versu
1499 2165 1556 2202 17.

114 2225 182 2262 AU
205 2251 302 2264 .....
323 2226 466 2262 litterae
489 2226 656 2262 dubitare
682 2237 756 2261 non
781 2226 923 2271 sinant,
952 2225 1040 2271 quin
1060 2222 1256 2260 AUXILIO
1279 2224 1415 2259 lectum
1436 2221 1555 2257 suerit.

116 2301 172 2306 ——
202 2281 382 2329 Undique,
407 2282 508 2328 quod
536 2281 776 2326 addidimus,
807 2293 916 2328 quam
947 2285 983 2316 et
1012 2291 1135 2316 rerum
1166 2279 1379 2316 condicioni
1405 2282 1440 2314 et
1459 2278 1558 2313 lacu-

67 2364 70 2368 .
118 2348 189 2374 nae
211 2339 331 2385 spatio
354 2339 511 2384 (quippe
529 2338 687 2382 UNDIQ·
709 2338 905 2386 scripturn)
925 2337 1135 2381 conveniat,
1156 2336 1308 2383 planum
1330 2338 1400 2370 est.
1428 2334 1557 2380 Neque

113 2396 222 2442 firmo
249 2394 451 2431 admodum
473 2393 637 2438 dubium,
659 2404 771 2440 quum
795 2393 905 2430 ..ΜΟ
929 2393 1104 2440 supersit.
1130 2409 1186 2416 —
1219 2391 1321 2436 Quae
1355 2394 1558 2437 sequuntur

116 2461 232 2487 suae
270 2452 421 2499 patriae
463 2451 662 2486 inmemor
698 2459 801 2485 esse
836 2454 910 2485 turn
946 2449 1218 2485 emendationis
1255 2447 1448 2491 facilitate,
1484 2450 1557 2481 tum

117 2507 235 2554 ipsius
266 2507 494 2550 sententiae,
528 2506 681 2553 opinor,
711 2506 864 2541 veritate
895 2505 1214 2542 commendantur.
1273 2503 1431 2539 Videtur
1460 2502 1556 2537 enim

119 2562 323 2609 Spartacus
347 2564 393 2599 de
414 2562 535 2599 reditu
558 2563 595 2598 in
614 2562 794 2609 patriam,
821 2563 927 2598 cuius
957 2562 1038 2608 ipse
1065 2560 1254 2598 desiderio
1285 2570 1427 2595 summo
1456 2561 1557 2593 tene-

116 2621 235 2663 batur,
259 2631 392 2657 servos
415 2619 713 2663 commonuisse3
747 2617 815 2654 sed
843 2629 954 2664 quum
986 2619 1038 2654 illi
1061 2617 1186 2655 stolidi
1206 2627 1249 2652 ac
1274 2617 1379 2652 leves
1400 2613 1491 2650 nihil
1512 2624 1557 2648 eo

119 2675 168 2712 ad
207 2686 339 2712 sanum
377 2676 573 2712 consilium
609 2673 840 2721 sequendum
869 2679 1130 2718 moverentur,
1170 2673 1260 2709 satis
1288 2672 1362 2707 iam
1392 2675 1488 2706 tutos
1517 2681 1558 2706 se

118 2742 204 2768 esse
227 2731 308 2777 rati,
332 2731 440 2768 facile
460 2730 688 2779 intelligitur,
710 2740 775 2766 cur
787 2730 936 2777 patriae
954 2731 1181 2767 immemores
1203 2728 1318 2764 fuisse
1343 2725 1527 2762 dicantur.
