1774 3002
490 161 817 200 fflS'rORlARUM
844 161 1143 199 FRAGMENTA
1170 162 1395 199 INCERTA.
1569 157 1653 201 387

269 312 286 316 ⁴
350 291 419 333 64.
470 287 617 348 Atque
646 301 700 332 ea
714 291 942 347 -cogentes
966 301 1055 332 non
1077 289 1278 342 coactos,
1308 286 1523 332 scelestos
1555 301 1654 332 ma-

213 370 285 430 gis
313 383 442 430 quam
472 370 657 415 miseros
684 370 899 430 distringi.

268 490 277 497 ,
347 451 415 498 65.
469 453 580 498 Dum
610 452 789 500 inferior
818 452 933 498 omni
965 452 1038 498 via
1067 455 1360 512 grassaretur.

327 540 416 581 66.
471 535 526 580 Ut
555 538 675 581 tanta
707 539 885 596 repente
924 535 1104 580 mutatio
1142 549 1230 579 non
1266 535 1362 580 sine
1402 535 1486 584 deo
1524 536 1653 582 vide-

212 620 343 664 retur.

245 731 248 735 ι
291 714 310 731 ³
346 704 415 748 67.
469 701 603 756 Fecit,
633 706 681 747 ut
703 702 872 748 nunciis
900 702 1129 748 confestim
1153 701 1428 762 lugubribus.

324 836 499 886 Sequitur
518 839 746 875 lacertorum
763 840 889 886 quinta
911 840 1058 884 classis,
1075 840 1210 886 quibus
1227 839 1368 874 Iactum
1390 838 1543 886 aliquod
1564 851 1652 875 con-

214 893 370 937 tinetur,
388 895 495 941 ,quod
511 888 583 942 qub
603 895 820 941 pertinuerit
839 894 985 931 definiri
1007 906 1081 930 non
1101 899 1235 942 potest.

326 950 385 985 Fr.
406 953 466 989 63.
497 951 624 996 [Deest
648 951 750 997 apud
772 950 870 988 Cort.
895 956 930 988 et
951 952 1062 988 Debr.
1083 973 1142 980 —-
1161 951 1259 988 Gerl.
1281 951 1344 988 ed.
1370 952 1458 988 mai.
1481 952 1566 987 Vol.
1588 952 1651 989 111.

212 1017 251 1052 p.
278 1007 356 1044 148.
385 1018 422 1042 n.
443 1010 523 1045 244.
544 1007 604 1043 ed.
627 1008 715 1043 min.
738 1007 805 1052 111,
827 1011 885 1046 93.
907 1019 946 1054 p.
974 1010 1056 1051 224,
1084 1008 1134 1052 7.]
1157 1007 1247 1044 Gell.
1275 1008 1338 1052 IX,
1367 1012 1423 1053 12,
1456 1013 1550 1045 extr.
1582 1010 1654 1046 Ea-

214 1061 299 1112 dem
319 1062 431 1099 habet
448 1065 558 1101 etiam
580 1064 677 1100 Non.
698 1063 751 1109 ΙΙ,
771 1066 854 1102 465.
874 1075 912 1111 p.
935 1067 1014 1109 129,
1036 1068 1095 1102 20.
1115 1065 1294 1108 Meroen,
1320 1064 1389 1100 sed
1408 1065 1503 1102 salso
1525 1066 1654 1103 laudat

214 1129 261 1154 ex
286 1117 502 1166 Iugurthino
530 1120 655 1164 bello,
680 1131 753 1166 quo
782 1119 927 1156 seducti
964 1123 1049 1156 sunt
1079 1119 1264 1165 editores,
1293 1125 1333 1156 ut
1358 1121 1439 1168 lug.
1465 1122 1590 1160 locum
1618 1135 1651 1159 c.

211 1173 337 1220 XCIII,
352 1178 390 1214 3.
410 1186 511 1213 more
529 1177 651 1223 inqeni
666 1176 820 1212 humani
843 1177 975 1224 cupido
994 1176 1163 1224 difficdia
1186 1176 1361 1224 stt-effundi
1383 1179 1546 1214 animm
1566 1190 1652 1216 vor-

213 1230 271 1275 tit,
299 1230 444 1278 respici·
465 1236 657 1279 putarent,
688 1244 798 1279 quem
820 1244 985 1269 errorem
1013 1233 1063 1269 ibi
1081 1245 1121 1280 p.
1148 1236 1230 1273 496.
1254 1234 1344 1270 satis
1373 1234 1648 1282 redarguimus.

211 1285 357 1322 Vitiose
389 1289 500 1324 etiam
527 1289 672 1324 Nonius
695 1299 821 1326 amore
847 1291 1002 1336 praebet
1030 1300 1099 1336 pro
1128 1300 1241 1326 more.
1272 1290 1376 1335 Quae
1405 1302 1543 1328 caussa
1564 1291 1653 1327 Ger-

213 1342 376 1378 lachium
395 1343 591 1391 impulerit,
614 1348 653 1380 ut
670 1346 774 1381 tertio
793 1346 885 1382 libro
895 1346 1159 1393 Fragmentum
1179 1347 1376 1391 insereret,
1393 1358 1468 1383 non
1490 1353 1628 1395 exputo
1639 1359 1651 1394 ;

214 1409 334 1445 neque
360 1400 458 1435 enim
478 1411 526 1436 ex
546 1401 672 1437 verbis
693 1402 807 1448 ipsis,
825 1412 947 1448 neque
971 1402 1121 1442 aliunde
1145 1404 1207 1438 vel
1226 1403 1459 1440 levissimum
1489 1405 1652 1452 explica-

213 1454 323 1491 tionis
340 1455 558 1502 prodendae
579 1457 831 1495 adiumentum
851 1456 928 1504 peti
940 1459 1078 1505 potest.

325 1511 385 1550 Fr.
406 1515 463 1551 64.
509 1513 624 1559 [Cort.
653 1525 692 1561 p.
720 1516 823 1552 1007.
855 1514 951 1550 Gerl.
984 1514 1045 1551 ed.
1074 1515 1160 1551 mai.
1190 1516 1266 1551 Inc.
1287 1521 1367 1556 110.
1390 1517 1452 1553 ed.
1476 1519 1566 1554 min.
1586 1518 1652 1565 IV,

213 1570 270 1606 24.
293 1578 331 1615 p.
359 1570 440 1614 227,
463 1569 523 1608 19.
562 1570 671 1606 Debr.
698 1571 725 1615 1,
747 1571 889 1612 37.1V‚
912 1568 985 1619 13.]
1041 1571 1174 1607 Donat.
1194 1572 1244 1608 ad
1263 1572 1348 1609 Ter.
1371 1566 1595 1622 Hecyr.1’V‚
1618 1579 1650 1619 1,

212 1626 269 1662 21.
299 1623 495 1671 Quoniam,
517 1626 608 1673 quid
627 1626 814 1673 significet
833 1627 1012 1675 dtis-iringi,
1032 1628 1206 1664 constitui
1226 1630 1365 1676 nequit,
1388 1641 1509 1678 neque
1527 1632 1650 1678 magis

212 1683 313 1727 patet
332 1691 405 1728 quo
428 1692 472 1718 ea
488 1683 680 1730 pertineat,
703 1687 767 1719 aut
783 1683 829 1718 de
850 1683 984 1729 quibus
1004 1688 1132 1720 auctor
1151 1686 1336 1732 loquatur,
1353 1678 1474 1723 om'nis
1495 1692 1651 1724 conatus

212 1736 307 1772 haec
334 1738 453 1774 verba
486 1739 750 1786 interpretandi
781 1740 917 1776 frustra
944 1743 1011 1776 est.
1062 1741 1186 1785 Quare
1219 1753 1359 1789 operae
1384 1754 1459 1779 non
1491 1749 1548 1781 est
1567 1756 1651 1791 pre-

216 1793 303 1828 tium
322 1793 516 1832 Debrossii
540 1800 575 1831 et
595 1795 780 1832 Gerlachii
803 1797 1071 1832 alucinationes
1088 1798 1273 1834 refellere.

325 1849 385 1885 Fr.
405 1854 463 1889 65.
509 1851 623 1897 [Cort.
651 1863 691 1898 p.
711 1853 814 1890 1007.
843 1851 939 1887 Gerl.
965 1852 1027 1888 ed.
1054 1854 1141 1889 mai.
1171 1854 1247 1893 Ine.
1269 1859 1349 1893 105.
1382 1856 1442 1892 ed.
1462 1858 1551 1892 min.
1573 1857 1650 1894 Ine.

215 1908 274 1943 ³0.
293 1916 331 1951 p.
354 1908 436 1950 237,
454 1911 511 1944 20.
546 1907 658 1943 Debr.
678 1906 722 1952 11,
742 1910 801 1945 58.
823 1908 867 1951 Π,
889 1909 965 1952 61.]
1022 1909 1185 1945 Maerob.
1223 1911 1269 1946 de
1302 1910 1426 1947 differ.
1456 1918 1493 1949 et
1520 1914 1650 1950 societ.

215 1972 273 2007 gr.
303 1961 446 2008 latiniq.
477 1964 597 1999 verbi.
627 1975 667 2009 p.
694 1966 775 2002 693.
809 1962 871 1998 ed.
900 1963 1063 2000 Gronov.
1086 1964 1307 2015 Gerlachius
1326 1968 1413 2003 Vol.
1432 1969 1493 2004 III.
1513 1981 1552 2017 p.
1569 1973 1651 2009 133.

155 2032 161 2033 ’
216 2017 331 2054 verba
359 2017 413 2053 sic
434 2018 713 2066 interpretatur:
750 2031 888 2066 „quum
921 2020 1062 2056 viribus
1093 2021 1272 2059 infirmior
1298 2025 1423 2061 omnia
1448 2025 1653 2070 lentarel;“

216 2073 285 2108 sed
307 2073 554 2117 incertissima
575 2075 815 2119 sunt‘omnia,
836 2086 949 2122 quum
982 2077 1020 2112 in
1050 2077 1208 2125 singulis
1237 2081 1338 2116 nullo
1360 2086 1471 2128 pacto
1501 2081 1653 2119 decerni

214 2129 347 2175 possit,
369 2134 490 2166 utrum
506 2132 657 2178 proprie
677 2142 726 2168 an
745 2132 922 2168 translate
946 2132 1045 2169 dicta
1066 2134 1150 2170 sint.

326 2185 387 2221 Fr.
407 2188 466 2225 66.
506 2185 621 2235 [Cort.
646 2199 684 2234 p.
706 2191 808 2226 1006.
846 2187 947 2224 Gerl.
967 2189 1029 2225 ed.
1050 2191 1137 2226 mai.
1160 2192 1236 2227 Inc.
1253 2194 1313 2231 78.
1333 2193 1395 2229 ed.
1416 2194 1507 2230 min.
1528 2194 1571 2239 ΙΙ,
1595 2197 1651 2233 57.

216 2252 254 2288 p.
276 2244 356 2287 204,
378 2246 412 2280 5.
425 2242 533 2280 Debr.
553 2244 596 2287 ΙΙ,
619 2241 717 2292 130.]
741 2244 870 2280 Donat.
891 2245 941 2280 ad
959 2245 1045 2282 Ter.
1072 2246 1167 2284 Eun.
1190 2247 1251 2292 111,
1269 2252 1305 2293 2,
1326 2252 1385 2288 36.
1425 2249 1568 2289 Eadem
1587 2251 1652 2287 ha-

216 2299 277 2332 bet
292 2296 402 2334 Serv.
425 2298 474 2338 ad
486 2299 592 2347 virg.
616 2299 711 2336 Aen.
733 2300 776 2346 Π,
796 2303 891 2345 632,
923 2302 992 2338 sed
1019 2302 1099 2338 sine
1119 2308 1269 2351 repenle
1289 2317 1397 2343 voce.
1446 2307 1550 2351 Quae
1574 2319 1654 2343 mu-

216 2353 305 2388 tatio
327 2353 570 2402 intelligenda
589 2356 637 2392 sit
654 2356 819 2403 ineptum
838 2361 895 2393 est
914 2358 1070 2394 definire
1090 2361 1198 2403 velle,
1221 2371 1446 2409 quamquam
1456 2362 1649 2399 Debrossii

218 2414 254 2444 et
277 2409 463 2446 Gerlachii
483 2412 615 2448 levitas
629 2423 697 2459 pro
717 2413 909 2464 explorato
927 2414 1041 2451 habet
1061 2415 1108 2451 de
1128 2416 1354 2454 Sertorianis
1375 2419 1551 2456 militibus
1568 2423 1651 2455 ante

215 2475 382 2511 pugnam
401 2466 503 2512 apud
523 2467 729 2515 Saguntum
748 2473 901 2515 repente
930 2482 1068 2518 magno
1098 2473 1223 2509 animo
1242 2475 1414 2510 accensis
1433 2474 1529 2512 haee
1554 2475 1652 2511 dicta

216 2531 316 2568 esse.
376 2520 546 2560 Ceterum
574 2522 858 2561 Serviusrecte
887 2529 1064 2564 observat
1090 2528 1196 2565 deum
1216 2530 1347 2566 latiore
1373 2542 1490 2567 sensu
1511 2531 1652 2578 signifi-

216 2587 304 2612 care
324 2587 457 2614 numen
476 2579 645 2627 divinum,
665 2581 727 2617 vet
746 2582 818 2617 vim
836 2585 968 2619 summi
983 2585 1153 2620 numinis.

326 2633 385 2669 Fr.
403 2635 461 2672 67.
475 2634 588 2680 [Cort-
599 2638 732 2683 p.998.
745 2635 842 2674 Gerl.
859 2638 919 2673 ed.
939 2631 1028 2675 mai.
1043 2640 1118 2676 Inc.
1134 2643 1171 2678 8.
1190 2640 1249 2676 ed.
1264 2643 1355 2677 min.
1373 2642 1448 2679 Inc.
1464 2646 1487 2680 8
1516 2654 1554 2689 p.
1569 2644 1652 2686 237,

214 2691 250 2726 6.
267 2689 377 2725 Debr.
398 2690 443 2735 V,
466 2691 541 2736 19.]
563 2690 707 2728 Charis.
727 2693 770 2737 Π,
792 2697 846 2739 14,
866 2697 923 2733 36.
945 2706 983 2741 p.
1004 2697 1084 2734 116.
1099 2695 1269 2742 Lindem.
1290 2699 1344 2745 (p.
1368 2699 1447 2736 176.
1467 2698 1651 2742 Putsch.).

326 2745 384 2783 Fr.
405 2749 464 2785 68.
486 2746 614 2792 [Deest
638 2758 700 2795 ap.
723 2747 819 2784 Cort.
842 2754 878 2784 et
899 2747 1006 2787 Debr.
1030 2771 1083 2778 -—
1108 2751 1207 2788 Gerl.
1229 2751 1289 2792 ed.
1306 2754 1393 2789 mai.
1418 2753 1503 2789 Vol.
1531 2753 1590 2791 111.
1610 2765 1651 2801 p.

1286 2804 1340 2846 25
1353 2809 1375 2833 t
