1774 3002
148 152 204 194 98
631 156 671 193 C.
705 155 936 195 SALLUSTI
968 157 1120 196 CRISPI
1178 158 1182 160 ’

287 281 356 325 67.
412 279 611 326 Ardebat
645 279 787 326 omnis
826 280 1039 341 Hispania
1075 280 1262 328 citerior.

286 367 354 409 68.
410 362 466 408 Et
511 378 615 410 mox
662 363 861 410 Fufidius
887 364 1149 410 -adveniens
1193 378 1294 410 cum
1333 363 1599 424 legionibus,

150 448 386 507 postquam
421 447 567 492 tantas
610 447 895 507 asperitateS,
938 447 1055 494 haud
1093 448 1265 494 facilem
1300 447 1601 509 pugnantibus

148 528 332 585 vadum,
372 532 528 586 cuncta
564 529 680 576 hosti
716 546 846 592 quam
884 531 977 576 suis
1015 532 1333 591 opportuniora
1359 531 1492 578 videt.

260 665 321 702 Fr.
346 666 405 703 67.
452 664 570 710 [Cort.
598 677 637 713 p.
666 668 749 705 955.
787 667 887 703 Gerl.
916 667 978 706 cd.
1004 668 1093 704 mai.
1125 668 1152 713 Ι,
1171 670 1232 707 46.
1260 669 1319 706 ed.
1345 669 1437 705 min.
1469 667 1496 712 Ι,
1517 671 1601 706 112.

149 733 186 770 p.
209 724 289 767 198,
309 724 347 759 8.
371 721 483 758 Debr.
503 722 547 768 Π,
567 723 621 767 3.]
665 723 850 760 victorin.
875 724 913 759 in
937 723 1013 760 Cic.
1033 723 1186 761 Rhetor.
1207 725 1238 761 1.
1263 735 1302 772 p.
1322 729 1359 764 5.
1379 724 1494 762 Orell.
1545 723 1600 760 De

149 780 248 816 bello
281 779 318 814 in
338 778 520 825 Hispania
542 790 688 815 summa
716 781 753 816 vi
780 777 881 816 moto
911 791 1124 817 sermonem
1145 791 1233 817 esse
1255 792 1332 818 non
1353 785 1411 818 est
1432 781 1599 825 dubium,

151 845 378 882 quamquam
411 835 448 870 in
478 836 542 871 tali
577 837 763 873 sententia
791 847 815 872 a
842 837 977 873 ceteris
1008 838 1252 884 scriptoribus
1280 849 1357 875 non
1386 837 1600 885 simpliciter

149 891 306 937 ardere,
342 890 413 927 sed
439 892 577 928 ardere
608 892 727 929 bello
759 892 916 939 dicitur3
956 894 1004 929 cf.
1037 893 1112 931 Cic.
1139 895 1234 942 Epp.
1267 895 1318 932 ad
1345 895 1458 931 Attic.
1484 894 1533 938 V,
1563 896 1601 932 6.

150 947 269 992 Quum
287 948 487 984 arderet
506 948 619 996 Syria
640 949 792 986 bello.
827 950 910 987 Liv.
929 949 1095 996 XXVIII,
1121 953 1178 995 14,
1199 954 1266 990 15.
1289 951 1374 988 Non
1393 950 1604 990 dubitabant

150 1009 260 1041 totam
287 1004 511 1051 Hispaniam
539 1015 764 1042 arsuram
795 1007 938 1048 bella.-
975 1006 1067 1043 ibid.
1097 1007 1230 1053 XXXI,
1255 1013 1311 1052 11,
1333 1012 1391 1046 10.
1419 1008 1483 1044 ubi
1511 1007 1601 1043 Dra-

147 1060 357 1097 kenborch.
381 1062 492 1108 plura
519 1063 723 1108 congessit.
776 1062 853 1099 Sed
882 1067 1025 1099 rectum
1052 1063 1081 1099 F
1083 1068 1277 1111 ragmento
1305 1065 1428 1100 locum
1454 1074 1514 1099 me
1541 1074 1601 1099 as-

150 1118 326 1164 signasse
347 1128 422 1153 non
444 1128 514 1164 pro
537 1122 638 1154 certo
661 1118 951 1164 affirmaverim3
975 1119 1057 1155 fieri
1078 1121 1175 1155 enim
1196 1121 1328 1167 potuit,
1349 1124 1389 1156 ut
1401 1119 1600 1157 Sallustius

149 1173 246 1209 haec
270 1174 345 1210 iam
368 1185 484 1221 supra
506 1173 718 1220 exhiberet,
743 1177 824 1221 ubi,
845 1175 949 1211 finita
973 1177 1186 1212 narratione
1209 1177 1258 1213 de
1278 1176 1410 1224 Lepidi
1440 1177 1478 1212 in
1495 1176 1602 1212 Italia

149 1231 326 1274 tumultu,
354 1232 517 1278 primum
538 1230 586 1266 de
612 1233 724 1268 rebus
745 1232 962 1279 Hispanicis
987 1231 1114 1269 dicere
1143 1234 1281 1279 coepit.
1319 1234 1515 1280 Utcunque
1536 1242 1600 1268 au-

150 1291 225 1322 tem
245 1291 323 1331 est,
360 1291 460 1323 certe
481 1287 544 1324 hic
567 1299 715 1335 quoque
737 1289 812 1335 legi
834 1293 1034 1335 potuerunt
1052 1291 1189 1335 verba,
1219 1291 1282 1326 ubi
1310 1290 1424 1326 initiis
1444 1289 1600 1326 Sertorii

147 1344 330 1390 expositis
343 1371 352 1388 ‚
373 1344 424 1380 ad
445 1348 622 1391 quantum
649 1345 787 1381 bellum
806 1356 895 1381 mox
913 1356 1137 1392 processum
1167 1347 1234 1391 sit,
1269 1347 1414 1384 auctori
1445 1356 1602 1382 narran-

149 1399 238 1435 dum
260 1400 341 1436 fuit.

259 1457 321 1495 Fr.
351 1459 409 1495 68.
461 1455 579 1501 [Cort.
607 1468 645 1503 p.
667 1460 750 1496 955.
785 1457 885 1494 Gerl.
914 1456 976 1493 ed.
1005 1458 1093 1494 mai.
1124 1458 1151 1502 Ι,
1174 1461 1234 1496 52.
1260 1458 1325 1494 ed.
1354 1459 1445 1494 min.
1467 1458 1495 1504 1,
1517 1461 1599 1497 115.

147 1524 187 1560 p.
209 1516 290 1558 198,
310 1517 366 1551 11.
390 1513 499 1549 Debr.
521 1514 548 1558 1,
569 1514 646 1558 24]
687 1514 830 1551 Nonius
853 1514 912 1559 ΙΙΙ,
933 1517 1016 1553 265.
1038 1525 1076 1560 p.
1098 1517 1182 1559 231,
1199 1516 1257 1553 17.
1272 1514 1446 1560 Meu-cer„
1471 1514 1542 1551 sed
1560 1516 1599 1551 in

149 1571 276 1616 aliqua
291 1568 404 1606 codd.
421 1573 526 1616 parte
543 1575 717 1616 corrupte
734 1574 791 1607 est
803 1569 992 1617 Stipidius.
1025 1571 1175 1618 Lipsius
1191 1571 1230 1606 in
1243 1571 1414 1618 Epistoll.
1431 1571 1599 1616 Quaestt.

148 1626 211 1670 IV,
235 1628 291 1664 14.
323 1637 362 1672 p
385 1628 469 1664 295.
498 1625 579 1671 (ed.
611 1637 645 1662 a.
671 1628 795 1671 1600.)
842 1627 1010 1673 Aufidius
1046 1627 1290 1664 scribendum
1325 1628 1490 1673 censuit,
1525 1638 1600 1664 non

149 1682 240 1718 satis
273 1683 546 1729 circumspecte
575 1682 763 1718 Plutarchi
794 1683 1007 1718 testimonio
1035 1694 1148 1728 usus,
1183 1683 1288 1730 apud
1304 1695 1424 1746 quem
1454 1685 1494 1719 in
1513 1683 1600 1730 Ser-

149 1739 244 1774 torio
269 1749 302 1774 c.
327 1741 385 1776 12.
413 1737 510 1775 haec
534 1739 731 1786 leguntur:
760 1731 916 1775 Κότταν
933 1733 1006 1787 μὲν
1028 1733 1071 1775 ἕν
1087 1738 1145 1789 τῷ
1163 1749 1236 1790 περ
1238 1730 1346 1803 ὶτὴν
1349 1726 1601 1804 Μελλαρίαν

146 1793 322 1846 πορθμῷ
347 1787 763 1856 κατεναυμάχησέ
789 1804 902 1842 που,
937 1791 1123 1832 Φίδιον
1151 1790 1214 1844 δὲ,
1244 1788 1316 1832 τὸν
1343 1807 1518 1860 αρχοντα
1532 1794 1602 1845 τῆς

150 1850 361 1900 Βαιτικῆς,
394 1846 486 1901 περὶ
511 1842 581 1888 τὸν
610 1851 751 1888 Βαῖτιν
777 1846 986 1904 ἐτρέψατο,
1016 1848 1228 1900 δισχιλίους
1254 1842 1488 1897 ἀποκτείνας
1506 1843 1599 1888 Ῥω-

147 1905 288 1956 μαίων.
351 1907 448 1944 Nam
478 1907 515 1943 in
548 1912 724 1956 promptu
753 1912 812 1945 est
847 1918 928 1945 που
961 1909 1155 1953 voculam,
1196 1909 1321 1956 inepte
1355 1909 1599 1957 praecedenti

147 1966 265 2001 verbo
304 1963 592 2009 adhaerentem,
636 1965 799 2002 nominis
830 1964 974 2012 proprii
1006 1968 1153 2012 partem
1186 1973 1296 2010 esse,
1341 1968 1600 2012 commateque

147 2025 235 2068 post
267 2013 585 2070 κατεναυμάχησε
610 2022 735 2069 posito
758 2018 989 2069 Πονφίδιον
1018 2023 1080 2058 vel
1106 2022 1232 2068 potius
1257 2018 1485 2070 Φουφίδιον
1510 2021 1600 2058 scri-

148 2077 311 2114 bendum
343 2088 451 2122 esse,
489 2078 806 2124 quemadmodum
835 2077 1062 2115 Sintenisius
1087 2081 1190 2114 recte
1221 2079 1320 2115 fecit.
1373 2077 1428 2114 De
1455 2077 1602 2124 Fufidio

148 2144 185 2170 v.
211 2133 260 2169 ad
274 2133 425 2180 Fragm.
447 2133 473 2176 Ι,
495 2137 555 2179 45,
575 2137 634 2172 21.
658 2135 745 2170 coll.
767 2133 994 2171 Ruhnkenio
1016 2133 1064 2170 ad
1078 2133 1178 2170 Vell.
1194 2134 1237 2179 II,
1254 2137 1311 2179 16,
1327 2137 1363 2173 2.
1401 2134 1444 2170 In
1464 2134 1599 2170 ceteris

148 2190 247 2226 bene
269 2189 366 2225 vidit
385 2190 535 2236 Lipsius
558 2189 727 2227 Sallustii
758 2192 874 2228 verba
893 2190 941 2226 ad
961 2201 1128 2237 pugnam
1149 2190 1251 2237 apud
1272 2190 1419 2227 Baetim
1444 2189 1600 2227 fluvium

150 2245 391 2283 commissam
419 2246 628 2292 pertinere,
661 2248 800 2294 quippe
829 2246 878 2282 de
906 2257 981 2293 qua
1011 2257 1053 2282 re
1080 2257 1155 2282 non
1183 2247 1353 2284 dubitare
1376 2247 1474 2283 sinat
1494 2246 1603 2283 vadi

149 2302 254 2340 haud
280 2302 405 2350 facil&
428 2302 679 2350 pugnantibus
709 2303 862 2339 mentio.
905 2322 961 2329 --
1002 2303 1073 2338 Pro
1103 2305 1322 2350 asperitates
1348 2303 1459 2340 Nonii
1485 2302 1599 2340 codd.

149 2359 290 2396 habent
308 2360 452 2407 spiras,
483 2369 600 2395 sensu
617 2368 775 2405 prorsus
799 2360 946 2403 alieno3
983 2359 1196 2395 emendatio
1219 2371 1242 2396 a
1263 2359 1442 2397 Carrione
1461 2370 1599 2407 propo-

152 2417 224 2452 sita
253 2416 346 2452 satis
378 2418 482 2451 certa
500 2415 649 2452 videtur
671 2419 706 2451 et
723 2416 820 2451 bene
843 2415 1015 2462 congruit
1039 2426 1124 2452 cum
1146 2415 1313 2453 Sallustii
1335 2416 1486 2453 dicendi
1506 2425 1597 2459 usu;

151 2483 191 2509 v.
213 2471 263 2508 ad
283 2472 365 2519 Ing.
387 2483 421 2508 c.
439 2471 573 2517 XXIX,
594 2476 630 2511 1.
650 2482 690 2519 p.
712 2474 791 2510 164.
819 2491 875 2496 —
911 2471 1038 2508 Vadas
1057 2473 1268 2512 masculino
1285 2483 1432 2520 vgenere
1458 2471 1597 2508 dictum

150 2528 301 2565 videtur
321 2540 369 2564 ex
385 2531 514 2577 prisco
534 2527 788 2565 Romanorum
806 2538 903 2573 usu;
926 2540 965 2565 v.
983 2527 1207 2566 Schneideri
1225 2529 1386 2565 Gramm.
1402 2529 1483 2564 Lat.
1499 2528 1543 2573 Π,
1562 2532 1596 2566 1.

149 2596 189 2633 p.
209 2587 304 2630 470„
337 2587 399 2632 qui
419 2590 544 2622 tamen
562 2584 676 2622 huius
694 2584 870 2622 vocabuli
887 2585 1024 2621 oblitus
1046 2588 1114 2621 est.

262 2641 324 2678 Fr.
358 2645 418 2681 69.
467 2640 582 2687 [Cort.
609 2653 648 2689 p.
666 2644 749 2681 954.
778 2641 876 2677 Gerl.
903 2641 963 2678 ed.
988 2642 1077 2677 mai.
1105 2641 1133 2686 Ι,
1157 2644 1219 2680 38.
1246 2639 1308 2677 ed.
1334 2640 1424 2676 min.
1453 2639 1480 2684 Ι,
1515 2642 1598 2678 104.

149 2708 189 2745 p.
211 2701 292 2744 198,
316 2703 352 2736 1.
374 2698 485 2735 Debr.
507 2698 550 2742 ΙΙ,
572 2696 670 2747 118.]
705 2697 887 2734 Priscian.
907 2697 954 2742 X,
977 2699 1010 2742 7,
1032 2701 1092 2736 38.
1117 2709 1157 2746 p.
1177 2701 1259 2736 500.
1277 2696 1342 2732 Kr.
1371 2701 1408 2732 et
1426 2696 1599 2732 Diomed.

146 2766 187 2802 p.
207 2757 291 2794 370.
315 2754 487 2798 Putsch.;
520 2760 718 2801 praeterea
738 2753 894 2791 Servius
928 2755 977 2791 ad
999 2755 1271 2802 Virg.'Georg.
1294 2753 1338 2797 Π,
1362 2755 1445 2793 384.
1470 2752 1599 2790 laudat
