1774 3002
133 151 216 195 1OE
619 155 661 192 C.
696 155 927 194 SALLUSTI
957 156 1109 195 CRISPI

270 284 337 328 74.
393 280 449 326 Et
468 279 672 340 Diponen
701 280 894 327 validam
916 281 1069 328 urbem
1104 282 1269 330 multos
1297 282 1394 330 dies
1411 285 1589 331 restan-

133 368 223 412 tem
249 364 494 427 pugnando
520 362 668 409 vincit.

132 504 282 549 nititur3
320 512 406 539 nam
428 500 531 549 apud
549 500 710 537 Nonium
730 502 821 550 XII,
842 506 901 541 48.
927 507 985 540 est
1003 505 1174 540 stantium
1191 506 1250 542 vel
1272 506 1439 551 statium3
1473 507 1588 543 altero

134 563 258 598 autem
278 561 363 596 loco
383 569 453 606 pro
480 559 704 603 instantium,
729 559 830 606 quod
850 559 939 596 edd.
959 560 1111 606 habent,
1126 562 1163 596 in
1181 561 1266 597 eod.
1283 562 1401 599 Paris.
1423 562 1471 599 A.
1487 567 1589 600 recte

132 618 269 664 legitur
297 616 535 652 adstantium.
578 616 780 651 Praeterea
800 617 851 651 ad
869 617 1025 653 medium
1047 617 1094 653 de
1116 618 1358 655 attollentimn
1374 620 1589 667 corporibus

134 674 343 721 intelligere
364 673 430 708 vix
446 672 585 718 patitur
603 673 806 709 verborum
830 672 946 718 ordo,
982 674 1019 709 in
1043 675 1105 710 tali
1127 675 1312 711 sententia
1342 675 1452 712 nimis
1473 677 1590 724 impe-

134 730 256 775 ditus,
277 733 314 765 et
340 728 549 776 quaesitam
569 728 789 765 relationem
814 729 967 779 minime
990 729 1191 767 adiuvans.
1244 730 1323 768 Sed
1337 743 1494 779 prorsus
1515 734 1589 770 alia

134 790 192 823 est
218 784 493 822 enunciationis
520 785 791 829 conformatio;
830 796 917 822 nam
937 787 1109 834 bipartita
1128 787 1285 824 habetur
1307 789 1509 834 sententia,
1540 802 1588 826 ex

135 843 271 880 eodem
294 843 411 879 verbo
431 841 622 888 pendens,
651 841 701 877 ad
722 842 831 878 cuius
844 842 1010 889 priorem
1034 847 1180 890 partem
1193 860 1207 889 ,⁷
1218 853 1295 892 per
1311 846 1482 882 calonum
1502 856 1588 883 cor-

127 910 229 948 pora
248 899 301 935 ad
317 898 514 935 medium
535 899 653 945 quasi,
678 909 727 934 ex
747 900 990 945 sequentibus
1011 899 1262 947 supplendum
1282 904 1340 938 est
1364 913 1511 939 murum
1531 906 1587 938 at-

134 957 283 1001 tollimr,
304 956 461 992 alterum
479 958 603 991 autem
625 956 833 991 membrum
847 956 931 992 dein
951 956 1135 1003 particula
1164 957 1331 1003 infertur,
1363 958 1425 1003 ita,
1456 962 1496 995 ut
1524 960 1587 995 illo

132 1014 300 1060 incepta,
318 1012 391 1048 hoc
403 1011 586 1059 perfecta·
600 1012 778 1047 ascensio
801 1011 1027 1049 declaretur.
1086 1014 1164 1050 Iam
1194 1024 1297 1050 nexu
1320 1015 1586 1052 sententiarum

133 1069 298 1106 indi-cato
319 1068 367 1104 de
398 1068 558 1115 singulis
580 1067 795 1104 videamus.
853 1068 1018 1105 Medium
1038 1070 1149 1116 igitur
1168 1080 1394 1117 quamquam
1416 1073 1587 1108 substan-

134 1126 212 1163 tive
241 1125 406 1173 positum
428 1128 555 1160 tamen
583 1124 631 1160 de
651 1135 758 1160 muro
781 1134 868 1161 esse
889 1125 1116 1172 capiendum
1141 1137 1203 1163 res
1223 1126 1307 1174 ipsa
1328 1127 1456 1172 docet,
1471 1131 1587 1176 parte

134 1183 230 1220 muri
251 1182 427 1230 opposita
445 1182 508 1218 toti
522 1181 604 1218 sive
622 1192 729 1217 muro
743 1182 836 1228 apsi,-
857 1193 979 1229 neque
995 1182 1219 1219 insolentem
1239 1194 1327 1220 esse
1349 1186 1586 1230 structuram,

134 1250 209 1287 qua
235 1238 471 1287 praecedens
493 1238 718 1274 vocabulum
748 1249 796 1274 ex
817 1242 995 1285 sequente
1022 1240 1145 1276 lucem
1164 1240 1321 1287 accipit,
1352 1241 1586 1278 ostendimus

133 1296 184 1333 ad
206 1294 312 1332 Catil.
343 1307 375 1331 c.
396 1295 451 1341 LI,
475 1297 535 1333 38.
564 1314 613 1320 —
637 1293 764 1338 Quasi,
789 1295 838 1331 ad
861 1296 1018 1332 medium
1036 1295 1250 1343 pertinens,
1275 1297 1466 1344 significat
1488 1298 1586 1346 fere,

133 1354 303 1393 circircu-
325 1352 375 1388 οἳ.
395 1351 457 1388 Fr.
477 1351 546 1396 111,
563 1353 622 1388 26.
653 1351 718 1394 IV,
738 1353 798 1389 49.
817 1355 916 1388 etv.
942 1352 991 1388 ad
1012 1352 1150 1399 lugnc.
1170 1353 1342 1398 XLVIII,
1372 1356 1409 1392 3.
1439 1365 1478 1401 p
1501 1356 1584 1392 274.

131 1410 175 1447 Id
200 1420 276 1446 non
307 1411 503 1446 assecutus
530 1404 738 1443 Mercerius
765 1418 836 1454 pro
862 1410 971 1455 quasi
993 1409 1155 1446 coniecit
1179 1410 1308 1452 evasit,
1338 1413 1379 1446 ut
1396 1410 1470 1446 hoe
1500 1421 1585 1446 ver-

132 1467 222 1503 bum
263 1464 514 1530 responderet
550 1463 721 1511 sequenti
758 1465 956 1506 attonitum
1001 1465 1103 1512 quod
1142 1476 1210 1513 per
1250 1475 1298 1503 se
1331 1477 1406 1502 non
1446 1467 1584 1503 malum

134 1524 250 1567 foret,
274 1522 348 1559 nisi
371 1532 434 1558 res
455 1521 540 1568 ipsa
558 1522 737 1557 obstaret.
797 1521 892 1557 Nam
913 1520 1114 1568 Sertorius,
1138 1523 1200 1570 qui
1220 1522 1388 1560 humeris
1410 1524 1583 1560 calonum

132 1580 313 1616 insistens
341 1578 509 1615 medium
524 1576 778 1614 tantummodo
796 1588 942 1614 murum
962 1580 1185 1626 albineyeret,
1204 1590 1280 1615 non
1298 1582 1424 1627 potest
1443 1579 1517 1616 dici
1537 1590 1584 1615 eo

132 1634 485 1680 evasisse—Dein,
496 1645 592 1681 quae
602 1644 679 1669 vox
697 1645 719 1669 a
737 1643 853 1681 super
862 1634 1031 1671 seiuncta
1049 1637 1204 1671 alteram
1214 1636 1490 1673 enunciationis
1498 1646 1584 1683 par-

132 1696 206 1730 tem
224 1692 346 1737 infert,
370 1690 561 1738 ita'posita
579 1693 649 1734 est,
673 1690 780 1736 quasi
797 1692 1072 1737 praecessisset
1078 1693 1257 1739 prinmm,
1279 1691 1381 1738 quod
1397 1691 1582 1728 interdum

134 1749 313 1786 omittitur
333 1750 513 1796 sequente
533 1751 630 1793 tunc,
651 1746 792 1791 deinde,
809 1750 954 1794 postea,
984 1748 1045 1784 vel
1066 1748 1178 1784 simili
1194 1748 1401 1795 particula;
1421 1749 1470 1785 cl'.
1492 1748 1583 1785 Gro-

134 1816 223 1842 nov.
245 1804 295 1842 ad
314 1805 396 1842 Liv.
416 1803 586 1849 XXXIV,
606 1806 672 1848 19,
693 1805 730 1841 8.
790 1803 990 1839 Ruhnken.
1009 1803 1071 1839 -ad
1090 1803 1238 1840 Terent.
1260 1803 1380 1841 Andr.
1406 1805 1441 1849 I,
1473 1807 1516 1850 3,
1548 1806 1582 1843 6

133 1861 284 1899 Waloh.
306 1860 491 1898 Emendd.
513 1860 594 1896 Liv.
617 1871 652 1895 c.
672 1858 719 1894 X.
741 1871 780 1907 p.
803 1862 884 1898 188.
905 1879 962 1886 —-
989 1859 1114 1908 Super
1133 1860 1172 1897 h.
1195 1861 1219 1896 1.
1243 1860 1462 1898 adverbium
1482 1871 1582 1906 esse,

137 1918 240 1966 quod
253 1919 450 1955 astantium
464 1918 582 1953 verbo
603 1916 814 1952 accuratius
833 1915 1049 1953 definiendo
1066 1917 1260 1963 inserviat,
1276 1917 1413 1965 quivis,
1433 1917 1580 1964 opinor,

133 1975 260 2020 videt3
285 1975 360 2012 nisi
393 1975 488 2010 forte
520 1973 604 2020 quis
634 1973 762 2009 statuit
800 1973 984 2010 circum
1016 1977 1143 2011 astare
1169 1973 1243 2010 diei
1273 1984 1409 2021 posse,
1437 1982 1584 2021 super

135 2036 262 2069 astare
287 2042 363 2067 non
390 2041 519 2079 posse.
578 2031 650 2065 Pro
672 2030 870 2066 astantium
891 2040 984 2067 sane
1009 2030 1219 2067 sufficiebat
1245 2030 1372 2067 dicere
1391 2030 1584 2070 stantium,-

135 2089 209 2125 sed
224 2091 350 2125 astare
370 2086 652 2124 accomodatius
673 2085 814 2122 dictum
835 2087 957 2123 estad
978 2086 1144 2123 studium
1166 2090 1201 2122 et
1221 2092 1351 2123 curam
1369 2097 1499 2123 eorum
1519 2097 1584 2122 ex-

134 2145 391 2193 primendam,
421 2144 484 2190 qui
512 2145 551 2179 in
577 2153 674 2188 rem,
706 2152 803 2190 quae
824 2143 1012 2191 ayebamr,
1046 2144 1173 2180 intenti
1204 2143 1243 2178 in
1278 2153 1385 2179 muro
1422 2143 1582 2179 stabant.

134 2203 271 2238 Parum
299 2204 400 2237 recte
435 2200 548 2246 igitur
576 2198 795 2235 Gerlachius
827 2200 866 2235 in
892 2200 952 2236 ed.
981 2200 1070 2235 min.
1105 2198 1255 2246 scripsit
1284 2200 1584 2247 superstantium,

137 2258 208 2295 sibi
229 2258 303 2305 ipsi
322 2266 560 2303 repugnans,
595 2255 658 2302 qui
684 2255 722 2290 in
745 2255 832 2291 Vol.
855 2255 917 2291 III.
943 2267 981 2303 p.
1005 2256 1063 2295 76.
1091 2266 1221 2292 veram
1249 2255 1471 2303 scripturam
1498 2266 1586 2302 pro-

135 2316 284 2358 basset,
315 2323 437 2360 neque
466 2315 663 2348 assecutus
686 2313 905 2358 superstare
924 2313 1130 2348 vernacula
1158 2322 1245 2349 esse
1276 2311 1428 2359 darauf
1445 2311 1584 2357 stelaen,

135 2380 252 2418 super
270 2373 372 2408 stare
385 2369 514 2406 valere
539 2368 629 2404 oben
648 2367 786 2404 sieken.
819 2386 877 2395 -
902 2368 965 2405 Ad
983 2379 1064 2404 rem
1084 2369 1205 2415 ipsam
1222 2367 1483 2406 illustrandam
1501 2378 1586 2416 per-

138 2429 230 2464 tinet
251 2428 357 2464 locus
379 2425 569 2463 Plutarchi
594 2425 633 2460 in
651 2423 790 2461 Sertor.
814 2437 847 2461 c.
873 2427 938 2473 14,
962 2428 1055 2461 extr.
1114 2420 1283 2474 Λέγεται
1310 2419 1369 2461 δὲ
1379 2417 1495 2488 πρός
1506 2435 1585 2461 τινι

138 2476 250 2520 πόλει
254 2481 423 2547 τροπῆς
439 2476 650 2546 γενομένης
676 2475 746 2517 και
767 2479 846 2517 τῶν
855 2478 1063 2543 πολεμίων
1075 2475 1349 2543 ἐπικειμένων,
1373 2471 1467 2525 τούς
1476 2472 1584 2530 ’Ἰβη-

139 2552 213 2590 ρας
241 2530 514 2588 ἀμελήσαντας
531 2529 664 2575 αὖτόν
690 2527 760 2573 τὸν
762 2530 1007 2603 Σερτώριον
1030 2529 1186 2583 σώζειν,
1216 2533 1285 2574 καὶ
1310 2535 1415 2581 τοῖς
1434 2529 1586 2600 ὤμοις

139 2591 491 2646 ἐπαραμένους
526 2587 671 2638 ἄλλως
701 2602 782 2643 προ
815 2586 948 2631 ἄλλων
980 2587 1331 2642 ἀνακουφίσαι
1365 2585 1490 2641 πρὸς
1528 2584 1587 2628 τὰ

108 2653 114 2656 “
138 2650 286 2702 τείχη.
343 2652 406 2688 Ad
435 2652 595 2688 eandem
626 2661 705 2687 rem
733 2650 888 2698 respicit
905 2649 1062 2688 Servius
1084 2649 1134 2687 ad
1153 2651 1262 2698 V'rrg.
1286 2648 1382 2685 Aen.
1406 2647 1479 2693 IX,
1499 2651 1582 2687 558-

138 2709 234 2746 haec
262 2711 469 2745 annotans:
505 2708 637 2754 „Quia
656 2710 743 2745 tunc
765 2707 830 2744 alti
857 2718 933 2744 non
954 2709 1060 2744 erant
1082 2708 1197 2753 muri,
1233 2705 1303 2743 sed
1329 2705 1378 2741 ad
1406 2704 1583 2752 impetum

138 2769 281 2803 tantum
315 2764 574 2815 repellendum
585 2774 597 2811 ;
633 2767 674 2801 ut
701 2764 815 2817 etiam
840 2763 1041 2802 Sallustius
1070 2761 1253 2808 ostendit,
1283 2761 1347 2798 ubi
1377 2759 1586 2799 Sertorium
