1774 3002
143 162 228 205 204
628 162 669 199 C.
700 162 931 201 SALLUSTI
960 163 1111 202 CRISPI

146 291 190 336 in
225 303 398 336 summo
434 286 674 342 Antonius,
713 290 756 333 et
788 289 901 334 infra
931 289 1073 335 scriba
1113 290 1278 337 Sertori
1310 290 1520 349 Versius;
1549 293 1592 336 et

145 374 257 421 alter
287 372 432 419 scriba
465 371 693 416 Maecenas
737 372 778 417 in
827 372 935 425 imo,
974 373 1143 419 medius
1179 373 1291 420 inter
1321 374 1591 437 Tarquitium

147 460 191 503 et
217 457 440 503 dominum
465 456 745 515 Perpernam.

283 546 324 587 4.
378 540 506 585 Hunc
541 538 677 600 igitur
706 538 934 600 redarguit
960 537 1222 600 Tarquitius.

148 679 243 715 Hist.
265 677 374 714 Rom.
404 677 490 713 Vol.
512 677 540 712 I.
552 689 607 724 p.
630 679 710 722 42.,
701 687 709 696 ·
754 676 965 724 iidemque,
1006 687 1118 723 quurn
1148 680 1283 723 postea
1311 679 1361 715 ad
1388 678 1592 716 Sertorium

149 735 403 780 transiissent,
433 734 575 770 Romae
595 734 794 780 proscripti
816 734 974 770 fuerant.
994 752 1051 762 -—-
1073 733 1252 770 Antonius
1272 745 1347 771 non
1369 736 1465 771 ultra
1484 739 1592 773 notus

147 796 226 836 est;
253 791 359 827 Livio
382 795 533 827 auctore
546 791 651 838 Epit.
671 790 803 826 XCVI.
823 792 857 826 ei
879 801 1109 852 praenomen
1132 794 1211 826 erat
1231 789 1401 838 Manius,
1429 802 1499 839 pro
1520 803 1593 840 quo

147 847 333 885 Plutarch.
366 848 404 884 in
439 847 580 884 Sertor.
614 858 647 884 c.
674 849 733 886 26.
771 847 883 884 habet
915 838 1115 891 Manios.
1162 867 1210 873 --
1258 847 1411 885 Scribae
1439 847 1593 885 Sertorii

157 906 308 942 Versius
338 908 374 940 et
394 903 595 942 Maecenas
625 903 727 939 haud
751 903 862 940 dubie
891 903 1123 950 intelligendi
1149 908 1234 954 sunt
1253 905 1468 952 quaestor-ii,
1505 917 1596 953 quo-

150 973 232 998 rum
258 965 338 997 erat
359 961 524 997 rationes
547 961 717 1008 publicas
745 961 781 996 in
803 962 950 997 tabulas
978 961 1141 1006 reserre3
1172 962 1220 996 ct'.
1245 960 1322 998 Cic.
1345 963 1383 998 in
1402 962 1511 1001 Verr.
1534 963 1593 1007 111,

150 1022 209 1064 79,
235 1021 303 1057 182
324 1029 408 1065 sqq.
435 1022 470 1054 et
502 1018 675 1054 Reinium
706 1017 744 1052 in
771 1018 874 1053 Pauli
895 1012 1102 1064 Eneyetop.
1127 1017 1232 1053 Reali
1265 1019 1350 1055 Vol.
1373 1019 1437 1055 VI.
1467 1031 1505 1066 p.
1526 1021 1596 1058 876

149 1087 233 1123 sqq.
262 1094 321 1101 --
355 1075 568 1119 Dominum,
599 1075 623 1110 i.
656 1085 687 1109 e.
718 1074 883 1111 convivii
911 1073 1178 1118 exhibitorem3
1214 1075 1263 1110 cs.
1291 1075 1438 1111 Petron.
1468 1075 1593 1123 Satyr.

151 1145 185 1169 c.
205 1135 264 1177 34,
285 1135 321 1170 5.
342 1132 533 1168 Laudatus
545 1134 707 1179 propter
727 1132 924 1178 eleyantias
945 1131 971 1166 d
977 1131 1066 1166 omi
1071 1128 1170 1166 nu's.

262 1189 322 1224 Fr.
346 1189 383 1226 ζ.
424 1187 540 1233 [Cort.
571 1200 608 1235 p.
631 1191 733 1226 1006.
767 1188 864 1224 Gerl.
887 1187 947 1223 ed.
969 1187 1055 1223 mai.
1077 1187 1151 1223 Ine.
1174 1189 1232 1225 81.
1261 1188 1323 1224 ed.
1348 1189 1438 1224 min.
1458 1189 1517 1234 Ill,
1535 1192 1595 1226 22.

148 1259 188 1294 p.
208 1248 290 1291 216,
305 1248 365 1284 26.
400 1245 509 1281 Debr.
529 1246 592 1290 lV,
611 1241 687 1292 25.]
735 1244 869 1280 Donat.
901 1244 950 1279 ad
983 1242 1257 1290 TenAdelph.
1288 1245 1349 1290 ΙΙΙ,
1375 1249 1410 1290 2,
1438 1247 1490 1283 16.
1522 1256 1596 1280 ηοη

150 1304 314 1340 indicato
336 1303 451 1348 libro,
475 1301 574 1337 unde
596 1301 806 1347 desumpsit
814 1312 824 1346 ;
857 1300 926 1336 sed
945 1300 1122 1346 Tarquitii
1142 1311 1277 1335 nornen
1298 1301 1390 1337 satis
1412 1302 1595 1348 probabili

150 1360 374 1396 documento
404 1362 460 1394 est
479 1369 524 1394 eo
546 1359 630 1394 loco
651 1358 749 1393 lecta
770 1359 907 1402 fuisse,
938 1357 996 1393 ubi
1025 1361 1154 1392 auctor
1174 1356 1221 1392 de
1243 1358 1445 1394 coniuratis
1467 1362 1598 1394 contra

152 1416 359 1454 Sertorium
381 1415 470 1462 egit.
515 1413 594 1452 Sed
623 1425 741 1461 quern>
757 1414 922 1462 arguerit
942 1413 1175 1460 Tarquitius,
1206 1418 1269 1449 aut
1289 1425 1364 1462 qua
1390 1414 1437 1450 de
1464 1425 1526 1460 re,
1561 1419 1598 1450 et

151 1478 271 1510 utrum
293 1476 377 1508 ante
398 1476 581 1519 patratam
605 1471 774 1515 caedem,
800 1483 847 1508 an
868 1472 963 1506 inter
983 1470 1199 1506 convivium
1219 1471 1417 1520 funestum,
1444 1482 1493 1507 an
1513 1475 1598 1518 post

151 1530 382 1566 intersectum
405 1528 611 1566 Sertorium
636 1528 675 1563 id
698 1529 847 1572 fecerit,
878 1527 1031 1563 decerni
1059 1538 1134 1562 non
1155 1531 1292 1574 potest.
1337 1527 1508 1565 Ceterum
1532 1539 1598 1563 no-

152 1598 237 1623 men
267 1586 337 1622 viri
366 1585 469 1633 apud
498 1585 681 1621 Donatum
710 1588 883 1632 corrupte
915 1584 1087 1620 scribitur
1118 1583 1348 1631 Tarquitius,
1394 1584 1495 1632 quod
1523 1585 1597 1620 iam

153 1643 282 1680 Carrio
306 1643 482 1679 correxit

263 1700 323 1735 Fr.
342 1702 380 1737 5.
427 1697 544 1744 [Cort.
564 1709 601 1744 p.
623 1699 727 1734 1009.
750 1691 850 1732 Gerl.
871 1696 931 1731 ed.
953 1696 1042 1731 mai.
1062 1695 1141 1731 Inc.
1158 1699 1239 1734 165.
1262 1696 1324 1732 ed.
1345 1697 1434 1733 min.
1457 1697 1517 1740 III,
1537 1701 1595 1735 21.

151 1770 190 1806 p.
211 1758 293 1802 216,
312 1759 369 1794 25.
397 1755 507 1791 Debr
528 1754 698 1815 1V,3o.]
744 1753 889 1797 Verba,
919 1762 1016 1799 quae
1043 1753 1215 1798 leguntur
1246 1752 1346 1799 apud
1379 1754 1519 1789 Acron.
1547 1753 1597 1788 ad

152 1815 280 1851 Horat.
302 1813 398 1860 Epp.
420 1812 463 1857 ΙΙ,
483 1814 519 1855 2,
542 1812 600 1849 72.
631 1809 713 1845 sine
733 1809 815 1845 libri
835 1813 942 1854 nota,
973 1819 1046 1843 non
1068 1809 1266 1844 obscuram
1287 1809 1426 1845 habent
1447 1813 1594 1846 senten-

153 1872 245 1914 tiae,
277 1868 378 1905 unde
409 1869 515 1904 locus
543 1866 684 1914 pendet
710 1867 755 1902 iis
787 1865 1066 1914 assignandus,
1097 1865 1400 1912 explicationem.
1451 1866 1597 1913 Quippe

155 1927 277 1975 agitur
307 1926 354 1961 de
370 1927 562 1972 Perperna
582 1927 669 1971 post
697 1922 854 1959 caedem
875 1922 1029 1959 Sertorii
1053 1921 1091 1956 in
1111 1922 1279 1985 Pompeii
1300 1926 1523 1969 potestatem
1544 1922 1599 1958 in-

153 1984 324 2027 cidente;
354 1984 403 2019 cl.
425 1981 588 2028 Appian.
609 1980 652 2015 B.
676 1979 715 2016 C.
737 1979 765 2023 I,
786 1983 867 2017 115.
902 1972 1135 2039 Περπέννας
1165 1968 1218 2023 ὥς
1237 1969 1285 2015 οὗ
1311 1977 1442 2029 πιστῷ
1459 1968 1599 2029 χρησό-

151 2052 267 2103 μενος
294 2034 352 2104 ἐςε
357 2029 460 2075 πολὺ
488 2035 544 2088 τῷ
572 2034 725 2087 στρατῷ
752 2028 863 2087 πάση
893 2025 1030 2084 σχεδὸν
1058 2033 1106 2086 τῇ
1141 2027 1306 2083 δυνάμει
1333 2031 1598 2072 συνεπλέκετο.

151 2087 246 2146 ταχὺ
275 2087 359 2132 δ’ὁ
381 2089 589 2143 Πομπήϊος
616 2091 779 2142 περιῆν,
811 2084 864 2136 ὡς
883 2085 974 2129 οὔτε
993 2089 1213 2158 στρατηγοῦ
1232 2087 1486 2158 διαφέροντος
1513 2084 1602 2128 οὔτε

153 2145 367 2203 προθύμου
387 2149 574 2215 στρατοῦ·
606 2162 675 2186 και
694 2148 841 2198 τροπῆς
860 2141 1021 2184 πάντων
1040 2142 1211 2195 ὁμαλοῦς
1229 2144 1439 2211 γενομένης
1465 2140 1487 2185 ὁ
1512 2143 1602 2196 μὲν

157 2204 453 2259 Περπέννας
485 2198 578 2243 υπὸ
613 2198 792 2256 θάμνω
826 2198 946 2249 πόας
979 2196 1236 2267 ἐκρύφθη
1249 2195 1387 2249 δεδιως
1419 2216 1513 2251 τους
1549 2200 1602 2241 οἱ·

157 2263 287 2310 κείους
323 2263 473 2313 μᾶλλον
512 2262 598 2299 τῶν
625 2258 833 2309 πολεμίων.
885 2253 1143 2310 Λαβόντες
1181 2251 1223 2296 δ’
1251 2251 1401 2298 αυτὸν
1437 2258 1603 2305 ἱππεῖς

154 2333 290 2367 τινες
308 2314 478 2358 εἷλκον
497 2314 542 2363 ἐς
561 2310 648 2354 τὸν
667 2309 959 2365 Πομπήϊον,
990 2309 1447 2382 ἐπιβλασφημούμενονε
1424 2308 1505 2355 υπὸ
1522 2316 1603 2354 τῶν

85 2384 88 2387 ’
157 2375 270 2416 ἰδίων
300 2369 354 2424 ὥς
378 2366 579 2423 αὐθέντην
604 2370 839 2424 Σερτωρίου.
889 2373 1004 2421 Igitur
1031 2375 1229 2422 coynoscit,
1267 2375 1299 2410 si
1329 2385 1408 2409 rem
1438 2377 1600 2422 spectas,

157 2439 215 2472 est
243 2437 297 2471 in
314 2434 487 2482 fruticeto
520 2433 688 2468 latentem
715 2430 983 2466 animadvertit.
1023 2451 1078 2457 —-
1116 2430 1397 2478 Redemptor-em
1422 2430 1521 2467 Acro
1553 2427 1602 2465 ad

159 2493 247 2528 Hor.
278 2493 301 2527 l.
326 2493 348 2527 l.
377 2499 510 2526 cursus
520 2487 662 2536 publici
680 2487 851 2534 intelligit
871 2490 905 2522 el
929 2488 1139 2524 animalium
1152 2487 1469 2533 praebendorum,
1501 2483 1602 2532 quod

159 2550 194 2584 in
215 2547 355 2584 Horatii
378 2546 529 2594 quidem
555 2546 671 2580 verba
691 2543 869 2590 quadrat,
907 2543 975 2579 sed
1005 2555 1027 2580 a
1049 2543 1216 2580 Sallustii
1246 2545 1329 2580 loco
1357 2543 1517 2579 alienum
1546 2541 1600 2577 vi-

158 2604 288 2649 detur,
318 2604 380 2640 ubi
403 2604 440 2638 in
465 2603 684 2638 universum
710 2598 974 2647 intelligendus
996 2605 1070 2645 est,
1099 2601 1163 2647 qui
1179 2602 1286 2636 varia
1305 2599 1473 2636 utensilia
1493 2607 1603 2634 exer-

155 2661 244 2712 citui
261 2659 512 2708 procuranda
534 2669 610 2706 pro
629 2660 747 2705 pacta
765 2656 932 2692 mercede
957 2658 1135 2704 suscepit,
1166 2657 1224 2692 ein
1245 2656 1442 2692 Lieserant.
1490 2655 1602 2690 Festo

157 2717 257 2754 enim
288 2720 462 2761 auctore,
509 2715 622 2778 Corp.
647 2714 861 2751 Grammatt.
891 2713 984 2749 Latt.
1011 2714 1098 2749 Vol.
1130 2713 1174 2748 ΙΙ.
1204 2724 1242 2759 p.
1264 2714 1347 2750 226.
1376 2711 1506 2755 Lind.,
1541 2720 1604 2746 re-

161 2775 368 2823 demptores
389 2772 496 2820 dicti,
528 2772 589 2821 qui
613 2771 703 2819 quid
722 2769 981 2808 conduxerunt
997 2768 1254 2818 praebendum
1276 2767 1540 2815 utendumque.
