1774 3002
135 172 190 214 80
516 161 518 163 ’
637 177 677 214 e.
708 177 937 217 SALLUSTI
970 179 1121 218 cms1>1

135 300 287 346 tudine
325 300 523 355 attineas.
573 301 724 362 Neque
750 307 791 349 te
818 304 1095 363 provinciae,
1138 319 1282 365 neque
1318 305 1467 366 leges,
1506 321 1591 352 ne-

137 399 223 445 que
258 384 299 429 di
339 387 523 444 penates
561 384 700 430 civem
734 388 970 447 patiuntur.
1059 387 1226 448 Perge,
1269 403 1356 448 qua
1395 390 1589 447 coeptas,

137 470 185 513 ut
245 483 376 529 quam
441 471 708 514 maturrume
771 472 924 517 merita
985 472 1206 528 invenias!
1283 470 1384 516 Vos
1429 472 1588 528 autem,
1605 477 1646 513 17

136 550 292 596 Patres
322 552 580 620 conscripti,
614 567 846 615 quousque
888 556 1132 601 cunctando
1171 554 1481 615 rempublicam
1516 553 1591 598 in-

137 636 275 680 tutam
302 634 544 694 patiemini,
577 637 620 680 et
658 637 805 683 verbis
835 653 956 684 arma
980 638 1229 689 tentabitis?
1271 638 1479 684 Delectus
1506 638 1592 683 ad-

138 732 321 763 vorsum
346 732 430 762 vos
458 717 613 774 habiti,
647 719 856 778 pecuniae
886 722 1058 781 publice
1085 721 1355 781 et-privatim
1375 724 1589 777 extortae,

138 801 359 861 praesidia
394 802 582 847 deducta
613 805 745 863 atque
775 803 999 863 imposita,
1038 819 1096 850 ex
1122 804 1315 851 lubidine
1343 806 1471 867 leges
1504 806 1592 851 im-

139 888 369 945 perantur,
408 900 541 946 quum
575 885 744 931 interim
779 901 861 933 vos
903 887 1078 948 legatos
1117 891 1160 934 et
1203 888 1379 936 decreta
1414 889 1591 950 paratis.

141 1021 224 1070 lug.
249 1035 283 1058 c.
306 1022 376 1067 CII,
398 1025 434 1060 9.
467 1043 522 1048 —-
559 1023 742 1068 Antaeus,
771 1024 872 1070 quod
896 1025 1016 1061 Vatic.
1041 1030 1074 1063 1.
1096 1030 1129 1063 2.
1159 1037 1227 1073 pro
1254 1027 1407 1074 vulgato
1434 1028 1595 1063 retineas

141 1080 340 1126 praebent,
382 1080 655 1127 explicavimus
689 1080 737 1116 ad
767 1081 847 1127 lug.
879 1092 912 1116 c.
943 1080 1065 1125 CVIII,
1093 1085 1128 1120 3.
1159 1094 1196 1129 p.
1229 1085 1310 1121 586.
1347 1103 1403 1107 —
1440 1082 1594 1130 Coeptus

143 1146 274 1171 omnes
300 1137 450 1171 omnino
472 1136 586 1172 codd.
615 1141 761 1181 tenent,
799 1148 867 1183 pro
893 1148 965 1183 quo
987 1138 1023 1173 in
1045 1138 1134 1173 edd.
1156 1141 1297 1186 antiqq.
1319 1143 1355 1175 et
1383 1139 1484 1186 apud
1505 1138 1594 1175 Cor-

140 1193 232 1228 tium
262 1197 298 1228 et
320 1193 528 1229 Weissium
559 1194 882 1240 legitur-coepisti.
930 1195 1216 1241 Frequentativo
1248 1196 1470 1242 saepissime
1501 1207 1593 1231 usus

142 1254 200 1285 est
228 1249 401 1294 Tacitus3
441 1261 479 1285 v.
503 1250 704 1286 Botticheri
732 1251 820 1285 Lex.
850 1250 967 1286 Tacit.
998 1262 1038 1298 p.
1065 1254 1123 1289 94.
1165 1272 1214 1278 ——
1261 1253 1332 1288 Pro
1366 1256 1596 1288 maturrume

143 1306 304 1342 Orellius
336 1306 548 1352 suspicatur
579 1317 600 1341 a
627 1306 802 1344 Sallustio
826 1307 1004 1354 scriptum
1034 1308 1150 1344 ruisse
1180 1310 1459 1353 matur-issume,
1493 1307 1594 1354 quod

145 1373 236 1398 sane
269 1362 341 1397 diei
371 1367 513 1409 potest,
550 1374 589 1398 v.
606 1362 751 1399 Charis.
771 1363 814 1398 II.
835 1375 872 1410 p.
892 1367 972 1402 122.
993 1364 1099 1400 Lind.
1122 1366 1181 1412 (p.
1199 1367 1280 1404 184.
1302 1365 1473 1410 Putsch.)
1483 1366 1595 1401 Auct-

145 1419 195 1455 ad
213 1419 377 1454 Herenn.
402 1419 464 1464 IV,
489 1421 545 1464 17,
564 1423 643 1464 25.;
682 1419 750 1456 sed
773 1421 962 1467 vulgatam
983 1424 1102 1457 tuetur
1128 1421 1302 1458 codicum
1324 1432 1535 1458 consensus
1561 1426 1596 1455 et

145 1476 312 1513 Sallustii
336 1483 450 1520 usus;
481 1476 530 1512 cl'.
546 1476 694 1523 Fragm.
716 1477 743 1521 I,
762 1478 820 1514 47.
864 1477 1062 1513 Praeterea
1082 1489 1121 1513 v.
1138 1476 1283 1514 Charis.
1303 1478 1333 1514 1.
1353 1490 1391 1525 p.
1408 1481 1466 1516 65.
1489 1477 1597 1513 Lind.

147 1535 202 1579 (p.
222 1535 280 1571 89.
303 1533 474 1577 Putsch.)
495 1537 530 1568 et
550 1533 731 1568 Priscian.
751 1533 810 1577 111,
833 1536 868 1577 3,
891 1536 946 1572 19.
971 1545 1010 1580 p.
1033 1537 1113 1573 116.
1132 1534 1196 1570 Kr.

259 1591 299 1631 5.
322 1591 379 1627 17.
400 1588 518 1624 verbis
538 1600 647 1624 arma
668 1589 866 1634 tentabitis)
904 1590 1044 1626 Arma
1063 1590 1181 1627 verbis
1201 1594 1392 1628 tentare
1411 1589 1597 1638 significat

145 1645 264 1683 verbis
286 1656 362 1692 pro
390 1646 506 1681 armis
535 1646 588 1681 uti
616 1646 668 1681 ad
693 1648 762 1683 vim
790 1646 1052 1693 repellendam.
1080 1667 1136 1673 —
1164 1646 1359 1684 Praesidia
1387 1646 1596 1683 deducta

150 1702 515 1749 Curtius-,perperam
538 1703 798 1749 interpretatur
812 1712 946 1750 praes.
967 1703 1036 1739 dis
1047 1705 1112 1739 tri
1118 1703 1244 1749 buta,
1275 1705 1335 1740 cui
1356 1703 1595 1750 explicationi

147 1759 309 1795 maxime
329 1760 469 1803 obstat,
501 1758 602 1805 quod
625 1760 792 1806 imposita
815 1758 978 1795 eundem
1002 1761 1114 1806 plane
1134 1770 1287 1796 sensum
1309 1759 1435 1796 habet.
1473 1759 1597 1804 Quare

148 1816 330 1852 deducere
350 1816 497 1862 vulgari
517 1819 700 1862 potestate
720 1817 822 1851 valet
846 1815 1047 1862 abducere,
1078 1815 1266 1862 quomodo
1283 1815 1519 1863 saepissime
1548 1816 1599 1850 le-

150 1873 248 1920 gitur
275 1871 378 1918 apud
405 1871 549 1908 Livium
559 1882 570 1916 ;
603 1883 642 1908 v.
671 1871 954 1908 Drakenborch.
983 1872 1033 1908 ad
1059 1872 1176 1918 XXV,
1198 1876 1256 1917 25,
1287 1877 1342 1911 10.
1387 1871 1600 1908 Deducebat

151 1928 273 1965 autem
296 1928 461 1976 Lepidus
486 1928 679 1975 praesidia
705 1939 753 1964 ex
773 1929 819 1965 iis
847 1928 1020 1976 oppidis,
1059 1939 1154 1975 quae
1175 1929 1247 1975 ipsi
1269 1929 1398 1964 favere
1424 1927 1598 1964 videren-

152 1991 230 2030 tur3
261 1985 466 2033 imponebat
485 1986 550 2029 iis,
583 1996 741 2032 quorum
757 1985 872 2021 fidem
896 1990 1108 2032 suspectam
1126 1985 1295 2021 haberet.
1338 1985 1391 2021 De
1410 1985 1598 2032 imponere

151 2043 279 2078 verbo
298 2043 466 2078 absolute
494 2042 618 2089 posito
648 2053 685 2078 v.
709 2042 759 2078 ad
781 2041 859 2078 Cat.
881 2053 915 2090 c.
934 2041 990 2086 LI,
1011 2044 1070 2080 w.
1100 2041 1180 2088 Iug.
1202 2040 1346 2085 XLVII,
1365 2045 1403 2079 2.
1432 2060 1491 2066 -—-
1527 2034 1597 2076 Pro

150 2101 382 2146 imperantur
418 2099 575 2134 Ursinus
611 2103 648 2134 et
680 2098 809 2135 Douza
842 2098 1081 2135 scribendum
1115 2098 1356 2134 coniecerunt
1385 2098 1600 2144 imperatae,

155 2156 299 2192 seilicet
327 2155 413 2201 quia
441 2154 673 2201 praecedunt
698 2155 917 2202 participia,
949 2154 1076 2196 habiti,
1106 2157 1292 2199 extortae,
1321 2153 1496 2198 deducta,
1531 2153 1599 2188 im-

146 2213 281 2259 posita.
340 2210 417 2249 Sed
455 2221 636 2256 praesens
670 2212 806 2257 optime
844 2203 886 2247 se
920 2211 1049 2254 habet,
1093 2210 1230 2256 quippe
1263 2221 1336 2256 quo
1373 2208 1602 2256 significetur

153 2269 336 2304 etiamtum
355 2265 537 2313 Lepidum
560 2277 582 2301 a
602 2267 748 2313 legibus
767 2269 803 2303 vi
822 2266 1054 2313 imperandis
1074 2277 1147 2302 non
1167 2266 1360 2312 absistere,
1388 2265 1490 2312 quod
1510 2275 1601 2301 sane

110 2334 112 2338 ’
156 2324 311 2372 gravius
341 2326 416 2367 est,
463 2333 575 2368 quam
605 2323 636 2358 si
663 2322 759 2359 haec
796 2323 876 2358 eius
910 2322 1167 2369 importunitas
1196 2324 1396 2369 praeterito
1433 2326 1600 2368 tempore

156 2380 390 2417 enunciatur.
427 2398 484 2403 ——
521 2378 574 2414 De
607 2379 799 2425 particulis
827 2389 937 2425 quum
972 2379 1117 2414 interim
1145 2380 1333 2425 praesenti
1369 2378 1527 2425 tempori
1563 2378 1601 2413 in
1628 2387 1646 2419 sp

157 2435 318 2484 apodosi
347 2435 481 2471 iunctis
510 2445 549 2469 v.
579 2434 629 2470 ad
650 2435 728 2481 lug.
760 2446 792 2470 c.
813 2434 893 2478 XII,
916 2439 950 2472 5.
973 2445 1012 2480 p.
1034 2437 1089 2472 64.
1121 2439 1157 2470 et
1179 2435 1380 2471 Grammat.
1403 2436 1466 2470 lat.
1486 2437 1601 2469 nostr.

157 2497 191 2536 5.
213 2494 292 2537 147,
312 2494 348 2529 4.
370 2495 444 2527 not.
465 2495 500 2535 2,
521 2502 555 2526 a.
577 2502 616 2538 p.
634 2493 714 2529 508.
751 2490 812 2526 Ad
834 2491 1053 2526 sententiam
1075 2491 1194 2537 ipsam
1215 2492 1362 2537 cs..§.5.
1394 2490 1604 2541 ——dVerba

160 2548 354 2596 sequentia
376 2547 413 2583 in
431 2548 622 2594 plerisque
642 2546 731 2583 edd.
751 2558 818 2594 per
838 2551 873 2583 et
890 2547 1110 2593 particulam
1131 2547 1318 2594 prioribus
1338 2546 1603 2593 adiunguntur,

159 2605 261 2653 quod
293 2603 404 2641 valde
432 2604 695 2640 inconcinnum
719 2608 793 2648 est,
826 2614 936 2650 quum
965 2607 1089 2639 orator
1110 2614 1247 2641 novam
1270 2602 1492 2639 sententiam
1518 2605 1555 2637 et
1582 2612 1605 2637 a

158 2661 473 2710 praecedentibus
489 2661 605 2707 plane*
622 2660 811 2696 diversam
833 2671 917 2695 eum
937 2660 1084 2695 fervore
1108 2660 1261 2704 inserat3
1290 2669 1413 2706 quare
1426 2658 1603 2695 Orellium

161 2722 198 2755 et
217 2717 455 2767 Gerlachium
480 2718 517 2752 in
537 2717 599 2752 ed.
618 2717 705 2752 min.
726 2716 843 2753 secuti
869 2727 1011 2759 sumus,
1041 2716 1101 2762 qui
1122 2717 1315 2752 molestam
1336 2715 1507 2762 copulam
1528 2713 1604 2749 fide

163 2775 246 2812 Vat.
267 2779 300 2812 1.
317 2779 352 2810 et
370 2778 407 2812 2.
429 2774 646 2816 omiserunt.
677 2793 732 2798 -
762 2774 832 2808 Pro
851 2772 1056 2809 mehercule
1075 2772 1161 2808 Vat.
1181 2775 1214 2809 2.
1233 2771 1345 2807 habet
1365 2770 1602 2814 mehercules,
