1774 3002
190 158 273 200 318
690 163 730 200 C.
762 163 993 204 SALLUSTI
1024 165 1175 204 CRISPI

191 286 303 332 Asia
345 286 399 332 ab
440 286 549 347 ipsis
595 288 782 335 obsessa
819 292 909 349 est,
949 294 1175 352 postremo
1214 292 1350 337 totam
1389 289 1637 351 Bithyniam
1659 298 1682 334 9

191 371 427 417 Nicomede
453 373 627 417 mortuo
653 372 894 433 diripuere,
923 390 1056 436 quum
1083 375 1201 421 filius
1230 375 1371 435 Nysa,
1401 389 1531 436 quam
1560 390 1638 422 re-

192 455 342 516 ginam
378 455 699 515 appellaverat,
725 458 903 518 genitus
930 458 1046 504 haud
1075 459 1204 505 dubie
1228 460 1361 504 esset.
1396 458 1504 504 Nam
1531 458 1634 520 quid
1652 468 1694 501 10

191 552 280 599 ego
320 553 390 584 me
433 540 685 599 appellem?
722 556 851 602 quem
894 542 1130 588 diiunctum
1168 543 1362 604 undique
1394 542 1546 604 regnis
1593 545 1636 587 et

191 622 436 668 tetrarchiis
461 623 516 668 ab
545 622 729 683 imperio
755 639 930 682 eorum,
960 626 1062 687 quia
1081 627 1198 672 fama
1226 628 1320 672 erat
1337 624 1527 681 divitem,
1551 639 1636 671 ne-

191 721 278 768 que
302 707 569 752 serviturum
597 722 711 764 esse,
739 724 819 769 per
846 709 1125 760 Nicomedem
1155 709 1268 755 bello
1300 709 1632 762 lacessiverunt,

188 789 369 836 sceleris
397 806 549 838 eorum
580 791 696 838 haud
726 792 951 854 ignarum,
983 796 1027 840 et
1062 809 1136 851 ea,
1170 808 1283 856 quae
1312 792 1530 848 accidere,
1563 795 1635 838 te—

183 941 313 1000 (Υμεῖς
345 950 470 997 (Sulla
507 953 705 1000 alloquitur
738 955 936 1018 optimates
969 954 1115 991 urbium
1149 954 1419 999 Asiaticarum)
1450 943 1633 990 Ἀτταλου

190 1007 260 1044 τοῦ
304 1001 573 1074 Φιλομήτορος
593 1001 687 1074 τὴν
733 1001 859 1061 ἀρχὴν
899 1002 996 1060 ημῖν
1030 1006 1072 1047 ἐν
1108 1005 1324 1061 διαθήκαις
1354 1002 1634 1054 καταλιπόντος

187 1055 443 1118 Ἀριστονίκῳ
469 1058 563 1103 καθ’
584 1059 699 1115 ἡμῶν
719 1063 918 1117 τέτταρσιν
946 1063 1042 1104 ἔτεσι
1075 1068 1332 1117 συνεμαχεῖτε.
1376 1067 1565 1104 Plutarch.
1594 1067 1631 1103 in

191 1121 274 1157 Tib.
300 1122 461 1159 Gracch.
495 1135 528 1160 c.
567 1126 620 1162 14.
659 1125 707 1160 in.
745 1145 793 1149 —
830 1125 883 1160 De
909 1124 1114 1161 Aristonico
1143 1136 1178 1161 v.
1209 1129 1358 1171 praeter
1379 1126 1416 1160 ll.
1437 1125 1476 1160 ll.
1499 1124 1630 1160 lustin.

191 1178 359 1225 XXXVI,
388 1181 422 1225 4,
443 1182 479 1218 6.
516 1180 614 1216 Erat
639 1191 690 1217 em
718 1181 882 1218 Eumene
908 1181 1153 1227 Aristonicus,
1181 1192 1254 1218 non
1281 1182 1372 1218 iusto
1391 1182 1630 1226 matrimonio,

189 1236 257 1271 sed
274 1245 324 1271 ex
338 1237 473 1284 pellice
493 1237 670 1284 Ephesia,
692 1238 939 1274 citharistriae
959 1238 1147 1275 cuiusdam
1162 1239 1262 1285 filia,
1283 1240 1444 1286 yenitus,
1471 1239 1534 1285 qui
1544 1241 1633 1284 post

190 1290 342 1329 mortem
360 1293 473 1330 Attali
484 1295 579 1330 velut
589 1299 792 1341 paternum
812 1305 966 1343 reynum
984 1295 1110 1331 Asiam
1129 1296 1270 1331 invasit.
1316 1295 1423 1332 Oros.
1442 1295 1488 1340 V,
1510 1298 1566 1333 10.

305 1353 339 1393 5.
360 1353 396 1389 9.
438 1350 650 1399 Bithyniam
681 1372 737 1377 —
762 1353 968 1399 diripuere)
1004 1352 1058 1387 Ita
1086 1351 1274 1389 invidiose
1303 1351 1392 1388 dicit
1420 1351 1631 1398 occupatio-

192 1418 278 1443 nem
305 1407 505 1455 Bithyniae
535 1411 756 1445 testamento
790 1409 970 1446 Romanis
999 1408 1177 1453 traditae;
1211 1420 1248 1445 v.
1278 1409 1359 1445 Liv.
1388 1408 1486 1456 Epit.
1506 1406 1630 1445 XCIII.

190 1465 406 1501 Nicomedes
424 1465 622 1512 Bithyniae
640 1476 714 1502 rex
732 1468 893 1503 moriens
911 1466 1092 1513 populum
1113 1465 1322 1502 Romanum
1339 1465 1430 1513 fecit
1447 1464 1630 1510 heredem,

190 1532 415 1570 reynumque
440 1523 518 1558 eius
544 1524 582 1559 in
603 1524 821 1569 provinciae
842 1523 1006 1586 formam
1034 1523 1223 1559 redactum
1252 1527 1317 1559 est.
1355 1522 1504 1559 Arrian.
1529 1521 1629 1568 apud

191 1579 298 1615 Phot.
323 1579 408 1615 eod.
428 1582 487 1617 93.
509 1591 547 1626 p.
571 1581 627 1617 73.
650 1581 686 1616 b.
710 1579 772 1616 ed.
794 1580 917 1616 Bekk.
949 1570 995 1616 Ο
1016 1575 1170 1627 ἔσχατος
1189 1572 1424 1629 Νικομήδης
1444 1577 1631 1615 τελευτῶν

190 1626 264 1685 τὴν
282 1633 485 1685 βασιλείαν
495 1628 695 1685 Ῥωμαίοις
718 1649 819 1679 κατα
839 1629 1039 1686 διαθήκας
1059 1629 1258 1673 ἀπέλιπεν.
1281 1637 1328 1672 ef.
1352 1636 1401 1672 ad
1420 1636 1481 1672 Fr.
1505 1635 1548 1680 H,
1569 1637 1627 1674 47.

192 1712 248 1718 —-
267 1693 404 1729 Verbis
427 1704 538 1740 quum
552 1694 652 1740 filius
671 1693 773 1741 Nysa
788 1714 844 1719 ——
864 1698 958 1730 esset
974 1692 1206 1729 Mithridates
1225 1694 1386 1740 probare
1405 1693 1495 1737 vult,
1517 1702 1628 1739 quam

192 1749 326 1786 iniuste
346 1749 505 1786 Romani
526 1749 756 1797 Bithyniam,
782 1750 889 1797 quasi
909 1761 1133 1797 possessore
1157 1760 1328 1794 vacuam,
1349 1748 1629 1796 occupaverint.

191 1805 232 1843 In
252 1806 324 1847 hac
346 1806 457 1855 igitur
484 1807 667 1843 sententia
684 1818 794 1854 quum
815 1808 915 1844 valet
933 1817 1174 1854 quamquam;
1197 1818 1236 1843 v.
1256 1805 1306 1843 ad
1324 1806 1386 1842 Fr.
1408 1805 1467 1852 ΠΙ,
1489 1805 1548 1849 77,
1570 1807 1626 1843 18.

195 1884 244 1889 -
270 1856 374 1912 Nysa
404 1875 498 1900 uxor
527 1864 594 1901 fuit
619 1862 858 1910 Nicomedis,
887 1865 987 1900 tenui
1008 1865 1090 1900 loco
1112 1867 1213 1908 orta,
1241 1862 1312 1899 sed
1333 1863 1378 1899 ab
1399 1862 1482 1909 ipso
1502 1860 1552 1898 ad
1573 1871 1628 1897 re-

192 1922 304 1969 ginae
328 1920 546 1969 dignitatem
569 1925 721 1966 evecta,
753 1920 792 1957 id
813 1920 913 1968 quod
933 1920 1165 1968 significatur
1187 1921 1314 1956 verbis
1335 1930 1445 1966 quam
1461 1918 1628 1966 reainam

191 1979 463 2026 appellaverat;
495 1979 543 2015 es.
575 1978 759 2014 Plutarch.
793 1978 829 2014 in
857 1978 946 2014 Luc.
972 1989 1006 2014 c.
1028 1980 1086 2016 18.
1127 1973 1296 2025 Μονίμη
1317 1970 1360 2012 δὲ
1347 1971 1557 2040 Μιλησία
1573 1992 1629 2000 ——

191 2034 262 2072 τοῦ
280 2030 468 2085 βασιλέως
487 2033 698 2085 πειρῶντος
718 2025 851 2097 αὐτὴν
877 2055 934 2062 —
962 2023 1139 2082 ἀντέσχε,
1166 2028 1299 2084 μέχρις
1315 2044 1365 2069 ου
1391 2025 1534 2096 γάμων
1548 2026 1629 2080 ἐγέ-

193 2103 309 2129 νοντο
336 2091 540 2141 συνθῆκαι
567 2087 635 2128 καὶ
662 2084 836 2140 διάδημα
861 2087 1022 2140 πέμψας
1047 2083 1150 2142 αὐτῇ
1175 2085 1480 2139 βασίλισσαν
1509 2080 1629 2136 ἀνη-

191 2141 443 2199 γόρευσεν.
483 2148 607 2196 Vulgo
637 2148 759 2185 editur
782 2149 1061 2196 appellaverant
1091 2150 1222 2183 contra
1251 2145 1365 2182 codd.
1387 2144 1500 2182 fidem
1526 2145 1629 2190 (nam

194 2210 385 2269 receptam
404 2206 604 2242 lectionem
624 2209 745 2242 tuetur
769 2206 850 2241 Vat.
878 2210 910 2244 1.
932 2208 967 2240 et
986 2205 1054 2249 2.‚)
1081 2208 1117 2240 et
1139 2214 1321 2250 perverso
1342 2213 1469 2239 sensu.
1530 2201 1629 2240 Nun·

195 2273 305 2309 quam
327 2262 425 2297 enim
446 2261 604 2298 Romani
625 2273 763 2298 uxores
784 2273 932 2309 regum,
966 2272 1060 2307 quae
1083 2272 1158 2296 non
1177 2261 1297 2296 iustae
1317 2259 1470 2307 reginae
1490 2260 1629 2302 essent,

195 2319 301 2366 regio
322 2319 425 2354 titulo
447 2319 643 2355 ornabant.
664 2337 721 2345 ———
741 2319 867 2354 Verba
890 2318 1031 2365 yenitus
1055 2316 1178 2353 haud
1201 2316 1341 2353 dubie
1367 2327 1442 2352 non
1472 2316 1629 2352 obscure

196 2375 362 2412 indicant
387 2375 516 2422 Nysae
547 2374 677 2420 filium,
700 2385 808 2422 quem
830 2374 988 2411 Orellius
1009 2374 1045 2409 in
1066 2373 1259 2411 Onomast.
1280 2371 1399 2409 Cicer.
1421 2372 1506 2408 Vol.
1526 2371 1571 2407 11.
1590 2381 1628 2417 p.

194 2436 276 2472 421.
299 2444 332 2469 a.
352 2432 443 2469 scite
475 2431 634 2468 coniecit
657 2436 763 2478 patre
793 2434 939 2467 mortuo
967 2442 1125 2478 regnum
1152 2430 1438 2477 aliquantisper,
1467 2426 1536 2464 sed
1565 2426 1631 2462 im-

194 2500 378 2537 prospero
409 2499 590 2525 successu
621 2487 847 2532 affectasse,
876 2487 1055 2524 Romanis
1075 2498 1150 2524 non
1177 2487 1339 2534 legitime
1359 2489 1486 2522 natum
1507 2483 1629 2520 visum

198 2547 335 2591 fuisse,
369 2557 442 2593 quo
468 2546 571 2583 ducit
597 2545 709 2582 etiam
734 2545 796 2581 Fr.
817 2544 860 2590 ΙΙ,
886 2547 958 2589 57.,
988 2544 1062 2589 ubi,
1092 2543 1154 2591 qui
1182 2543 1342 2591 falsus
1365 2542 1464 2589 filius
1484 2539 1629 2583 dicitur,

196 2603 436 2650 probabiliter
465 2603 567 2641 idem
594 2606 652 2639 est
678 2600 965 2648 intelligendus3
1008 2612 1128 2647 neque
1167 2601 1280 2636 alium
1315 2607 1466 2635 sensum
1490 2595 1628 2632 habere

201 2659 371 2696 videntur
391 2661 510 2697 verba
530 2658 693 2724 Appiani
710 2658 753 2694 B.
775 2657 901 2693 Mithr.
922 2668 955 2693 c.
976 2659 1032 2696 71.
1076 2650 1332 2705 Νικομήδους
1357 2647 1445 2704 ἄρτι
1463 2649 1629 2689 τεθνεῶ-

199 2727 264 2762 τος
283 2709 545 2762 απαιδος,’
537 2727 561 2752 ι.
585 2727 618 2752 e.
642 2716 722 2752 sine
746 2714 823 2750 filio
846 2714 1022 2761 legitimo.

311 2777 344 2817 5.
370 2778 424 2811 10.
466 2773 561 2809 Nam
591 2773 679 2821 quid
707 2782 771 2819 eqo
799 2781 854 2807 me
882 2771 1117 2818 appellem&
1155 2770 1255 2806 Haec
1284 2768 1400 2806 verba
1424 2776 1498 2803 non
1522 2764 1633 2813 perti-
