<?xml version="1.0" encoding="UTF-8"?>
<!DOCTYPE html PUBLIC "-//W3C//DTD XHTML 1.0 Transitional//EN"
    "http://www.w3.org/TR/xhtml1/DTD/xhtml1-transitional.dtd">
<html xmlns="http://www.w3.org/1999/xhtml" xml:lang="en" lang="en">
 <head>
  <title>
</title>
<meta http-equiv="Content-Type" content="text/html;charset=utf-8" />
  <meta name='ocr-system' content='tesseract 3.04.00' />
  <meta name='ocr-capabilities' content='ocr_page ocr_carea ocr_par ocr_line ocrx_word'/>
</head>
<body>
  <div class='ocr_page' id='page_1' title='image "./operaquaesupersu03salluoft_0312.png"; bbox 0 0 1774 3002; ppageno 0'>
   <div class='ocr_carea' id='block_1_1' title="bbox 105 144 1079 189">
    <p class='ocr_par' dir='ltr' id='par_1_1' title="bbox 105 144 1079 189">
     <span class='ocr_line' id='line_1_1' title="bbox 105 144 1079 189; baseline -0.006 0"><span class='ocrx_word' id='word_1_1' title='bbox 105 145 192 189; x_wconf 74' lang='grc'>262</span> <span class='ocrx_word' id='word_1_2' title='bbox 595 145 636 182; x_wconf 86' lang='lat' dir='ltr'>C.</span> <span class='ocrx_word' id='word_1_3' title='bbox 667 144 897 183; x_wconf 89' lang='lat' dir='ltr'>SALLUSTI</span> <span class='ocrx_word' id='word_1_4' title='bbox 928 144 1079 183; x_wconf 89' lang='lat' dir='ltr'>CRISPI</span> 
     </span>
    </p>
   </div>
   <div class='ocr_carea' id='block_1_2' title="bbox 103 268 1609 333">
    <p class='ocr_par' dir='ltr' id='par_1_2' title="bbox 103 268 1609 333">
     <span class='ocr_line' id='line_1_2' title="bbox 103 268 1609 333; baseline -0.003 -13"><span class='ocrx_word' id='word_1_5' title='bbox 103 289 156 320; x_wconf 77' lang='lat' dir='ltr'>re</span> <span class='ocrx_word' id='word_1_6' title='bbox 183 270 391 333; x_wconf 85' lang='lat' dir='ltr'>optimum</span> <span class='ocrx_word' id='word_1_7' title='bbox 419 269 661 315; x_wconf 90' lang='lat' dir='ltr'>videbatur.</span> <span class='ocrx_word' id='word_1_8' title='bbox 698 268 913 329; x_wconf 81' lang='lat' dir='ltr'><strong>Deinceps</strong></span> <span class='ocrx_word' id='word_1_9' title='bbox 947 273 1094 317; x_wconf 88' lang='lat' dir='ltr'>monet</span> <span class='ocrx_word' id='word_1_10' title='bbox 1126 272 1169 317; x_wconf 91' lang='lat' dir='ltr'>in</span> <span class='ocrx_word' id='word_1_11' title='bbox 1195 271 1390 317; x_wconf 82' lang='lat' dir='ltr'><strong>laxiores</strong></span> <span class='ocrx_word' id='word_1_12' title='bbox 1415 285 1552 332; x_wconf 85' lang='lat' dir='ltr'>agros</span> <span class='ocrx_word' id='word_1_13' title='bbox 1566 281 1609 315; x_wconf 81' lang='lat'>14</span> 
     </span>
    </p>
   </div>
   <div class='ocr_carea' id='block_1_3' title="bbox 105 353 1554 498">
    <p class='ocr_par' dir='ltr' id='par_1_3' title="bbox 105 353 1554 498">
     <span class='ocr_line' id='line_1_3' title="bbox 105 353 1553 416; baseline -0.001 -16"><span class='ocrx_word' id='word_1_14' title='bbox 105 355 338 416; x_wconf 78' lang='lat' dir='ltr'>magisque</span> <span class='ocrx_word' id='word_1_15' title='bbox 357 353 591 414; x_wconf 85' lang='lat' dir='ltr'>pecuarios</span> <span class='ocrx_word' id='word_1_16' title='bbox 611 356 660 398; x_wconf 93' lang='lat' dir='ltr'>ut</span> <span class='ocrx_word' id='word_1_17' title='bbox 678 353 976 414; x_wconf 82' lang='lat' dir='ltr'><strong>egrediantur,</strong></span> <span class='ocrx_word' id='word_1_18' title='bbox 997 355 1092 411; x_wconf 90' lang='lat' dir='ltr'>ubi,</span> <span class='ocrx_word' id='word_1_19' title='bbox 1114 354 1369 416; x_wconf 84' lang='lat' dir='ltr'><strong>priusquam</strong></span> <span class='ocrx_word' id='word_1_20' title='bbox 1390 355 1553 400; x_wconf 83' lang='lat' dir='ltr'>refecto</span> 
     </span>
     <span class='ocr_line' id='line_1_4' title="bbox 107 435 1554 498; baseline -0.003 -11"><span class='ocrx_word' id='word_1_21' title='bbox 107 438 303 487; x_wconf 86' lang='lat' dir='ltr'>exercitu</span> <span class='ocrx_word' id='word_1_22' title='bbox 325 437 504 483; x_wconf 81' lang='lat' dir='ltr'>adesset</span> <span class='ocrx_word' id='word_1_23' title='bbox 523 435 734 482; x_wconf 87' lang='lat' dir='ltr'>Varinius</span> <span class='ocrx_word' id='word_1_24' title='bbox 748 473 759 493; x_wconf 91' lang='lat'>,</span> <span class='ocrx_word' id='word_1_25' title='bbox 786 441 1027 498; x_wconf 81' lang='lat' dir='ltr'>augeretur</span> <span class='ocrx_word' id='word_1_26' title='bbox 1053 453 1262 485; x_wconf 89' lang='lat' dir='ltr'>numerus</span> <span class='ocrx_word' id='word_1_27' title='bbox 1281 437 1404 484; x_wconf 88' lang='lat' dir='ltr'>lectis</span> <span class='ocrx_word' id='word_1_28' title='bbox 1424 437 1554 495; x_wconf 85' lang='lat' dir='ltr'>viris;</span> 
     </span>
    </p>
   </div>
   <div class='ocr_carea' id='block_1_4' title="bbox 107 562 1562 1826">
    <p class='ocr_par' dir='ltr' id='par_1_4' title="bbox 107 562 1559 1167">
     <span class='ocr_line' id='line_1_5' title="bbox 107 562 1557 612; baseline 0 -11"><span class='ocrx_word' id='word_1_29' title='bbox 107 570 177 602; x_wconf 83' lang='lat' dir='ltr'>tur.</span> <span class='ocrx_word' id='word_1_30' title='bbox 227 564 356 610; x_wconf 87' lang='lat' dir='ltr'>Neque</span> <span class='ocrx_word' id='word_1_31' title='bbox 392 562 655 610; x_wconf 65' lang='lat' dir='ltr'>KreySsigium</span> <span class='ocrx_word' id='word_1_32' title='bbox 694 574 825 598; x_wconf 84' lang='lat' dir='ltr'>verum</span> <span class='ocrx_word' id='word_1_33' title='bbox 859 566 1072 600; x_wconf 87' lang='lat' dir='ltr'>assecutum</span> <span class='ocrx_word' id='word_1_34' title='bbox 1109 573 1194 598; x_wconf 87' lang='lat' dir='ltr'>esse</span> <span class='ocrx_word' id='word_1_35' title='bbox 1228 565 1460 610; x_wconf 85' lang='lat' dir='ltr'>putaverim,</span> <span class='ocrx_word' id='word_1_36' title='bbox 1495 566 1557 612; x_wconf 91' lang='lat' dir='ltr'>qui</span> 
     </span>
     <span class='ocr_line' id='line_1_6' title="bbox 109 619 1557 670; baseline 0 -13"><span class='ocrx_word' id='word_1_37' title='bbox 109 621 305 670; x_wconf 83' lang='lat' dir='ltr'>proposuit</span> <span class='ocrx_word' id='word_1_38' title='bbox 331 620 520 656; x_wconf 81' lang='lat' dir='ltr'>consilium</span> <span class='ocrx_word' id='word_1_39' title='bbox 540 620 689 666; x_wconf 82' lang='lat' dir='ltr'>capit,</span> <span class='ocrx_word' id='word_1_40' title='bbox 708 620 806 666; x_wconf 83' lang='lat' dir='ltr'>quod</span> <span class='ocrx_word' id='word_1_41' title='bbox 822 622 993 667; x_wconf 80' lang='lat' dir='ltr'>optimum</span> <span class='ocrx_word' id='word_1_42' title='bbox 1011 619 1211 655; x_wconf 83' lang='lat' dir='ltr'>videbatur.</span> <span class='ocrx_word' id='word_1_43' title='bbox 1252 620 1346 657; x_wconf 85' lang='lat' dir='ltr'>Nam</span> <span class='ocrx_word' id='word_1_44' title='bbox 1368 622 1399 658; x_wconf 87' lang='lat' dir='ltr'>si</span> <span class='ocrx_word' id='word_1_45' title='bbox 1422 621 1471 657; x_wconf 88' lang='lat' dir='ltr'>ad</span> <span class='ocrx_word' id='word_1_46' title='bbox 1492 634 1557 658; x_wconf 91' lang='lat' dir='ltr'>an-</span> 
     </span>
     <span class='ocr_line' id='line_1_7' title="bbox 108 675 1556 726; baseline 0 -12"><span class='ocrx_word' id='word_1_47' title='bbox 108 677 321 714; x_wconf 87' lang='lat' dir='ltr'>tecedentia</span> <span class='ocrx_word' id='word_1_48' title='bbox 350 677 493 720; x_wconf 82' lang='lat' dir='ltr'>refers,</span> <span class='ocrx_word' id='word_1_49' title='bbox 521 675 570 712; x_wconf 91' lang='lat' dir='ltr'>ibi</span> <span class='ocrx_word' id='word_1_50' title='bbox 602 686 677 711; x_wconf 89' lang='lat' dir='ltr'>non</span> <span class='ocrx_word' id='word_1_51' title='bbox 706 675 753 710; x_wconf 90' lang='lat' dir='ltr'>de</span> <span class='ocrx_word' id='word_1_52' title='bbox 779 680 888 723; x_wconf 86' lang='lat' dir='ltr'>capto</span> <span class='ocrx_word' id='word_1_53' title='bbox 911 675 1067 713; x_wconf 89' lang='lat' dir='ltr'>consilio</span> <span class='ocrx_word' id='word_1_54' title='bbox 1090 675 1163 711; x_wconf 91' lang='lat' dir='ltr'>dici</span> <span class='ocrx_word' id='word_1_55' title='bbox 1188 678 1325 724; x_wconf 78' lang='lat' dir='ltr'>potuit,</span> <span class='ocrx_word' id='word_1_56' title='bbox 1354 678 1455 726; x_wconf 90' lang='lat' dir='ltr'>quod</span> <span class='ocrx_word' id='word_1_57' title='bbox 1479 680 1556 714; x_wconf 88' lang='lat' dir='ltr'>sere</span> 
     </span>
     <span class='ocr_line' id='line_1_8' title="bbox 109 732 1559 782; baseline 0 -11"><span class='ocrx_word' id='word_1_58' title='bbox 109 745 241 771; x_wconf 91' lang='lat' dir='ltr'>omnes</span> <span class='ocrx_word' id='word_1_59' title='bbox 268 733 488 777; x_wconf 87' lang='lat' dir='ltr'>reiicerent;</span> <span class='ocrx_word' id='word_1_60' title='bbox 521 733 579 768; x_wconf 89' lang='lat' dir='ltr'>sin</span> <span class='ocrx_word' id='word_1_61' title='bbox 609 732 657 768; x_wconf 86' lang='lat' dir='ltr'>ad</span> <span class='ocrx_word' id='word_1_62' title='bbox 687 733 883 779; x_wconf 73' lang='lat' dir='ltr'>sequentia</span> <span class='ocrx_word' id='word_1_63' title='bbox 910 733 1047 776; x_wconf 84' lang='lat' dir='ltr'>trahis,</span> <span class='ocrx_word' id='word_1_64' title='bbox 1079 732 1115 768; x_wconf 89' lang='lat' dir='ltr'>ei</span> <span class='ocrx_word' id='word_1_65' title='bbox 1136 732 1189 768; x_wconf 88' lang='lat' dir='ltr'>rei</span> <span class='ocrx_word' id='word_1_66' title='bbox 1211 739 1421 782; x_wconf 79' lang='lat' dir='ltr'>repugnant</span> <span class='ocrx_word' id='word_1_67' title='bbox 1442 736 1559 772; x_wconf 88' lang='lat' dir='ltr'>verba</span> 
     </span>
     <span class='ocr_line' id='line_1_9' title="bbox 110 788 1557 838; baseline -0.001 -9"><span class='ocrx_word' id='word_1_68' title='bbox 110 792 282 838; x_wconf 81' lang='lat' dir='ltr'>deinceps</span> <span class='ocrx_word' id='word_1_69' title='bbox 310 793 450 833; x_wconf 84' lang='lat' dir='ltr'>monet,</span> <span class='ocrx_word' id='word_1_70' title='bbox 479 799 575 836; x_wconf 84' lang='lat' dir='ltr'>quae</span> <span class='ocrx_word' id='word_1_71' title='bbox 605 788 655 824; x_wconf 86' lang='lat' dir='ltr'>ita</span> <span class='ocrx_word' id='word_1_72' title='bbox 675 794 891 836; x_wconf 86' lang='lat' dir='ltr'>comparata</span> <span class='ocrx_word' id='word_1_73' title='bbox 917 793 1025 833; x_wconf 88' lang='lat' dir='ltr'>sunt,</span> <span class='ocrx_word' id='word_1_74' title='bbox 1056 793 1095 824; x_wconf 92' lang='lat' dir='ltr'>ut</span> <span class='ocrx_word' id='word_1_75' title='bbox 1123 799 1358 837; x_wconf 83' lang='lat' dir='ltr'>nequaquam</span> <span class='ocrx_word' id='word_1_76' title='bbox 1390 792 1464 827; x_wconf 88' lang='lat' dir='ltr'>iam</span> <span class='ocrx_word' id='word_1_77' title='bbox 1494 802 1557 828; x_wconf 89' lang='lat' dir='ltr'>ca-</span> 
     </span>
     <span class='ocr_line' id='line_1_10' title="bbox 108 845 1559 896; baseline 0 -12"><span class='ocrx_word' id='word_1_78' title='bbox 108 853 212 896; x_wconf 88' lang='lat' dir='ltr'>ptum</span> <span class='ocrx_word' id='word_1_79' title='bbox 248 847 444 883; x_wconf 89' lang='lat' dir='ltr'>consilium</span> <span class='ocrx_word' id='word_1_80' title='bbox 480 845 680 882; x_wconf 83' lang='lat' dir='ltr'>declarent.</span> <span class='ocrx_word' id='word_1_81' title='bbox 746 847 944 882; x_wconf 87' lang='lat' dir='ltr'>Praeterea</span> <span class='ocrx_word' id='word_1_82' title='bbox 966 845 1192 881; x_wconf 86' lang='lat' dir='ltr'>monendum</span> <span class='ocrx_word' id='word_1_83' title='bbox 1229 847 1395 892; x_wconf 88' lang='lat' dir='ltr'>videtur,</span> <span class='ocrx_word' id='word_1_84' title='bbox 1431 849 1463 884; x_wconf 87' lang='lat' dir='ltr'>si</span> <span class='ocrx_word' id='word_1_85' title='bbox 1498 848 1559 884; x_wconf 92' lang='lat' dir='ltr'>cui</span> 
     </span>
     <span class='ocr_line' id='line_1_11' title="bbox 110 901 1558 949; baseline -0.001 -8"><span class='ocrx_word' id='word_1_86' title='bbox 110 909 237 941; x_wconf 87' lang='lat' dir='ltr'>nostra</span> <span class='ocrx_word' id='word_1_87' title='bbox 263 904 478 940; x_wconf 87' lang='lat' dir='ltr'>coniectura</span> <span class='ocrx_word' id='word_1_88' title='bbox 499 914 544 938; x_wconf 91' lang='lat' dir='ltr'>eo</span> <span class='ocrx_word' id='word_1_89' title='bbox 567 902 774 949; x_wconf 80' lang='lat' dir='ltr'>displiceat,</span> <span class='ocrx_word' id='word_1_90' title='bbox 792 903 894 949; x_wconf 88' lang='lat' dir='ltr'>quod</span> <span class='ocrx_word' id='word_1_91' title='bbox 913 901 1105 939; x_wconf 82' lang='lat' dir='ltr'>secundus</span> <span class='ocrx_word' id='word_1_92' title='bbox 1129 913 1261 940; x_wconf 89' lang='lat' dir='ltr'>versus</span> <span class='ocrx_word' id='word_1_93' title='bbox 1278 903 1396 940; x_wconf 88' lang='lat' dir='ltr'><strong>XXIII</strong></span> <span class='ocrx_word' id='word_1_94' title='bbox 1417 905 1558 940; x_wconf 78' lang='lat' dir='ltr'>litteras</span> 
     </span>
     <span class='ocr_line' id='line_1_12' title="bbox 110 959 1558 1008; baseline -0.001 -10"><span class='ocrx_word' id='word_1_95' title='bbox 110 962 291 1005; x_wconf 87' lang='lat' dir='ltr'>continet,</span> <span class='ocrx_word' id='word_1_96' title='bbox 321 972 389 1008; x_wconf 90' lang='lat' dir='ltr'>pro</span> <span class='ocrx_word' id='word_1_97' title='bbox 418 960 456 995; x_wconf 85' lang='lat' dir='ltr'>in</span> <span class='ocrx_word' id='word_1_98' title='bbox 483 960 550 996; x_wconf 78' lang='lat' dir='ltr'>tali</span> <span class='ocrx_word' id='word_1_99' title='bbox 575 969 618 996; x_wconf 87' lang='lat' dir='ltr'>re</span> <span class='ocrx_word' id='word_1_100' title='bbox 645 959 743 995; x_wconf 87' lang='lat' dir='ltr'>sacili</span> <span class='ocrx_word' id='word_1_101' title='bbox 774 960 925 1006; x_wconf 84' lang='lat' dir='ltr'>negotio</span> <span class='ocrx_word' id='word_1_102' title='bbox 956 970 1076 1006; x_wconf 87' lang='lat' dir='ltr'>neque</span> <span class='ocrx_word' id='word_1_103' title='bbox 1109 970 1223 996; x_wconf 84' lang='lat' dir='ltr'>sensu</span> <span class='ocrx_word' id='word_1_104' title='bbox 1244 961 1398 996; x_wconf 89' lang='lat' dir='ltr'>multum</span> <span class='ocrx_word' id='word_1_105' title='bbox 1419 962 1558 997; x_wconf 85' lang='lat' dir='ltr'>mutato</span> 
     </span>
     <span class='ocr_line' id='line_1_13' title="bbox 110 1015 1559 1065; baseline -0.001 -11"><span class='ocrx_word' id='word_1_106' title='bbox 110 1023 196 1055; x_wconf 82' lang='lat' dir='ltr'>lunc</span> <span class='ocrx_word' id='word_1_107' title='bbox 217 1017 328 1054; x_wconf 87' lang='lat' dir='ltr'>scribi</span> <span class='ocrx_word' id='word_1_108' title='bbox 350 1027 479 1064; x_wconf 88' lang='lat' dir='ltr'>posse.</span> <span class='ocrx_word' id='word_1_109' title='bbox 502 1035 559 1041; x_wconf 89' lang='lat'>—</span> <span class='ocrx_word' id='word_1_110' title='bbox 586 1016 666 1052; x_wconf 89' lang='lat' dir='ltr'>Hoc</span> <span class='ocrx_word' id='word_1_111' title='bbox 690 1027 838 1062; x_wconf 87' lang='lat' dir='ltr'>quoque</span> <span class='ocrx_word' id='word_1_112' title='bbox 859 1017 941 1052; x_wconf 87' lang='lat' dir='ltr'>loco</span> <span class='ocrx_word' id='word_1_113' title='bbox 965 1015 1189 1052; x_wconf 85' lang='lat' dir='ltr'>Niebuhrius</span> <span class='ocrx_word' id='word_1_114' title='bbox 1211 1017 1335 1054; x_wconf 88' lang='lat' dir='ltr'>minus</span> <span class='ocrx_word' id='word_1_115' title='bbox 1356 1018 1559 1065; x_wconf 86' lang='lat' dir='ltr'>perspicax</span> 
     </span>
     <span class='ocr_line' id='line_1_14' title="bbox 112 1072 1558 1122; baseline -0.001 -11"><span class='ocrx_word' id='word_1_116' title='bbox 112 1086 222 1122; x_wconf 87' lang='lat' dir='ltr'>quam</span> <span class='ocrx_word' id='word_1_117' title='bbox 251 1075 373 1110; x_wconf 81' lang='lat' dir='ltr'>Maius</span> <span class='ocrx_word' id='word_1_118' title='bbox 412 1083 481 1120; x_wconf 86' lang='lat' dir='ltr'>pro</span> <span class='ocrx_word' id='word_1_119' title='bbox 513 1098 522 1107; x_wconf 90' lang='lat'>.</span> <span class='ocrx_word' id='word_1_120' title='bbox 568 1072 1032 1108; x_wconf 81' lang='lat' dir='ltr'>‚TIMUMUIDEBA&#39;IUR</span> <span class='ocrx_word' id='word_1_121' title='bbox 1065 1072 1191 1118; x_wconf 83' lang='lat' dir='ltr'>legit.</span> <span class='ocrx_word' id='word_1_122' title='bbox 1237 1073 1388 1110; x_wconf 82' lang='lat' dir='ltr'>‚TIMU</span> <span class='ocrx_word' id='word_1_123' title='bbox 1418 1074 1558 1110; x_wconf 87' lang='lat' dir='ltr'><strong>UUIDL</strong></span> 
     </span>
     <span class='ocr_line' id='line_1_15' title="bbox 114 1128 1204 1176; baseline -0.004 -8.834"><span class='ocrx_word' id='word_1_124' title='bbox 114 1131 250 1176; x_wconf 82' lang='grc' dir='ltr'><strong>,.ΜΑ;</strong></span> <span class='ocrx_word' id='word_1_125' title='bbox 274 1129 473 1167; x_wconf 88' lang='lat' dir='ltr'>Bimardus</span> <span class='ocrx_word' id='word_1_126' title='bbox 498 1139 587 1165; x_wconf 89' lang='lat' dir='ltr'>vero</span> <span class='ocrx_word' id='word_1_127' title='bbox 610 1130 723 1165; x_wconf 91' lang='lat' dir='ltr'>multo</span> <span class='ocrx_word' id='word_1_128' title='bbox 745 1128 911 1165; x_wconf 84' lang='lat' dir='ltr'>deterius</span> <span class='ocrx_word' id='word_1_129' title='bbox 931 1128 1204 1164; x_wconf 84' lang='lat' dir='ltr'>TIMILIRUIT.</span> 
     </span>
    </p>

    <p class='ocr_par' dir='ltr' id='par_1_5' title="bbox 112 1183 1562 1798">
     <span class='ocr_line' id='line_1_16' title="bbox 225 1183 1561 1234; baseline -0.002 -9"><span class='ocrx_word' id='word_1_130' title='bbox 225 1189 335 1231; x_wconf 82' lang='lat'>§.14</span> <span class='ocrx_word' id='word_1_131' title='bbox 376 1186 562 1232; x_wconf 79' lang='lat' dir='ltr'>Deinceps</span> <span class='ocrx_word' id='word_1_132' title='bbox 590 1186 725 1229; x_wconf 82' lang='lat' dir='ltr'>monet)</span> <span class='ocrx_word' id='word_1_133' title='bbox 767 1185 868 1221; x_wconf 88' lang='lat' dir='ltr'>Haec</span> <span class='ocrx_word' id='word_1_134' title='bbox 896 1187 1013 1222; x_wconf 86' lang='lat' dir='ltr'>verba</span> <span class='ocrx_word' id='word_1_135' title='bbox 1034 1184 1258 1222; x_wconf 89' lang='lat' dir='ltr'>documento</span> <span class='ocrx_word' id='word_1_136' title='bbox 1280 1190 1386 1233; x_wconf 87' lang='lat' dir='ltr'>sunt,</span> <span class='ocrx_word' id='word_1_137' title='bbox 1407 1183 1561 1234; x_wconf 84' lang='lat' dir='ltr'>Sparta-</span> 
     </span>
     <span class='ocr_line' id='line_1_17' title="bbox 112 1241 1558 1294; baseline -0.003 -13"><span class='ocrx_word' id='word_1_138' title='bbox 112 1256 220 1289; x_wconf 88' lang='lat' dir='ltr'>cum,</span> <span class='ocrx_word' id='word_1_139' title='bbox 253 1254 366 1291; x_wconf 90' lang='lat' dir='ltr'>quum</span> <span class='ocrx_word' id='word_1_140' title='bbox 390 1242 449 1286; x_wconf 89' lang='lat' dir='ltr'>id,</span> <span class='ocrx_word' id='word_1_141' title='bbox 486 1241 588 1294; x_wconf 84' lang='lat' dir='ltr'>quod</span> <span class='ocrx_word' id='word_1_142' title='bbox 610 1242 735 1286; x_wconf 91' lang='lat' dir='ltr'>vellet,</span> <span class='ocrx_word' id='word_1_143' title='bbox 756 1241 907 1278; x_wconf 78' lang='lat' dir='ltr'>efficere</span> <span class='ocrx_word' id='word_1_144' title='bbox 929 1253 1002 1277; x_wconf 91' lang='lat' dir='ltr'>non</span> <span class='ocrx_word' id='word_1_145' title='bbox 1021 1241 1227 1290; x_wconf 83' lang='lat' dir='ltr'>potuisset,</span> <span class='ocrx_word' id='word_1_146' title='bbox 1257 1243 1360 1279; x_wconf 87' lang='lat' dir='ltr'>aliud</span> <span class='ocrx_word' id='word_1_147' title='bbox 1380 1246 1558 1279; x_wconf 87' lang='lat' dir='ltr'>tentasse.</span> 
     </span>
     <span class='ocr_line' id='line_1_18' title="bbox 113 1298 1560 1346; baseline -0.001 -9"><span class='ocrx_word' id='word_1_148' title='bbox 113 1302 295 1337; x_wconf 87' lang='lat' dir='ltr'>Voluerat</span> <span class='ocrx_word' id='word_1_149' title='bbox 325 1303 448 1335; x_wconf 85' lang='lat' dir='ltr'>autem</span> <span class='ocrx_word' id='word_1_150' title='bbox 478 1299 656 1346; x_wconf 81' lang='lat' dir='ltr'>fugitivos</span> <span class='ocrx_word' id='word_1_151' title='bbox 689 1298 726 1333; x_wconf 88' lang='lat' dir='ltr'>in</span> <span class='ocrx_word' id='word_1_152' title='bbox 759 1300 893 1335; x_wconf 82' lang='lat' dir='ltr'>castris</span> <span class='ocrx_word' id='word_1_153' title='bbox 915 1311 956 1336; x_wconf 89' lang='lat' dir='ltr'>se</span> <span class='ocrx_word' id='word_1_154' title='bbox 979 1303 1106 1334; x_wconf 87' lang='lat' dir='ltr'>tenere</span> <span class='ocrx_word' id='word_1_155' title='bbox 1139 1302 1175 1334; x_wconf 87' lang='lat' dir='ltr'>et</span> <span class='ocrx_word' id='word_1_156' title='bbox 1202 1310 1332 1346; x_wconf 81' lang='lat' dir='ltr'>pugna</span> <span class='ocrx_word' id='word_1_157' title='bbox 1352 1303 1429 1335; x_wconf 89' lang='lat' dir='ltr'>tum</span> <span class='ocrx_word' id='word_1_158' title='bbox 1449 1299 1560 1335; x_wconf 87' lang='lat' dir='ltr'>absti-</span> 
     </span>
     <span class='ocr_line' id='line_1_19' title="bbox 114 1354 1561 1402; baseline -0.003 -8"><span class='ocrx_word' id='word_1_159' title='bbox 114 1368 217 1394; x_wconf 87' lang='lat' dir='ltr'>nere.</span> <span class='ocrx_word' id='word_1_160' title='bbox 256 1357 335 1393; x_wconf 80' lang='grc' dir='ltr'>Ηόο</span> <span class='ocrx_word' id='word_1_161' title='bbox 365 1356 437 1391; x_wconf 89' lang='lat' dir='ltr'>illis</span> <span class='ocrx_word' id='word_1_162' title='bbox 466 1355 733 1400; x_wconf 87' lang='lat' dir='ltr'>abnuentibus,</span> <span class='ocrx_word' id='word_1_163' title='bbox 766 1366 842 1401; x_wconf 87' lang='lat' dir='ltr'>quo</span> <span class='ocrx_word' id='word_1_164' title='bbox 872 1367 894 1391; x_wconf 92' lang='lat' dir='ltr'>a</span> <span class='ocrx_word' id='word_1_165' title='bbox 925 1354 1188 1391; x_wconf 88' lang='lat' dir='ltr'>committendo</span> <span class='ocrx_word' id='word_1_166' title='bbox 1214 1356 1359 1402; x_wconf 89' lang='lat' dir='ltr'>proelio</span> <span class='ocrx_word' id='word_1_167' title='bbox 1382 1366 1448 1392; x_wconf 91' lang='lat' dir='ltr'>eos</span> <span class='ocrx_word' id='word_1_168' title='bbox 1471 1366 1561 1391; x_wconf 89' lang='lat' dir='ltr'>avo-</span> 
     </span>
     <span class='ocr_line' id='line_1_20' title="bbox 113 1411 1562 1461; baseline -0.003 -10"><span class='ocrx_word' id='word_1_169' title='bbox 113 1418 233 1461; x_wconf 84' lang='lat' dir='ltr'>caret,</span> <span class='ocrx_word' id='word_1_170' title='bbox 266 1415 389 1450; x_wconf 88' lang='lat' dir='ltr'>locum</span> <span class='ocrx_word' id='word_1_171' title='bbox 418 1412 538 1448; x_wconf 87' lang='lat' dir='ltr'>subito</span> <span class='ocrx_word' id='word_1_172' title='bbox 571 1411 790 1448; x_wconf 88' lang='lat' dir='ltr'>mutandum</span> <span class='ocrx_word' id='word_1_173' title='bbox 818 1412 964 1448; x_wconf 88' lang='lat' dir='ltr'>censuit</span> <span class='ocrx_word' id='word_1_174' title='bbox 998 1415 1033 1446; x_wconf 90' lang='lat' dir='ltr'>et</span> <span class='ocrx_word' id='word_1_175' title='bbox 1067 1422 1114 1446; x_wconf 86' lang='lat' dir='ltr'>ex</span> <span class='ocrx_word' id='word_1_176' title='bbox 1141 1412 1320 1449; x_wconf 89' lang='lat' dir='ltr'>montium</span> <span class='ocrx_word' id='word_1_177' title='bbox 1342 1412 1496 1449; x_wconf 83' lang='lat' dir='ltr'>saltibus</span> <span class='ocrx_word' id='word_1_178' title='bbox 1525 1415 1562 1447; x_wconf 83' lang='lat' dir='ltr'>et</span> 
     </span>
     <span class='ocr_line' id='line_1_21' title="bbox 113 1467 1561 1518; baseline -0.002 -11"><span class='ocrx_word' id='word_1_179' title='bbox 113 1470 298 1518; x_wconf 84' lang='lat' dir='ltr'>angustiis</span> <span class='ocrx_word' id='word_1_180' title='bbox 329 1470 367 1505; x_wconf 91' lang='lat' dir='ltr'>in</span> <span class='ocrx_word' id='word_1_181' title='bbox 398 1470 483 1505; x_wconf 90' lang='lat' dir='ltr'>loca</span> <span class='ocrx_word' id='word_1_182' title='bbox 511 1469 625 1516; x_wconf 84' lang='lat' dir='ltr'>plana</span> <span class='ocrx_word' id='word_1_183' title='bbox 655 1473 691 1504; x_wconf 85' lang='lat' dir='ltr'>et</span> <span class='ocrx_word' id='word_1_184' title='bbox 719 1468 853 1505; x_wconf 83' lang='lat' dir='ltr'>fertilia</span> <span class='ocrx_word' id='word_1_185' title='bbox 884 1467 1184 1505; x_wconf 89' lang='lat' dir='ltr'>concedendum.</span> <span class='ocrx_word' id='word_1_186' title='bbox 1207 1489 1264 1494; x_wconf 91' lang='lat'>—-</span> <span class='ocrx_word' id='word_1_187' title='bbox 1302 1470 1372 1505; x_wconf 89' lang='lat' dir='ltr'>Pro</span> <span class='ocrx_word' id='word_1_188' title='bbox 1396 1469 1561 1505; x_wconf 78' lang='lat' dir='ltr'>laxiores</span> 
     </span>
     <span class='ocr_line' id='line_1_22' title="bbox 115 1523 1561 1572; baseline -0.001 -8"><span class='ocrx_word' id='word_1_189' title='bbox 115 1529 152 1563; x_wconf 90' lang='lat' dir='ltr'>in</span> <span class='ocrx_word' id='word_1_190' title='bbox 173 1527 260 1564; x_wconf 89' lang='lat' dir='ltr'>cod.</span> <span class='ocrx_word' id='word_1_191' title='bbox 280 1527 366 1562; x_wconf 89' lang='lat' dir='ltr'>Vat.</span> <span class='ocrx_word' id='word_1_192' title='bbox 389 1525 554 1561; x_wconf 74' lang='lat' dir='ltr'>evanida</span> <span class='ocrx_word' id='word_1_193' title='bbox 573 1525 693 1572; x_wconf 73' lang='lat' dir='ltr'>prima</span> <span class='ocrx_word' id='word_1_194' title='bbox 711 1526 831 1561; x_wconf 73' lang='lat' dir='ltr'>littera</span> <span class='ocrx_word' id='word_1_195' title='bbox 852 1530 888 1561; x_wconf 90' lang='lat' dir='ltr'>et</span> <span class='ocrx_word' id='word_1_196' title='bbox 909 1523 1008 1561; x_wconf 40' lang='lat' dir='ltr'>salsa*</span> <span class='ocrx_word' id='word_1_197' title='bbox 1026 1525 1285 1561; x_wconf 88' lang='lat' dir='ltr'>terminatione</span> <span class='ocrx_word' id='word_1_198' title='bbox 1309 1529 1367 1562; x_wconf 81' lang='lat' dir='ltr'>est</span> <span class='ocrx_word' id='word_1_199' title='bbox 1397 1551 1407 1560; x_wconf 92' lang='lat'>.</span> <span class='ocrx_word' id='word_1_200' title='bbox 1428 1525 1561 1562; x_wconf 77' lang='lat' dir='ltr'>AXIO-</span> 
     </span>
     <span class='ocr_line' id='line_1_23' title="bbox 114 1582 1562 1629; baseline -0.001 -9"><span class='ocrx_word' id='word_1_201' title='bbox 114 1583 204 1628; x_wconf 87' lang='lat' dir='ltr'>RIS,</span> <span class='ocrx_word' id='word_1_202' title='bbox 226 1582 328 1619; x_wconf 90' lang='lat' dir='ltr'>unde</span> <span class='ocrx_word' id='word_1_203' title='bbox 351 1582 599 1629; x_wconf 81' lang='lat' dir='ltr'>Kreyssigius</span> <span class='ocrx_word' id='word_1_204' title='bbox 622 1592 750 1617; x_wconf 88' lang='lat' dir='ltr'>veram</span> <span class='ocrx_word' id='word_1_205' title='bbox 773 1582 995 1628; x_wconf 84' lang='lat' dir='ltr'>scripturam</span> <span class='ocrx_word' id='word_1_206' title='bbox 1015 1585 1116 1618; x_wconf 89' lang='lat' dir='ltr'>recte</span> <span class='ocrx_word' id='word_1_207' title='bbox 1136 1582 1279 1626; x_wconf 85' lang='lat' dir='ltr'>elicuit,</span> <span class='ocrx_word' id='word_1_208' title='bbox 1311 1592 1423 1629; x_wconf 69' lang='lat' dir='ltr'>aqros</span> <span class='ocrx_word' id='word_1_209' title='bbox 1443 1582 1562 1618; x_wconf 77' lang='lat' dir='ltr'>laxio-</span> 
     </span>
     <span class='ocr_line' id='line_1_24' title="bbox 113 1637 1560 1687; baseline -0.002 -10"><span class='ocrx_word' id='word_1_210' title='bbox 113 1651 176 1677; x_wconf 78' lang='lat' dir='ltr'>res</span> <span class='ocrx_word' id='word_1_211' title='bbox 210 1639 403 1687; x_wconf 83' lang='lat' dir='ltr'>explicans</span> <span class='ocrx_word' id='word_1_212' title='bbox 441 1639 640 1685; x_wconf 83' lang='lat' dir='ltr'>ampliores</span> <span class='ocrx_word' id='word_1_213' title='bbox 680 1638 762 1675; x_wconf 86' lang='lat' dir='ltr'>sive</span> <span class='ocrx_word' id='word_1_214' title='bbox 803 1639 1058 1685; x_wconf 76' lang='lat' dir='ltr'>spatiosiores,</span> <span class='ocrx_word' id='word_1_215' title='bbox 1094 1638 1179 1673; x_wconf 87' lang='lat' dir='ltr'>coll.</span> <span class='ocrx_word' id='word_1_216' title='bbox 1216 1637 1421 1675; x_wconf 86' lang='lat' dir='ltr'>Columella</span> <span class='ocrx_word' id='word_1_217' title='bbox 1454 1638 1489 1682; x_wconf 89' lang='lat' dir='ltr'>l,</span> <span class='ocrx_word' id='word_1_218' title='bbox 1527 1641 1560 1676; x_wconf 85' lang='lat'>3.</span> 
     </span>
     <span class='ocr_line' id='line_1_25' title="bbox 116 1693 1561 1742; baseline -0.002 -9"><span class='ocrx_word' id='word_1_219' title='bbox 116 1697 176 1733; x_wconf 90' lang='lat' dir='ltr'>ubi</span> <span class='ocrx_word' id='word_1_220' title='bbox 207 1697 320 1732; x_wconf 78' lang='lat' dir='ltr'>laoeus</span> <span class='ocrx_word' id='word_1_221' title='bbox 358 1705 450 1742; x_wconf 74' lang='lat' dir='ltr'>ayer</span> <span class='ocrx_word' id='word_1_222' title='bbox 484 1694 684 1741; x_wconf 87' lang='lat' dir='ltr'>opponitur</span> <span class='ocrx_word' id='word_1_223' title='bbox 714 1698 888 1741; x_wconf 83' lang='lat' dir='ltr'>angusto.</span> <span class='ocrx_word' id='word_1_224' title='bbox 940 1693 1165 1730; x_wconf 91' lang='lat' dir='ltr'>Niebuhrius</span> <span class='ocrx_word' id='word_1_225' title='bbox 1195 1695 1285 1741; x_wconf 85' lang='lat' dir='ltr'>legit</span> <span class='ocrx_word' id='word_1_226' title='bbox 1326 1693 1561 1730; x_wconf 70' lang='grc' dir='ltr'><strong>.ΑΧΙΟΑΙΒ.</strong></span> 
     </span>
     <span class='ocr_line' id='line_1_26' title="bbox 114 1739 1562 1826; baseline -0.003 -37"><span class='ocrx_word' id='word_1_227' title='bbox 114 1773 172 1780; x_wconf 92' lang='grc'>--</span> <span class='ocrx_word' id='word_1_228' title='bbox 202 1753 400 1789; x_wconf 56' lang='lat' dir='ltr'>Pet-uarios</span> <span class='ocrx_word' id='word_1_229' title='bbox 437 1751 487 1787; x_wconf 89' lang='lat' dir='ltr'>ita</span> <span class='ocrx_word' id='word_1_230' title='bbox 518 1754 686 1798; x_wconf 86' lang='lat' dir='ltr'>praestat</span> <span class='ocrx_word' id='word_1_231' title='bbox 713 1750 799 1786; x_wconf 87' lang='lat' dir='ltr'>cod.</span> <span class='ocrx_word' id='word_1_232' title='bbox 834 1751 932 1795; x_wconf 85' lang='lat' dir='ltr'>Vat.‚</span> <span class='ocrx_word' id='word_1_233' title='bbox 938 1754 1006 1826; x_wconf 73' lang='lat' dir='ltr'>Aut</span> <span class='ocrx_word' id='word_1_234' title='bbox 1039 1750 1180 1786; x_wconf 90' lang='lat' dir='ltr'>omissa</span> <span class='ocrx_word' id='word_1_235' title='bbox 1210 1751 1246 1786; x_wconf 93' lang='lat' dir='ltr'><strong>A</strong></span> <span class='ocrx_word' id='word_1_236' title='bbox 1272 1739 1392 1786; x_wconf 82' lang='lat' dir='ltr'>littera</span> <span class='ocrx_word' id='word_1_237' title='bbox 1419 1750 1562 1785; x_wconf 88' lang='lat' dir='ltr'>minore</span> 
     </span>
    </p>
   </div>
   <div class='ocr_carea' id='block_1_5' title="bbox 67 1839 1570 2791">
    <p class='ocr_par' dir='ltr' id='par_1_6' title="bbox 67 1839 1570 2791">
     <span class='ocr_line' id='line_1_27' title="bbox 116 1839 1562 1888; baseline -0.001 -10"><span class='ocrx_word' id='word_1_238' title='bbox 116 1843 235 1880; x_wconf 75' lang='lat' dir='ltr'>forma</span> <span class='ocrx_word' id='word_1_239' title='bbox 265 1852 380 1888; x_wconf 79' lang='lat' dir='ltr'>supra</span> <span class='ocrx_word' id='word_1_240' title='bbox 406 1843 436 1879; x_wconf 92' lang='lat' dir='ltr'>U</span> <span class='ocrx_word' id='word_1_241' title='bbox 466 1841 590 1888; x_wconf 87' lang='lat' dir='ltr'>posita</span> <span class='ocrx_word' id='word_1_242' title='bbox 618 1845 799 1888; x_wconf 87' lang='lat' dir='ltr'>appareat</span> <span class='ocrx_word' id='word_1_243' title='bbox 826 1839 1073 1877; x_wconf 89' lang='lat' dir='ltr'>PECURIOS.</span> <span class='ocrx_word' id='word_1_244' title='bbox 1117 1839 1343 1878; x_wconf 87' lang='lat' dir='ltr'>Niebuhrius</span> <span class='ocrx_word' id='word_1_245' title='bbox 1367 1845 1415 1877; x_wconf 85' lang='lat' dir='ltr'>et</span> <span class='ocrx_word' id='word_1_246' title='bbox 1423 1841 1562 1877; x_wconf 81' lang='lat' dir='ltr'>Bimat-</span> 
     </span>
     <span class='ocr_line' id='line_1_28' title="bbox 117 1895 1564 1944; baseline -0.001 -8"><span class='ocrx_word' id='word_1_247' title='bbox 117 1899 188 1936; x_wconf 85' lang='lat' dir='ltr'>dus</span> <span class='ocrx_word' id='word_1_248' title='bbox 224 1898 363 1935; x_wconf 88' lang='lat' dir='ltr'>habent</span> <span class='ocrx_word' id='word_1_249' title='bbox 397 1899 484 1934; x_wconf 89' lang='lat' dir='ltr'>PE.</span> <span class='ocrx_word' id='word_1_250' title='bbox 500 1896 637 1942; x_wconf 82' lang='lat' dir='ltr'>URlo3</span> <span class='ocrx_word' id='word_1_251' title='bbox 675 1896 895 1934; x_wconf 83' lang='lat' dir='ltr'>Gerlachius</span> <span class='ocrx_word' id='word_1_252' title='bbox 931 1897 970 1932; x_wconf 87' lang='lat' dir='ltr'>in</span> <span class='ocrx_word' id='word_1_253' title='bbox 1004 1895 1066 1932; x_wconf 89' lang='lat' dir='ltr'>ed.</span> <span class='ocrx_word' id='word_1_254' title='bbox 1103 1897 1189 1934; x_wconf 87' lang='lat' dir='ltr'>mai.</span> <span class='ocrx_word' id='word_1_255' title='bbox 1223 1897 1262 1932; x_wconf 85' lang='lat' dir='ltr'>in</span> <span class='ocrx_word' id='word_1_256' title='bbox 1293 1923 1428 1934; x_wconf 91' lang='grc'><strong>.....</strong></span> <span class='ocrx_word' id='word_1_257' title='bbox 1453 1906 1564 1944; x_wconf 75' lang='lat' dir='ltr'>aqros</span> 
     </span>
     <span class='ocr_line' id='line_1_29' title="bbox 117 1952 1563 2004; baseline -0.001 -12"><span class='ocrx_word' id='word_1_258' title='bbox 117 1957 259 2004; x_wconf 79' lang='lat' dir='ltr'>malisq.</span> <span class='ocrx_word' id='word_1_259' title='bbox 271 1965 324 2002; x_wconf 91' lang='lat' dir='ltr'>pe</span> <span class='ocrx_word' id='word_1_260' title='bbox 400 1956 514 1991; x_wconf 87' lang='lat' dir='ltr'>.urio.</span> <span class='ocrx_word' id='word_1_261' title='bbox 539 1973 598 1999; x_wconf 60' lang='lat'>÷</span> <span class='ocrx_word' id='word_1_262' title='bbox 616 1954 710 2001; x_wconf 73' lang='lat' dir='ltr'>Aqri</span> <span class='ocrx_word' id='word_1_263' title='bbox 722 1955 906 2001; x_wconf 77' lang='lat' dir='ltr'>pec-uarii,</span> <span class='ocrx_word' id='word_1_264' title='bbox 927 1953 952 1988; x_wconf 90' lang='lat' dir='ltr'>i.</span> <span class='ocrx_word' id='word_1_265' title='bbox 974 1964 1008 1988; x_wconf 90' lang='lat' dir='ltr'>e.</span> <span class='ocrx_word' id='word_1_266' title='bbox 1025 1952 1110 1989; x_wconf 85' lang='lat' dir='ltr'>boni</span> <span class='ocrx_word' id='word_1_267' title='bbox 1128 1954 1270 1999; x_wconf 84' lang='lat' dir='ltr'>pecori,</span> <span class='ocrx_word' id='word_1_268' title='bbox 1304 1958 1343 1991; x_wconf 85' lang='lat' dir='ltr'>ut</span> <span class='ocrx_word' id='word_1_269' title='bbox 1363 1953 1563 1991; x_wconf 87' lang='lat' dir='ltr'>Sallustius</span> 
     </span>
     <span class='ocr_line' id='line_1_30' title="bbox 117 2010 1566 2061; baseline -0.003 -10"><span class='ocrx_word' id='word_1_270' title='bbox 117 2014 199 2061; x_wconf 86' lang='lat' dir='ltr'>Iug.</span> <span class='ocrx_word' id='word_1_271' title='bbox 228 2011 345 2059; x_wconf 83' lang='lat' dir='ltr'>XVII,</span> <span class='ocrx_word' id='word_1_272' title='bbox 372 2016 406 2049; x_wconf 86' lang='lat'>5.</span> <span class='ocrx_word' id='word_1_273' title='bbox 436 2011 620 2058; x_wconf 86' lang='lat' dir='ltr'>loquitur,</span> <span class='ocrx_word' id='word_1_274' title='bbox 650 2011 732 2047; x_wconf 89' lang='lat' dir='ltr'>sive</span> <span class='ocrx_word' id='word_1_275' title='bbox 762 2011 820 2046; x_wconf 88' lang='lat' dir='ltr'>rei</span> <span class='ocrx_word' id='word_1_276' title='bbox 840 2010 1044 2056; x_wconf 83' lang='lat' dir='ltr'>pecuariae</span> <span class='ocrx_word' id='word_1_277' title='bbox 1062 2013 1187 2057; x_wconf 83' lang='lat' dir='ltr'>aplos,</span> <span class='ocrx_word' id='word_1_278' title='bbox 1215 2010 1366 2058; x_wconf 78' lang='lat' dir='ltr'>ideoque</span> <span class='ocrx_word' id='word_1_279' title='bbox 1389 2011 1566 2046; x_wconf 82' lang='lat' dir='ltr'>armentis</span> 
     </span>
     <span class='ocr_line' id='line_1_31' title="bbox 114 2066 1566 2119; baseline -0.003 -12"><span class='ocrx_word' id='word_1_280' title='bbox 114 2068 355 2119; x_wconf 70' lang='lat' dir='ltr'>yreqibusque</span> <span class='ocrx_word' id='word_1_281' title='bbox 382 2068 632 2110; x_wconf 81' lang='lat' dir='ltr'>abundantes;</span> <span class='ocrx_word' id='word_1_282' title='bbox 663 2067 710 2103; x_wconf 76' lang='lat' dir='ltr'>ef.</span> <span class='ocrx_word' id='word_1_283' title='bbox 734 2067 814 2103; x_wconf 91' lang='lat' dir='ltr'>Liv.</span> <span class='ocrx_word' id='word_1_284' title='bbox 835 2066 967 2112; x_wconf 90' lang='lat' dir='ltr'>XXIX,</span> <span class='ocrx_word' id='word_1_285' title='bbox 985 2069 1044 2104; x_wconf 85' lang='lat'>31.</span> <span class='ocrx_word' id='word_1_286' title='bbox 1078 2066 1139 2102; x_wconf 89' lang='lat' dir='ltr'>ubi</span> <span class='ocrx_word' id='word_1_287' title='bbox 1161 2077 1269 2102; x_wconf 90' lang='lat' dir='ltr'>mons</span> <span class='ocrx_word' id='word_1_288' title='bbox 1291 2068 1427 2114; x_wconf 87' lang='lat' dir='ltr'>pecori</span> <span class='ocrx_word' id='word_1_289' title='bbox 1451 2067 1566 2103; x_wconf 80' lang='lat' dir='ltr'>bonus</span> 
     </span>
     <span class='ocr_line' id='line_1_32' title="bbox 117 2122 1566 2171; baseline -0.003 -8"><span class='ocrx_word' id='word_1_290' title='bbox 117 2126 248 2163; x_wconf 83' lang='lat' dir='ltr'>alendo</span> <span class='ocrx_word' id='word_1_291' title='bbox 281 2125 515 2161; x_wconf 87' lang='lat' dir='ltr'>describitur.</span> <span class='ocrx_word' id='word_1_292' title='bbox 566 2123 686 2171; x_wconf 59' lang='grc' dir='ltr'><em>Αργος</em></span> <span class='ocrx_word' id='word_1_293' title='bbox 718 2127 839 2159; x_wconf 86' lang='lat' dir='ltr'>tamen</span> <span class='ocrx_word' id='word_1_294' title='bbox 866 2127 1014 2169; x_wconf 88' lang='lat' dir='ltr'>praeter</span> <span class='ocrx_word' id='word_1_295' title='bbox 1036 2122 1252 2159; x_wconf 79' lang='lat' dir='ltr'>Sallustium</span> <span class='ocrx_word' id='word_1_296' title='bbox 1278 2134 1390 2160; x_wconf 88' lang='lat' dir='ltr'>nemo</span> <span class='ocrx_word' id='word_1_297' title='bbox 1412 2124 1566 2170; x_wconf 83' lang='lat' dir='ltr'>scripto-</span> 
     </span>
     <span class='ocr_line' id='line_1_33' title="bbox 120 2177 1567 2228; baseline -0.003 -9"><span class='ocrx_word' id='word_1_298' title='bbox 120 2193 202 2220; x_wconf 88' lang='lat' dir='ltr'>rum</span> <span class='ocrx_word' id='word_1_299' title='bbox 230 2182 428 2217; x_wconf 85' lang='lat' dir='ltr'>latinorum</span> <span class='ocrx_word' id='word_1_300' title='bbox 450 2182 652 2228; x_wconf 81' lang='lat' dir='ltr'>pecuarios</span> <span class='ocrx_word' id='word_1_301' title='bbox 673 2180 818 2216; x_wconf 86' lang='lat' dir='ltr'>dixisse</span> <span class='ocrx_word' id='word_1_302' title='bbox 840 2179 1000 2215; x_wconf 87' lang='lat' dir='ltr'>videtur.</span> <span class='ocrx_word' id='word_1_303' title='bbox 1038 2177 1243 2216; x_wconf 88' lang='lat' dir='ltr'>KREYSS.</span> <span class='ocrx_word' id='word_1_304' title='bbox 1289 2178 1367 2217; x_wconf 87' lang='lat' dir='ltr'>Sed</span> <span class='ocrx_word' id='word_1_305' title='bbox 1389 2179 1567 2226; x_wconf 86' lang='lat' dir='ltr'>quemad-</span> 
     </span>
     <span class='ocr_line' id='line_1_34' title="bbox 121 2234 1566 2282; baseline -0.003 -6"><span class='ocrx_word' id='word_1_306' title='bbox 121 2238 275 2276; x_wconf 84' lang='lat' dir='ltr'>modum</span> <span class='ocrx_word' id='word_1_307' title='bbox 305 2236 414 2273; x_wconf 86' lang='lat' dir='ltr'>Caes.</span> <span class='ocrx_word' id='word_1_308' title='bbox 442 2237 486 2272; x_wconf 88' lang='grc' dir='ltr'>Β.</span> <span class='ocrx_word' id='word_1_309' title='bbox 516 2236 616 2280; x_wconf 92' lang='lat' dir='ltr'>G.·I‚</span> <span class='ocrx_word' id='word_1_310' title='bbox 645 2240 702 2281; x_wconf 90' lang='lat'>10,</span> <span class='ocrx_word' id='word_1_311' title='bbox 732 2240 769 2274; x_wconf 83' lang='lat'>2.</span> <span class='ocrx_word' id='word_1_312' title='bbox 798 2236 890 2272; x_wconf 86' lang='lat' dir='ltr'>dixit</span> <span class='ocrx_word' id='word_1_313' title='bbox 915 2236 994 2272; x_wconf 84' lang='lat' dir='ltr'>loca</span> <span class='ocrx_word' id='word_1_314' title='bbox 1022 2235 1370 2282; x_wconf 78' lang='lat' dir='ltr'>frumentaria,</span> <span class='ocrx_word' id='word_1_315' title='bbox 1400 2237 1450 2272; x_wconf 82' lang='lat' dir='ltr'>ita</span> <span class='ocrx_word' id='word_1_316' title='bbox 1475 2234 1566 2273; x_wconf 86' lang='lat' dir='ltr'>Sall.</span> 
     </span>
     <span class='ocr_line' id='line_1_35' title="bbox 121 2284 1570 2344; baseline -0.003 -12"><span class='ocrx_word' id='word_1_317' title='bbox 121 2304 234 2344; x_wconf 61' lang='lat' dir='ltr'>agros</span> <span class='ocrx_word' id='word_1_318' title='bbox 253 2293 404 2330; x_wconf 83' lang='lat' dir='ltr'>vocavit</span> <span class='ocrx_word' id='word_1_319' title='bbox 417 2293 632 2340; x_wconf 84' lang='lat' dir='ltr'>pecuarios.</span> <span class='ocrx_word' id='word_1_320' title='bbox 650 2312 699 2320; x_wconf 91' lang='lat'>—</span> <span class='ocrx_word' id='word_1_321' title='bbox 723 2293 794 2328; x_wconf 89' lang='lat' dir='ltr'>Pro</span> <span class='ocrx_word' id='word_1_322' title='bbox 815 2292 1052 2340; x_wconf 71' lang='lat' dir='ltr'>eyredianlur</span> <span class='ocrx_word' id='word_1_323' title='bbox 1074 2292 1110 2326; x_wconf 92' lang='lat' dir='ltr'>in</span> <span class='ocrx_word' id='word_1_324' title='bbox 1131 2291 1217 2328; x_wconf 87' lang='lat' dir='ltr'>cod.</span> <span class='ocrx_word' id='word_1_325' title='bbox 1240 2284 1324 2328; x_wconf 79' lang='lat' dir='ltr'>vat.</span> <span class='ocrx_word' id='word_1_326' title='bbox 1347 2292 1484 2329; x_wconf 87' lang='lat' dir='ltr'>vitiose</span> <span class='ocrx_word' id='word_1_327' title='bbox 1511 2296 1570 2329; x_wconf 88' lang='lat' dir='ltr'>est</span> 
     </span>
     <span class='ocr_line' id='line_1_36' title="bbox 67 2348 1566 2394; baseline -0.003 -4"><span class='ocrx_word' id='word_1_328' title='bbox 67 2364 69 2367; x_wconf 89' lang='lat'>·</span> <span class='ocrx_word' id='word_1_329' title='bbox 120 2348 486 2394; x_wconf 86' lang='lat' dir='ltr'>EGREDIANTOR;</span> <span class='ocrx_word' id='word_1_330' title='bbox 533 2348 760 2387; x_wconf 85' lang='lat' dir='ltr'>Niebuhrius</span> <span class='ocrx_word' id='word_1_331' title='bbox 803 2352 927 2384; x_wconf 87' lang='lat' dir='ltr'>tamen</span> <span class='ocrx_word' id='word_1_332' title='bbox 971 2348 1250 2386; x_wconf 87' lang='lat' dir='ltr'>coniunctivum</span> <span class='ocrx_word' id='word_1_333' title='bbox 1293 2348 1473 2394; x_wconf 79' lang='lat' dir='ltr'>exhibuit.</span> <span class='ocrx_word' id='word_1_334' title='bbox 1513 2369 1566 2374; x_wconf 92' lang='lat'>—</span> 
     </span>
     <span class='ocr_line' id='line_1_37' title="bbox 123 2404 1568 2456; baseline -0.004 -11"><span class='ocrx_word' id='word_1_335' title='bbox 123 2408 278 2456; x_wconf 80' lang='lat' dir='ltr'>Refecto</span> <span class='ocrx_word' id='word_1_336' title='bbox 307 2407 474 2442; x_wconf 56' lang='lat' dir='ltr'>excercitu</span> <span class='ocrx_word' id='word_1_337' title='bbox 501 2405 656 2452; x_wconf 89' lang='lat' dir='ltr'>praebet</span> <span class='ocrx_word' id='word_1_338' title='bbox 677 2404 761 2440; x_wconf 90' lang='lat' dir='ltr'>cod.</span> <span class='ocrx_word' id='word_1_339' title='bbox 783 2405 892 2448; x_wconf 89' lang='lat' dir='ltr'>Vat.;</span> <span class='ocrx_word' id='word_1_340' title='bbox 924 2404 1137 2450; x_wconf 86' lang='lat' dir='ltr'>Bimardus,</span> <span class='ocrx_word' id='word_1_341' title='bbox 1160 2415 1273 2451; x_wconf 91' lang='lat' dir='ltr'>quum</span> <span class='ocrx_word' id='word_1_342' title='bbox 1295 2406 1392 2442; x_wconf 76' lang='lat' dir='ltr'>salso</span> <span class='ocrx_word' id='word_1_343' title='bbox 1412 2404 1568 2452; x_wconf 85' lang='lat' dir='ltr'>legisset</span> 
     </span>
     <span class='ocr_line' id='line_1_38' title="bbox 123 2459 1566 2508; baseline -0.004 -6"><span class='ocrx_word' id='word_1_344' title='bbox 123 2462 312 2502; x_wconf 87' lang='lat' dir='ltr'>RELIGlO</span> <span class='ocrx_word' id='word_1_345' title='bbox 340 2460 600 2505; x_wconf 90' lang='lat' dir='ltr'>EXERCITU,</span> <span class='ocrx_word' id='word_1_346' title='bbox 630 2460 716 2496; x_wconf 90' lang='lat' dir='ltr'>inde</span> <span class='ocrx_word' id='word_1_347' title='bbox 743 2461 902 2497; x_wconf 88' lang='lat' dir='ltr'>coniecit</span> <span class='ocrx_word' id='word_1_348' title='bbox 928 2461 1069 2508; x_wconf 81' lang='lat' dir='ltr'>reliquo</span> <span class='ocrx_word' id='word_1_349' title='bbox 1088 2462 1267 2500; x_wconf 74' lang='lat' dir='ltr'>exercitu.</span> <span class='ocrx_word' id='word_1_350' title='bbox 1318 2461 1439 2506; x_wconf 85' lang='lat' dir='ltr'>Quum</span> <span class='ocrx_word' id='word_1_351' title='bbox 1466 2459 1566 2507; x_wconf 85' lang='lat' dir='ltr'>apud</span> 
     </span>
     <span class='ocr_line' id='line_1_39' title="bbox 124 2517 1567 2565; baseline -0.004 -8"><span class='ocrx_word' id='word_1_352' title='bbox 124 2521 270 2558; x_wconf 88' lang='lat' dir='ltr'>Livium</span> <span class='ocrx_word' id='word_1_353' title='bbox 291 2519 350 2563; x_wconf 89' lang='lat' dir='ltr'>Ill,</span> <span class='ocrx_word' id='word_1_354' title='bbox 374 2522 430 2562; x_wconf 88' lang='lat' dir='ltr'>lo,</span> <span class='ocrx_word' id='word_1_355' title='bbox 449 2520 486 2557; x_wconf 90' lang='lat'>8.</span> <span class='ocrx_word' id='word_1_356' title='bbox 508 2518 663 2564; x_wconf 78' lang='lat' dir='ltr'>reficere</span> <span class='ocrx_word' id='word_1_357' title='bbox 692 2518 876 2554; x_wconf 77' lang='lat' dir='ltr'>exercitus</span> <span class='ocrx_word' id='word_1_358' title='bbox 903 2517 1005 2553; x_wconf 89' lang='lat' dir='ltr'>idem</span> <span class='ocrx_word' id='word_1_359' title='bbox 1027 2517 1234 2564; x_wconf 81' lang='lat' dir='ltr'>significet,</span> <span class='ocrx_word' id='word_1_360' title='bbox 1259 2517 1360 2565; x_wconf 90' lang='lat' dir='ltr'>quod</span> <span class='ocrx_word' id='word_1_361' title='bbox 1381 2517 1567 2554; x_wconf 80' lang='lat' dir='ltr'>exercitus</span> 
     </span>
     <span class='ocr_line' id='line_1_40' title="bbox 123 2572 1566 2625; baseline -0.004 -10"><span class='ocrx_word' id='word_1_362' title='bbox 123 2577 311 2625; x_wconf 72' lang='lat' dir='ltr'>supplere,</span> <span class='ocrx_word' id='word_1_363' title='bbox 333 2579 443 2622; x_wconf 85' lang='lat' dir='ltr'>atque</span> <span class='ocrx_word' id='word_1_364' title='bbox 464 2574 560 2619; x_wconf 90' lang='lat' dir='ltr'>VlII,</span> <span class='ocrx_word' id='word_1_365' title='bbox 585 2575 645 2618; x_wconf 79' lang='lat'>36,</span> <span class='ocrx_word' id='word_1_366' title='bbox 668 2576 705 2612; x_wconf 88' lang='lat'>8.</span> <span class='ocrx_word' id='word_1_367' title='bbox 725 2573 862 2621; x_wconf 83' lang='lat' dir='ltr'>refecto</span> <span class='ocrx_word' id='word_1_368' title='bbox 883 2575 1050 2610; x_wconf 77' lang='lat' dir='ltr'>exercitu</span> <span class='ocrx_word' id='word_1_369' title='bbox 1070 2575 1118 2610; x_wconf 86' lang='lat' dir='ltr'>sit</span> <span class='ocrx_word' id='word_1_370' title='bbox 1138 2573 1251 2621; x_wconf 87' lang='lat' dir='ltr'>idem,</span> <span class='ocrx_word' id='word_1_371' title='bbox 1276 2573 1377 2621; x_wconf 90' lang='lat' dir='ltr'>quod</span> <span class='ocrx_word' id='word_1_372' title='bbox 1400 2572 1566 2610; x_wconf 62' lang='lat' dir='ltr'>emer-citu</span> 
     </span>
     <span class='ocr_line' id='line_1_41' title="bbox 125 2629 1567 2677; baseline -0.006 -6"><span class='ocrx_word' id='word_1_373' title='bbox 125 2645 176 2671; x_wconf 77' lang='lat' dir='ltr'>ex</span> <span class='ocrx_word' id='word_1_374' title='bbox 192 2631 400 2670; x_wconf 77' lang='lat' dir='ltr'>vulneribus</span> <span class='ocrx_word' id='word_1_375' title='bbox 418 2633 598 2674; x_wconf 80' lang='lat' dir='ltr'>recreato,</span> <span class='ocrx_word' id='word_1_376' title='bbox 627 2629 778 2666; x_wconf 89' lang='lat' dir='ltr'>dubium</span> <span class='ocrx_word' id='word_1_377' title='bbox 806 2629 989 2675; x_wconf 87' lang='lat' dir='ltr'>videatur,</span> <span class='ocrx_word' id='word_1_378' title='bbox 1011 2641 1084 2677; x_wconf 92' lang='lat' dir='ltr'>quo</span> <span class='ocrx_word' id='word_1_379' title='bbox 1107 2641 1223 2666; x_wconf 86' lang='lat' dir='ltr'>sensu</span> <span class='ocrx_word' id='word_1_380' title='bbox 1239 2629 1439 2667; x_wconf 88' lang='lat' dir='ltr'>Sallustius</span> <span class='ocrx_word' id='word_1_381' title='bbox 1461 2638 1567 2664; x_wconf 87' lang='lat' dir='ltr'>exer-</span> 
     </span>
     <span class='ocr_line' id='line_1_42' title="bbox 127 2684 1565 2735; baseline -0.006 -7"><span class='ocrx_word' id='word_1_382' title='bbox 127 2690 242 2728; x_wconf 86' lang='lat' dir='ltr'>citum</span> <span class='ocrx_word' id='word_1_383' title='bbox 252 2688 399 2725; x_wconf 87' lang='lat' dir='ltr'>Varinii</span> <span class='ocrx_word' id='word_1_384' title='bbox 425 2687 603 2735; x_wconf 84' lang='lat' dir='ltr'>refectum</span> <span class='ocrx_word' id='word_1_385' title='bbox 625 2686 771 2723; x_wconf 87' lang='lat' dir='ltr'>dixerit.</span> <span class='ocrx_word' id='word_1_386' title='bbox 812 2685 890 2723; x_wconf 89' lang='lat' dir='ltr'>Sed</span> <span class='ocrx_word' id='word_1_387' title='bbox 918 2687 948 2722; x_wconf 92' lang='lat' dir='ltr'>si</span> <span class='ocrx_word' id='word_1_388' title='bbox 972 2697 1030 2730; x_wconf 87' lang='lat' dir='ltr'>ea,</span> <span class='ocrx_word' id='word_1_389' title='bbox 1052 2697 1147 2733; x_wconf 89' lang='lat' dir='ltr'>quae</span> <span class='ocrx_word' id='word_1_390' title='bbox 1173 2697 1288 2734; x_wconf 87' lang='lat' dir='ltr'>supra</span> <span class='ocrx_word' id='word_1_391' title='bbox 1305 2689 1340 2728; x_wconf 79' lang='lat' dir='ltr'>S.</span> <span class='ocrx_word' id='word_1_392' title='bbox 1363 2689 1397 2723; x_wconf 79' lang='lat'>2.</span> <span class='ocrx_word' id='word_1_393' title='bbox 1423 2684 1470 2720; x_wconf 89' lang='lat' dir='ltr'>de</span> <span class='ocrx_word' id='word_1_394' title='bbox 1490 2685 1565 2720; x_wconf 85' lang='lat' dir='ltr'>Va-</span> 
     </span>
     <span class='ocr_line' id='line_1_43' title="bbox 124 2741 1566 2791; baseline -0.005 -7"><span class='ocrx_word' id='word_1_395' title='bbox 124 2747 210 2784; x_wconf 79' lang='lat' dir='ltr'>tinii</span> <span class='ocrx_word' id='word_1_396' title='bbox 229 2745 404 2782; x_wconf 86' lang='lat' dir='ltr'>militibus</span> <span class='ocrx_word' id='word_1_397' title='bbox 425 2746 644 2791; x_wconf 80' lang='lat' dir='ltr'>narrantur,</span> <span class='ocrx_word' id='word_1_398' title='bbox 673 2754 757 2779; x_wconf 89' lang='lat' dir='ltr'>cum</span> <span class='ocrx_word' id='word_1_399' title='bbox 782 2742 855 2779; x_wconf 89' lang='lat' dir='ltr'>hoc</span> <span class='ocrx_word' id='word_1_400' title='bbox 884 2743 966 2778; x_wconf 85' lang='lat' dir='ltr'>loco</span> <span class='ocrx_word' id='word_1_401' title='bbox 988 2742 1208 2790; x_wconf 90' lang='lat' dir='ltr'>contuleris,</span> <span class='ocrx_word' id='word_1_402' title='bbox 1235 2741 1374 2790; x_wconf 79' lang='lat' dir='ltr'>refecto</span> <span class='ocrx_word' id='word_1_403' title='bbox 1399 2741 1566 2778; x_wconf 73' lang='lat' dir='ltr'>exercitu</span> 
     </span>
    </p>
   </div>
  </div>
 </body>
</html>
