1774 3002
503 129 833 172 HISTORIARUM
860 129 1171 168 FRAGMENTA.
1228 131 1314 168 LIB.
1342 131 1401 168 111.
1578 129 1662 173 Μ

358 257 399 301 5.
455 253 511 299 Et
529 254 794 314 Perpernam
813 255 926 300 forle
951 254 1182 315 cognoscit
1199 253 1335 300 mulio
1358 255 1661 316 redemptoris.

359 342 399 383 6.
458 336 546 382 Sed
589 336 825 396 Pompeius
870 352 897 382 a
943 336 1083 396 prima
1121 337 1418 383 adulescentia
1459 353 1662 385 sermone

223 420 443 465 fautorum
477 417 660 464 similem
694 418 789 463 fore
824 433 874 464 se
908 419 1092 464 credens
1123 420 1379 466 Alexandro
1419 423 1514 483 regi
1549 423 1662 468 facta

223 501 511 563 consultaque
540 500 636 546 eius
658 500 832 562 quidem
855 501 1099 547 aemulatus
1124 506 1231 549 erat.

270 660 274 662 Δ
335 639 396 675 Fr.
424 641 460 677 6.
501 637 626 683 [Cort.
657 649 695 684 p.
714 641 797 678 978.
827 638 923 676 Gerl.
952 639 1011 674 ed.
1037 639 1124 674 mai.
1153 639 1214 683 111,
1234 643 1291 678 32.
1323 639 1387 676 ed.
1408 640 1498 675 min.
1518 640 1578 685 ΙΙΙ,
1602 644 1662 680 13.

223 706 262 742 p.
281 688 363 740 216,
391 697 450 733 12.
484 694 595 738 Debr.
619 694 666 738 V,
686 693 762 743 76.]
805 695 918 742 Apud
948 695 1108 730 Nonium
1134 696 1197 739 IV,
1220 698 1276 733 13.
1304 707 1343 743 p.
1365 699 1447 741 239,
1470 699 1507 734 4.
1545 697 1661 734 Merc-

225 753 342 788 verba
361 751 399 787 in
418 752 590 787 omnibus
611 750 723 787 codd.
745 751 799 786 sic
824 755 989 795 exstant,
1018 756 1055 786 ut
1085 750 1293 797 edidimus;
1330 752 1514 790 editiones
1537 756 1662 790 tamen

225 818 356 844 omnes
371 812 446 844 tum
468 808 599 851 Nonii,
626 811 702 843 tum
725 806 891 844 Sallustii
910 819 977 854 pro
998 808 1200 844 aemulatus
1219 808 1358 845 habent
1375 810 1559 855 aemulus,
1578 820 1662 846 -non

226 864 338 907 aliam
363 866 411 900 ob
438 875 632 910 caussam,
671 874 783 910 quam
812 865 900 910 quia
928 868 1025 900 totus
1054 864 1162 900 Nonii
1193 866 1371 902 articulus
1401 867 1566 902 aemulus
1595 865 1662 903 ad-

225 916 401 958 ieci-ivum
430 931 500 967 pro
522 922 692 956 lemmate
718 920 842 956 habet.
889 919 967 957 Sed
987 921 1049 967 qui
1071 921 1229 957 Nonium
1251 923 1310 957 vel
1332 923 1450 958 obiter
1470 923 1660 970 cognitum

224 976 381 1022 habent,
417 987 546 1014 omnes
568 977 689 1012 sciunt
710 987 820 1022 quam
840 987 956 1023 saepe
976 976 1079 1023 apud
1098 988 1182 1013 eum
1211 978 1393 1015 lemmatis
1421 980 1660 1015 articulorum

224 1033 474 1069 elocutionum
501 1034 674 1079 exempla
692 1043 768 1068 non
788 1037 961 1069 accurate
987 1033 1242 1080 respondeant
1254 1044 1266 1078 3
1305 1046 1421 1081 quare
1443 1046 1517 1071 non
1536 1037 1659 1083 magis

225 1087 419 1125 offendere
438 1092 571 1136 potest,
602 1089 704 1135 quod
723 1088 797 1133 hic,
823 1090 883 1125 ubi
905 1101 977 1125 non
1000 1090 1047 1125 de
1067 1091 1355 1138 constructione,
1385 1091 1456 1128 sed
1476 1091 1524 1127 de
1543 1092 1660 1139 signi-

222 1144 334 1182 ficatu
359 1146 500 1192 agitur,
530 1146 694 1182 aemulus
713 1146 873 1181 lemmati
897 1147 1088 1182 subiicilur
1113 1148 1333 1194 aemulatus,
1364 1159 1475 1195 quam
1496 1148 1597 1195 quod
1619 1150 1658 1184 in

221 1202 392 1248 proximo
422 1202 575 1238 articulo
603 1206 773 1249 aryulum
792 1202 995 1238 illustratur
1017 1204 1133 1240 verbo
1162 1206 1404 1251 aryutamini,
1432 1209 1494 1241 aut
1519 1216 1557 1251 p.
1575 1207 1657 1250 244,

223 1261 281 1295 12.
313 1259 449 1293 lemma
474 1258 783 1295 accommodatum
809 1259 888 1295 sere
918 1261 1043 1303 omnia
1064 1261 1235 1307 exempla
1254 1271 1303 1296 ex
1328 1262 1442 1298 verbo
1464 1261 1569 1297 finito
1591 1261 1659 1301 ha—

222 1314 297 1349 bet.
350 1313 420 1358 Qui
443 1314 682 1351 nihilominus
701 1315 863 1350 aemulus
889 1317 1178 1362 amplectuntur,
1203 1317 1341 1353 frustra
1359 1318 1521 1353 nituntur
1540 1319 1657 1354 altero

223 1369 332 1406 Nonii
362 1370 444 1405 loco
474 1370 536 1414 IX,
560 1374 616 1409 18.
640 1382 678 1417 p.
699 1375 779 1417 502,
802 1375 836 1408 l.
858 1372 998 1416 Mem„
1028 1373 1110 1415 ubi,
1147 1383 1258 1418 quum
1288 1374 1656 1410 lemma2habeatur:

223 1427 452 1462 accusativus
476 1438 545 1472 pro
572 1428 740 1474 yenitivo,
767 1431 806 1461 ut
826 1429 1036 1474 exemplum
1060 1428 1213 1464 affertur
1243 1457 1265 1474 „
1277 1429 1367 1466 Sall.
1388 1431 1481 1466 Hist.
1511 1431 1576 1470 lib.
1595 1430 1656 1467 ΠΙ.

222 1482 290 1518 sed
306 1480 500 1529 Pompeius
527 1493 552 1517 a
573 1484 701 1529 prima
726 1483 971 1520 adulescentia
998 1494 1166 1521 sermone
1189 1485 1378 1532 fautorum
1400 1487 1552 1523 sinnitem
1571 1486 1659 1534 fore

222 1547 264 1574 τε
294 1538 449 1574 credens
476 1539 694 1575 Alexandro
727 1540 844 1587 re9i.“
888 1540 1039 1577 Scilicet
1065 1541 1202 1577 frustra
1220 1543 1370 1588 quaeris
1401 1542 1655 1579 accusativum

221 1604 290 1640 pro
328 1594 495 1641 genitivo
532 1596 713 1642 positum,
752 1596 858 1633 cuius
894 1600 1098 1633 structurae
1131 1597 1375 1634 illustrandae
1410 1610 1549 1635 caussa
1576 1599 1658 1636 Sal-

221 1650 383 1697 lustiana
410 1652 528 1687 verba
556 1652 668 1688 allata
695 1651 879 1689 videntur.
927 1652 1004 1690 Sed
1033 1664 1143 1700 quam
1168 1654 1355 1691 medelam
1381 1654 1468 1691 huic
1493 1655 1656 1692 defectui

222 1705 391 1743 adhibuit
414 1707 657 1752 Mereerius‚-
682 1712 721 1743 ut
748 1719 798 1744 ex
818 1707 1008 1746 Carrionis
1029 1710 1246 1746 coniectura
1273 1711 1463 1748 excidisse
1485 1717 1656 1748 censeret

219 1762 325 1809 facta
350 1764 585 1810 consultaque
602 1765 680 1800 eius
697 1765 839 1812 quidem
869 1767 1075 1802 aemulus
1094 1771 1192 1811 erat,
1221 1767 1334 1804 valde
1355 1768 1566 1810 inconsulta
1585 1773 1654 1805 est.

222 1819 304 1854 Non
334 1819 455 1866 magis
488 1820 587 1855 enim
615 1820 676 1856 hic
708 1821 850 1867 aliquid
878 1823 1036 1866 excidit,
1065 1827 1175 1869 atque
1207 1823 1410 1860 innumeris
1438 1825 1521 1860 aliis
1548 1825 1655 1868 locis,

223 1874 355 1920 quibus
382 1875 446 1910 vel
475 1876 659 1911 sententia
685 1878 841 1923 abrupta
873 1882 948 1923 est,
990 1879 1051 1915 vel
1077 1879 1295 1915 elocutionis
1326 1881 1498 1926 exempla
1524 1892 1547 1916 a
1566 1881 1657 1916 lem—

221 1933 319 1965 mate
342 1934 429 1965 sunt
446 1931 692 1976 alienissima,
731 1943 778 1967 ne
800 1932 922 1969 dicam
942 1934 1174 1980 ineptissima
1191 1939 1227 1970 et
1245 1935 1388 1970 ratione
1410 1947 1568 1982 prorsus
1591 1936 1656 1972 de-

224 1985 362 2020 stituta.
387 2005 444 2011 —
469 1985 690 2022 Alexandro
726 1988 940 2035 Pompeium
969 1994 1005 2024 et
1037 1995 1291 2036 comparatum
1319 1992 1437 2028 fuisse
1466 1997 1502 2027 et
1531 1993 1655 2039 ipsum

224 2040 391 2076 voluisse
422 2042 580 2086 similem
606 2041 728 2078 videri
754 2045 864 2080 etiam
889 2044 1107 2081 Plutarchus
1127 2046 1237 2082 tradit
1262 2048 1300 2082 in
1318 2048 1448 2095 Pomp.
1468 2060 1503 2085 c.
1523 2053 1561 2087 2.
1580 2036 1657 2085 Ἦν

225 2090 270 2131 δέ
283 2107 340 2139 τις
358 2087 550 2145 ἀναστολὴ
572 2096 654 2160 τῆς
658 2092 779 2147 κόμης
799 2092 945 2149 ἀτρέμα
963 2097 1030 2137 καὶ
1049 2101 1128 2138 τῶν
1143 2098 1234 2152 περι
1250 2094 1300 2139 τὰ
1316 2096 1471 2151 ὄμματα
1487 2101 1657 2155 ῥυθμῶν

223 2143 393 2215 ὑγρότης
419 2151 491 2189 τοῦ
520 2146 732 2219 προσῶπρυ
760 2155 928 2192 ποιοῦσα
952 2155 1102 2205 μᾶλλον
1129 2152 1388 2208 hyopam*
1358 2172 1387 2208 η
1410 2157 1657 2226 φαινομένην

222 2199 433 2270 ὁμοιότητα
461 2202 559 2262 πρὸς
594 2200 664 2254 τὰς
668 2202 948 2272 Ἀλεξάνδρου
976 2213 1048 2250 τοῦ
1076 2211 1264 2278 βασιλέως
1290 2210 1457 2262 εἰκόνας.
1495 2205 1564 2254 Ἧι
1588 2213 1656 2254 καὶ

224 2256 397 2325 τοῦνομα
420 2260 575 2301 πολλῶν
595 2256 679 2302 ἐν’
654 2265 786 2334 αρχῇ
772 2264 1111 2334 συνεπιφερόντων
1127 2261 1203 2308 οὐκ
1217 2268 1366 2335 ἔφυγεν
1388 2264 1411 2310 ὁ
1432 2266 1655 2324 Πομπήϊος,

227 2310 322 2355 ὥστε
341 2315 409 2356 καὶ
426 2313 677 2369 χλευάζοντας
696 2335 817 2361 αυτον
836 2319 962 2370 ἐνίους
979 2318 1056 2375 ἤδη
1069 2326 1203 2364 καλεῖν
1217 2318 1486 2379 Ἀλέξανδρον.
1526 2331 1580 2367 Id.
1603 2331 1654 2367 ib.

227 2386 262 2410 c.
281 2371 341 2414 46.
365 2367 540 2438 Ἡλικίᾳ
549 2372 591 2413 δὲ
607 2370 691 2415 τότε
711 2375 763 2444 ἢν
789 2382 863 2425 (sc.
884 2392 996 2428 quum
1018 2394 1067 2418 ex
1084 2384 1178 2420 Asia
1201 2385 1484 2432 triumpharet),
1520 2377 1581 2430 ὦς
1607 2383 1659 2423 οἷ

226 2425 314 2478 μὲν
332 2443 455 2468 κατα
475 2413 639 2469 πάντα
658 2434 721 2485 τῷ
737 2428 1039 2498 Ἀλεξάνδρῳ
1064 2435 1479 2501 παραβάλλοντες
1504 2433 1655 2479 αὐτον

226 2482 311 2523 καὶ
320 2471 764 2549 προσβιβάζοντες
783 2482 997 2541 ἇξιοῦσι,
1037 2506 1221 2544 νεωτερος
1244 2495 1325 2532 τῶν
1351 2491 1561 2548 τριάκοντα
1586 2493 1654 2535 καὶ

222 2553 415 2593 τετταρων
434 2538 541 2580 ἐτῶν.
578 2545 682 2589 Quae
698 2557 761 2582 res
777 2547 991 2586 Sallustium
1010 2551 1207 2597 impulerit,
1228 2556 1268 2587 ut
1290 2553 1530 2600 famigeratae
1546 2555 1653 2591 Pom-

225 2599 301 2644 peii
325 2611 409 2636 cum
424 2600 641 2636 Alexandro
665 2602 914 2641 similitudinis
934 2607 1158 2643 mentionem
1179 2609 1330 2654 faceret,
1356 2611 1554 2647 obscurum
1574 2615 1650 2654 est3

227 2654 296 2689 sed
322 2666 404 2691 eam
426 2667 500 2691 non
520 2657 630 2692 nimis
655 2657 896 2696 honorificam
918 2662 1034 2698 fuisse
1056 2663 1217 2698 ostendit
1244 2664 1326 2709 ipsa
1347 2667 1543 2701 verborum
1563 2677 1652 2702 con—

227 2709 417 2755 formatio,
455 2723 550 2758 quae
575 2713 610 2747 in
637 2713 794 2760 apodosi
814 2717 953 2753 omissa
981 2729 1056 2753 non
1084 2723 1156 2754 tam
1181 2719 1348 2764 laudem,
1376 2732 1485 2767 quam
1507 2722 1651 2767 vitupe-
