1774 3002
107 89 193 132 152
510 110 513 113 ·
594 96 634 134 C.
667 97 900 135 SALLUSTl
930 98 1083 138 CRISPI

106 219 218 265 tiore
254 233 384 280 quam
419 219 519 266 illas
556 236 638 281 per
675 222 823 283 gentis
861 226 904 270 et
938 224 1082 271 minus
1112 226 1283 286 gloriae
1317 228 1435 275 avidi
1469 230 1557 277 im-

107 385 154 421 de
185 386 364 433 Pompeio
394 398 506 433 vere,
553 399 662 434 quem
693 389 939 438 Kreyssigius
975 389 1179 427 Comment.
1218 404 1255 439 p.
1287 397 1343 432 19.
1379 396 1555 441 nominat,

106 442 265 490 cogitari
293 454 367 478 non
391 448 528 489 potest.
562 465 611 470 —
645 444 880 490 Quaestorem
901 447 1004 484 Idem
1025 448 1062 483 in
1085 447 1191 484 Curis
1215 460 1314 486 seeo.
1336 463 1373 498 p.
1395 454 1430 489 8.
1455 457 1556 489 reete

106 499 286 535 intellexit
315 511 402 536 esse
432 502 566 546 talem,
606 503 668 548 qui
694 514 767 550 pro
788 508 968 550 praetore
997 509 1118 550 esset,
1158 506 1183 541 i.
1208 517 1241 544 e.
1267 518 1351 543 eum
1372 511 1556 554 potestate

104 556 360 604 propraetoris
382 557 420 592 in
442 558 677 604 provinciam
699 560 860 606 missus;
892 562 939 596 cf.
963 561 1010 597 ad
1034 559 1138 597 Catil.
1158 573 1190 598 c.
1210 562 1309 609 XIX,
1331 568 1363 602 1.
1386 576 1422 611 p.
1439 567 1555 612 9osq.

219 614 258 648 in
287 623 420 648 novam
440 615 674 660 provinciam
695 616 860 653 Curenas
882 619 1014 654 missus
1039 619 1109 662 est)
1153 618 1258 662 Quae
1290 621 1374 656 VV.
1401 622 1475 656 DD.
1508 622 1556 658 de

105 674 290 716 tempore,
322 680 395 715 quo
422 671 598 707 Lentulus
631 672 668 707 in
698 683 836 709 novam
860 674 1095 721 provinciam
1118 673 1291 722 Cyrenen
1323 677 1424 722 ierit,
1457 690 1556 714 eom—

105 726 256 762 mentati
286 730 390 772 sunt,
420 728 546 762 omnia
566 739 611 763 eo
633 729 854 774 concidunt,
879 730 990 778 quod
1011 730 1134 766 Rothii
1155 736 1191 767 et
1212 731 1473 781 Heerwagenii
1501 735 1557 770 in-

107 787 219 818 vento
251 784 309 828 (v,
329 783 452 819 Praes.
454 784 471 828 )
499 785 725 830 patefactum
756 790 813 821 est
836 791 951 823 totum
973 788 1238 834 Fragmentum
1258 788 1476 826 Toletanum
1507 790 1556 826 ad

105 850 167 875 res
190 840 278 875 anni
298 841 357 878 75.
379 851 414 875 3.
439 839 526 877 Chr.
549 852 584 876 n.
605 843 704 886 (679.
726 853 761 878 a.
782 854 817 878 u.
841 845 914 888 e),
946 855 1019 890 quo
1049 844 1089 879 L.
1112 844 1290 881 Octavius
1319 851 1357 882 et
1385 845 1426 882 C.
1451 846 1556 883 Cotta

105 908 207 933 coss.
232 897 399 940 fuerunt,
427 898 629 943 pertinere.
674 899 748 935 Res
770 904 892 936 autem
917 901 972 937 sic
995 911 1035 936 se
1057 900 1182 936 habet.
1220 901 1330 938 Anno
1353 914 1387 939 a.
1409 902 1495 940 Chr.
1518 914 1553 938 n.

103 955 164 992 96.
200 953 437 989 Ptolemaeus
458 954 555 1000 Apio
577 959 744 991 mortuus
764 956 930 1003 Cyrenas
951 957 1131 993 Romanis
1150 961 1370 995 testamento
1397 952 1553 1006 reliquit,

104 1013 198 1045 teste
229 1009 468 1056 Obsequente
504 1022 537 1046 e.
562 1014 639 1050 109.
677 1012 748 1048 Cn.
784 1013 988 1049 Domitio
1023 1013 1060 1050 C.
1091 1013 1251 1050 Cassio
1279 1025 1396 1051 coss.
1433 1016 1553 1052 Ptole·

105 1076 232 1102 maeus
251 1075 324 1102 reae
345 1066 500 1114 Aeyypti
520 1068 600 1112 (vel
621 1069 745 1114 potius
769 1068 1016 1116 Cyrenarum)
1040 1069 1193 1117 Cyrenis
1209 1074 1373 1107 mortuus
1393 1072 1434 1108 S.
1449 1073 1494 1108 P.
1512 1069 1553 1116 Q.

105 1123 360 1159 Romanorum
387 1123 559 1159 heredem
586 1126 741 1171 reliquit.
792 1126 884 1162 Eam
916 1126 1161 1162 hereditatem
1188 1131 1341 1164 senatus
1373 1129 1427 1164 sie
1452 1128 1555 1173 adiit,

103 1178 440 1226 ut‘Cyren'ensibus
461 1181 667 1216 libertatem
687 1186 721 1216 et
742 1187 781 1217 ut
804 1183 882 1218 suis
909 1183 1082 1218 institutis
1102 1187 1291 1219 uterentur
1309 1186 1555 1230 permitteret;

103 1237 152 1271 ef.
175 1236 269 1271 Livii
291 1236 388 1282 Epit.
411 1236 518 1272 LXX.
538 1237 784 1283 Ptolemaeus,
819 1239 1048 1286 Cyrenarum
1075 1249 1168 1282 rex,
1198 1241 1260 1276 cui
1285 1245 1556 1287 coynomentum

101 1293 239 1339 Apioni
263 1291 355 1339 fuit,
387 1297 551 1329 mortuus
580 1293 751 1330 heredem
771 1297 951 1342 populum
975 1295 1183 1332 Romanum
1206 1297 1367 1344 reliquit,
1393 1301 1429 1333 et
1453 1299 1498 1334 ei
1504 1309 1556 1334 us

101 1350 239 1396 reyni
263 1349 488 1385 civitates
515 1354 712 1386 senatus
734 1352 915 1388 liberas
940 1361 1042 1388 esse
1069 1353 1219 1388 iussit.
1267 1352 1345 1390 Sed
1366 1365 1479 1400 quum
1499 1359 1555 1401 ty-

102 1406 211 1441 ranni
233 1404 390 1452 Cyrenis
415 1406 664 1451 exstitissent,
697 1408 758 1454 qui
781 1420 927 1444 summa
949 1408 1102 1449 libidine
1125 1409 1315 1445 civitatem
1341 1414 1553 1455 tractarent,

103 1463 152 1498 cf.
173 1463 268 1498 Plut.
290 1462 328 1497 in
349 1463 491 1498 Lucull.
505 1474 535 1498 e.
555 1467 588 1501 2.
602 1462 852 1513 Κυρηναίους
875 1455 1126 1514 καταλαβων
1131 1459 1174 1501 ἐκ
1191 1463 1439 1514 τυραννίδων
1458 1475 1554 1508 συν-

101 1517 200 1567 εχῶν
235 1513 303 1554 καὶ
335 1514 517 1567 πολέμων
550 1516 867 1569 ταραττομένους.
921 1521 1119 1566 Romanis,
1155 1525 1194 1557 ut
1233 1523 1419 1569 suspicari
1454 1524 1552 1568 licet,

102 1586 278 1611 caussam
308 1576 592 1622 quaerentibus,
622 1587 696 1622 qua
725 1578 823 1613 illam
854 1578 1048 1624 regionem
1078 1578 1232 1624 imperio
1261 1590 1329 1615 suo
1359 1579 1552 1624 adderent,

103 1630 250 1678 Cyrene
277 1642 376 1667 anno
405 1633 464 1669 75.
494 1643 528 1667 3.
552 1631 637 1670 Chr.
660 1644 696 1667 n.
722 1634 759 1678 in
781 1634 999 1679 provinciae
1029 1635 1183 1669 sormam
1213 1634 1368 1671 redacta
1395 1641 1470 1680 est3
1503 1639 1550 1672 ef.

29 1730 34 1734 ἱ
101 1687 266 1735 Appian.
287 1687 332 1723 B.
358 1687 398 1723 C.
418 1688 446 1730 I,
469 1692 550 1726 111.
585 1687 666 1724 Τοῦ
697 1679 736 1724 δ’
767 1682 942 1733 ἐπιόντος
970 1686 1097 1733 ἔτους,
1126 1685 1237 1738 ἕκτης
1267 1686 1554 1755 ἑβδομηκοστῆς

102 1739 170 1780 καὶ
190 1740 398 1792 ἑκατοστῆς
425 1716 669 1792 δλυμπιαδος
689 1737 821 1793 οὔσης,
847 1738 920 1781 δύο
944 1741 1016 1793 μὲν
1048 1741 1091 1781 ἐκ
1120 1743 1329 1808 διαθηκῶν
1350 1743 1452 1796 ἔθνη
1466 1739 1552 1784 “-Ρω

101 1797 232 1849 μαίοις
263 1797 559 1850 προσεγίγνετο,
601 1798 777 1837 Βυθυνία
812 1813 852 1838 τε
886 1794 1146 1850 Νικομήδους
1171 1792 1449 1866 ἀπολιπόντος,
1485 1816 1552 1840 και

98 1851 290 1920 Κυρήνη,
330 1854 578 1905 Πτολεμαίου
610 1857 680 1894 τοῦ
715 1855 898 1908 Λαγίδου
934 1853 1142 1907 βασιλέως,
1181 1849 1224 1902 ὃς
1256 1854 1458 1923 ἐπίκλησιν
1498 1874 1552 1909 ην

98 1904 266 1961 Ἀπίων,
298 1924 408 1961 quem
432 1915 554 1950 locum
576 1915 820 1962 Kreyssigius
844 1915 1048 1952 Comment.
1074 1926 1112 1961 p·
1141 1917 1200 1953 26.
1228 1919 1328 1951 recte
1357 1916 1411 1952 sie
1439 1918 1551 1964 cepit,

103 1975 142 2006 ut
162 1975 340 2007 statueret
367 1982 441 2006 non
470 1971 519 2006 ad
548 1971 649 2006 idem
680 1975 826 2018 tempus
847 1972 1061 2018 Appianum
1089 1971 1262 2007 retulisse
1285 1973 1489 2009 Ptolemaei
1517 1977 1554 2010 et

103 2027 321 2063 Nicomedis
342 2032 494 2063 mortem
513 2038 559 2063 ae
585 2031 856 2074 testamentum,
882 2040 954 2075 quo
979 2039 1104 2063 errore
1132 2029 1298 2064 Pertzius
1322 2040 1360 2075 p.
1390 2033 1447 2067 11.
1468 2041 1552 2066 eum

103 2084 354 2128 insimulavit,
402 2084 471 2120 sed
498 2084 571 2120 hoe
600 2084 836 2130 prodidisse,
857 2096 929 2121 uno
958 2085 1152 2131 eodemque
1168 2095 1266 2120 anno
1290 2085 1503 2132 Bithyniam
1520 2090 1555 2122 et

103 2139 272 2187 Cyrenen
289 2150 339 2176 ex
362 2150 490 2188 reyum
508 2142 652 2177 illorum
671 2145 879 2177 testamento
899 2142 1187 2188 provincias
1215 2141 1453 2178 Romanas
1477 2143 1552 2190 fa-

102 2201 203 2232 ctas
231 2205 342 2231 esse.
364 2196 404 2231 In
429 2208 573 2232 summo
595 2197 706 2243 igitur
724 2198 890 2244 Appiani
910 2207 994 2233 cum
1018 2196 1195 2233 Sallustio
1215 2208 1404 2235 consensu
1427 2199 1552 2235 incon-

103 2253 199 2288 sulto
220 2252 400 2288 Franzius
427 2254 465 2288 in
487 2251 594 2298 Corp.
618 2253 733 2289 lnscr.
757 2254 841 2290 Vol.
870 2253 931 2288 ΙΙΙ.
952 2265 987 2299 p.
1014 2256 1098 2292 560.
1127 2254 1163 2288 b.
1194 2254 1292 2290 illius
1322 2254 1397 2290 fide
1426 2260 1551 2301 spreta

102 2308 282 2355 Eutropio
311 2308 378 2352 VI,
404 2313 462 2346 11.
489 2314 640 2344 auctore
669 2311 830 2355 probare
855 2309 995 2344 studuit
1019 2321 1116 2344 anno
1141 2309 1290 2345 demum
1321 2311 1381 2349 67.
1411 2322 1446 2347 3.
1469 2311 1550 2347 Chr.

40 2371 42 2374 '
102 2376 137 2400 n.
170 2364 344 2413 Cyrenen
373 2365 649 2412 improvinciae
676 2366 831 2400 sormam
865 2376 950 2401 esse
982 2377 1023 2401 re
1054 2365 1222 2410 dactam3
1259 2378 1482 2414 quamquam
1503 2379 1550 2403 ne

101 2422 303 2469 Eutropius
332 2421 502 2468 quidem,
524 2421 584 2464 id,
611 2421 712 2467 quod
733 2422 912 2458 Franzius
935 2422 1126 2468 opinatur,
1153 2423 1276 2462 tradit.
1307 2424 1400 2459 Nam
1422 2435 1548 2469 quum,

101 2482 302 2524 postquam
332 2478 498 2514 narravit
525 2479 715 2514 subactam
755 2479 872 2514 fuisse
913 2490 979 2525 per
1009 2480 1195 2515 Metellum
1233 2479 1398 2522 Cretam,
1427 2479 1549 2525 (quod

105 2535 243 2581 sactum
265 2544 301 2569 a.
321 2535 398 2578 67.)
419 2535 469 2571 ita
487 2538 639 2581 pergat:
668 2545 768 2580 „quo
793 2539 959 2581 tempore
980 2536 1099 2582 Libya
1123 2546 1271 2582 quoque
1291 2535 1459 2571 Romano
1483 2536 1547 2571 im—

101 2591 206 2638 perio
227 2601 295 2637 per
317 2594 575 2627 testamentum
597 2591 754 2637 Apionis
783 2592 945 2627 accessit
954 2592 991 2636 ;“
1012 2592 1136 2638 quivis
1166 2592 1269 2627 videt
1294 2601 1364 2638 quo
1388 2594 1549 2639 tempore

105 2658 179 2682 non
209 2658 295 2683 esse
325 2648 448 2683 eodem
478 2659 594 2692 anno,
634 2647 702 2683 sed
725 2649 860 2694 paucis
889 2649 933 2692 (i.
955 2659 988 2683 e.
1010 2649 1112 2693 octo)
1127 2649 1346 2684 annis-ante.
1369 2668 1418 2673 —
1438 2648 1549 2703 Cure-

101 2713 192 2748 nas,
221 2702 323 2750 quod
342 2704 515 2751 palimps.
542 2705 698 2751 praebet
714 2715 781 2751 pro
804 2704 990 2752 Cyrenas,
1013 2716 1091 2740 non
1118 2708 1258 2741 eertum
1286 2703 1456 2750 quidem,
1478 2705 1547 2741 sed
