1774 3002
486 191 817 230 HISTORIARUM
842 190 1154 230 FRAGMENTA.
1213 188 1302 225 LIB.
1329 188 1392 225 IV.
1563 179 1650 225 823

209 316 308 363 dem
335 316 414 363 tibi
446 332 632 379 magnas
663 331 773 377 opoe
797 316 1014 372 virorum,
1049 328 1271 362 armorum
1308 315 1352 358 et
1390 311 1486 357 auri
1531 325 1646 366 esse,

208 402 253 445 et
279 414 334 446 ea
362 414 410 446 re
434 415 462 446 a
488 399 617 446 nobis
647 400 702 445 ad
737 399 1011 454 societatem,
1043 398 1098 444 ab
1125 398 1212 444 illis
1240 398 1296 444 ad
1329 394 1536 457 praedam
1562 408 1647 454 pe-

209 482 328 529 ten‘S.
394 481 596 530 Ceterum
634 482 865 529 consilium
900 484 990 538 est,
1032 481 1237 542 Tigranis
1277 493 1418 541 regno
1455 477 1644 537 integro,

209 566 317 612 meis
345 565 552 613 militibus
585 566 687 612 belli
705 565 1014 627 prudentibus,
1050 564 1204 624 procul
1232 563 1287 608 ab
1317 562 1470 617 domo,
1506 574 1646 620 parvo

209 648 381 704 labore,
417 663 497 708 per
524 651 676 696 nostra
703 663 892 708 corpora
917 648 1078 694 bellum
1113 646 1350 701 conficere,
1386 660 1476 707 quo
1503 659 1646 706 neque

154 739 199 776 17
210 731 404 788 vincere,
442 747 585 794 neque
620 731 735 777 vinci
773 732 868 777 sine
911 734 990 776 tuo
1030 729 1225 790 periculo
1269 743 1522 789 possumus.
1575 730 1647 774 An

211 879 322 914 nune,
349 870 411 908 ubi
441 869 614 917 Tigranis
641 879 798 915 regnum
825 865 991 902 nondum
1018 877 1041 902 a
1064 866 1242 902 Romanis
1267 867 1471 911 obtinetur,
1505 865 1575 902 sed
1594 866 1648 902 in-

211 928 347 961 tactum
370 926 416 961 ab
435 924 605 962 hostibus
626 928 661 960 te
684 925 729 960 ab
750 924 822 960 illis
845 923 1019 970 seiungit.
1078 923 1205 959 Altera
1226 923 1323 958 inest
1342 923 1379 958 in
1407 923 1532 960 verbis
1560 924 1649 959 metit

210 981 376 1018 militibus
393 981 477 1019 belh·
483 980 728 1029 prudentibus
734 996 747 1022 ;
764 991 851 1016 nam
869 979 1044 1016 Parthum
1061 980 1172 1016 malle
1194 990 1277 1015 cum
1296 979 1475 1023 exercitu,
1490 980 1553 1026 qui
1573 980 1645 1016 iam

210 1037 297 1074 belli
318 1048 426 1074 usum
445 1038 613 1084 haberet,
633 1041 762 1074 contra
782 1035 971 1073 Romanos
989 1047 1173 1083 pugnare,
1203 1047 1314 1083 quam
1335 1036 1444 1071 novis
1468 1036 1646 1072 militibus

209 1092 429 1141 hostemque
465 1094 629 1130 nondum
667 1093 829 1140 expertis
854 1102 1020 1140 pugnam
1050 1095 1212 1137 tentare,
1253 1096 1546 1128 consentaneum
1577 1094 1648 1128 est.

211 1149 334 1194 Quare
361 1160 473 1197 quum
502 1152 560 1187 vis
591 1151 795 1186 sententiae
822 1160 897 1184 non
920 1149 1040 1196 magis
1069 1150 1107 1184 in
1127 1150 1236 1194 meis,
1259 1160 1370 1195 quam
1395 1149 1431 1184 in
1452 1149 1536 1185 belli
1547 1159 1646 1196 pru-

209 1206 374 1242 donibus
392 1207 492 1251 insit,
514 1206 673 1244 dubitari
693 1207 832 1253 nequit,
856 1206 944 1253 quin
963 1205 1059 1241 haec
1081 1206 1209 1249 verba,
1235 1205 1272 1240 in
1291 1205 1465 1242 omnibus
1481 1203 1647 1242 Sallustii

209 1261 323 1299 codd.
346 1261 573 1308 desiderata,
597 1262 666 1299 sed
688 1273 710 1298 a
732 1262 876 1299 Charis.
898 1262 942 1305 ΙΙ,
964 1264 1022 1306 14,
1043 1264 1101 1300 39.
1122 1273 1159 1309 p.
1183 1264 1264 1300 116.
1291 1261 1459 1298 Lindem.
1483 1263 1541 1308 (p.
1564 1262 1645 1300 177.

211 1318 392 1364 Putsch),
412 1321 474 1366 qui
495 1320 677 1367 integrum
699 1319 820 1355 locum
834 1320 909 1355 scio
927 1319 1091 1364 equidem
1106 1335 1163 1341 -—
1179 1318 1307 1354 bellum
1325 1319 1506 1365 conficere
1520 1329 1568 1354 ex
1582 1318 1648 1353 IV.

210 1374 350 1420 laudat,
372 1376 494 1419 allata,
515 1375 679 1422 genuina
699 1375 784 1419 sint,
809 1375 947 1421 quippe
968 1385 1060 1410 casu
1079 1375 1203 1421 potius
1224 1374 1262 1409 in
1286 1374 1417 1410 codice
1440 1374 1647 1421 archetypo

210 1431 364 1475 omissa,
385 1441 496 1478 quam
516 1442 564 1467 ex
583 1431 866 1477 interpolatione
885 1429 987 1478 apud
1007 1429 1151 1466 Charis.
1174 1430 1315 1467 addita.
1375 1431 1551 1475 Tertium,
1573 1442 1647 1478 quo

210 1487 392 1523 ArSaeem
410 1498 563 1524 movere
586 1487 722 1532 studet,
751 1491 820 1533 est,
846 1486 948 1533 quod
966 1487 1103 1523 bellum
1120 1487 1325 1534 proculab
1343 1487 1460 1532 domo,
1488 1487 1514 1523 i.
1536 1497 1572 1522 e.
1599 1488 1646 1523 ab

211 1543 293 1580 eius
314 1554 444 1591 regno,
474 1544 634 1580 futurum
657 1545 716 1580 sit.
776 1543 952 1588 Quartam
982 1553 1157 1579 caussam
1182 1544 1288 1590 ponit
1310 1543 1348 1579 in
1366 1555 1489 1591 parvo
1510 1543 1647 1588 labore,

211 1599 396 1647 siquidem
416 1604 501 1636 tune
521 1601 669 1637 nonnisi
686 1610 776 1647 pars
795 1600 884 1636 belli
910 1603 990 1635 erat
1017 1599 1277 1647 suscipienda,
1306 1600 1409 1647 quod
1435 1601 1540 1636 brevi
1562 1604 1649 1647 post

211 1660 325 1692 totum
353 1657 490 1693 Arsaci
517 1657 750 1693 subeundum
780 1667 867 1692 esse
895 1655 1070 1692 ostendit.
1131 1656 1241 1701 Quod
1274 1657 1400 1703 quinto
1431 1658 1516 1692 loco
1537 1655 1646 1693 affert

159 1739 161 1741 -
205 1721 280 1759 per
304 1717 433 1748 nostr-a
454 1723 634 1761 corpora,
662 1713 764 1750 hune
783 1723 936 1749 sensum
959 1712 1090 1756 habet,
1114 1712 1366 1749 Mithridatem
1387 1714 1510 1760 ipsum
1536 1717 1647 1760 atque

210 1768 410 1815 Tigranem
435 1770 523 1806 belli
550 1770 666 1807 duces
694 1770 794 1814 l'ore,
820 1769 974 1815 suisque
1002 1771 1175 1815 personis
1205 1781 1337 1806 omnes
1362 1770 1449 1806 belli
1476 1780 1588 1806 casus
1613 1774 1649 1806 et

210 1823 377 1871 pericula
396 1826 596 1862 subituros.
655 1826 759 1870 Quae
778 1826 902 1861 omnia
922 1829 962 1860 ut
984 1826 1171 1861 societatis
1194 1825 1332 1862 habent
1353 1825 1649 1862 commendatio-

212 1891 297 1916 nem
319 1883 366 1917 ab
385 1882 549 1926 utilitate,
568 1882 617 1918 ita
637 1881 832 1928 sequentia
853 1892 924 1928 quo
945 1899 996 1907 —-
1012 1891 1213 1928 possumus
1237 1883 1562 1918 comminationem
1582 1894 1650 1929 pe-

211 1936 318 1972 riculi
339 1937 518 1981 inferunt,
547 1941 586 1973 ut
603 1938 768 1973 Arsaces
799 1947 845 1972 eo
876 1947 1025 1983 quoque
1056 1942 1263 1973 moveatur.
1323 1937 1520 1976 Relativae
1548 1939 1647 1974 enim

211 1993 483 2028 enunciationis
510 1992 560 2028 ad
583 1994 712 2029 bellum
730 1993 948 2039 pertinentis
971 2003 1106 2028 sensus
1128 1993 1190 2030 hic
1210 1999 1288 2039 est,
1316 1994 1366 2030 ita
1392 1999 1646 2042 comparatum

212 2058 300 2084 esse
316 2047 421 2093 illud,
443 2048 544 2094 quod
565 2052 726 2096 geratur,
754 2049 904 2092 bellum,
934 2052 991 2093 ut,
1019 2050 1054 2084 si
1069 2049 1232 2086 Arsaces
1253 2054 1327 2086 tum
1345 2053 1551 2087 societatem
1579 2051 1644 2087 ab—

211 2107 312 2148 nuat,
341 2104 423 2140 sine
444 2104 525 2140 eius
546 2105 713 2151 periculo
732 2105 828 2141 finiri
850 2115 926 2140 non
946 2105 1088 2152 possit;
1110 2117 1196 2143 nam
1216 2107 1247 2143 si
1271 2107 1394 2143 vincat
1413 2107 1649 2144 Mithridates

212 2171 297 2196 cum
316 2159 491 2207 Tigrane,
512 2161 604 2206 fore,
635 2165 674 2196 ut
691 2161 874 2198 Arsacem
895 2161 950 2197 ira
969 2165 1128 2208 negatae
1157 2163 1346 2200 societatis
1367 2163 1648 2212 aggrediantur,

213 2214 447 2252 sin'Romani
466 2217 629 2262 vincant,
645 2218 823 2253 continuo
843 2228 911 2253 eos
925 2217 1145 2254 Parthorum
1161 2230 1315 2267 regnum
1330 2220 1544 2257 invasuros.
1571 2220 1648 2258 Sed

212 2282 260 2308 ne
279 2271 512 2319 importunus
528 2273 955 2318 videaturMithridates‚
970 2274 1177 2320 periculum
1192 2285 1244 2312 ex
1261 2286 1301 2312 se
1316 2277 1451 2313 Arsaci
1471 2278 1648 2321 futurum,

213 2331 308 2364 tecte
328 2328 440 2364 modo
465 2329 594 2373 innuit,
617 2333 653 2365 et
673 2330 710 2365 in
729 2330 971 2376 sequentibus
996 2330 1035 2366 id
1056 2334 1197 2368 tantum
1217 2333 1306 2379 agit,
1326 2337 1378 2378 ut,
1402 2333 1493 2380 quid
1513 2334 1648 2370 Arsaci

214 2394 236 2419 a
251 2383 429 2420 Romanis
447 2385 651 2421 victoribus
670 2386 876 2423 timendum
893 2387 952 2431 sit,
972 2387 1119 2433 prolixe
1140 2393 1318 2435 exponat.
1345 2409 1403 2416 —
1427 2389 1516 2434 Quo,
1547 2389 1647 2436 quod

211 2439 320 2476 unice
342 2451 474 2477 verum
502 2451 588 2477 esse
616 2443 799 2479 sententia
822 2443 907 2490 ipsa
930 2444 1083 2490 probat,
1115 2449 1236 2481 exstat
1263 2445 1301 2481 in
1328 2445 1414 2482 cod.
1434 2445 1520 2482 vat.
1546 2450 1580 2485 1.
1611 2451 1647 2481 et

210 2495 408 2542 Bongars„
436 2497 531 2533 falso
552 2501 677 2533 tamen
706 2499 844 2535 lineola
871 2499 1057 2546 imposita.
1115 2501 1200 2537 Vat.
1230 2505 1265 2538 2.
1288 2501 1401 2537 habet
1427 2512 1533 2543 cum5
1555 2501 1643 2538 Aldi

211 2553 428 2588 coniectura
447 2556 505 2588 est
522 2554 691 2601 quandem
727 2554 871 2591 Benalii
903 2557 1102 2603 quomod03
1139 2557 1241 2603 quod
1276 2568 1501 2604 quamquam
1536 2559 1648 2605 plane

212 2608 415 2644 absurdum
447 2613 524 2655 est,
558 2613 683 2646 tamen
712 2611 750 2646 in
777 2611 949 2648 omnibus
978 2612 1067 2648 edd.
1101 2624 1221 2660 usque
1249 2613 1297 2649 ad
1326 2608 1424 2650 Gerl.
1463 2615 1551 2651 mai.
1585 2616 1649 2651 ob-

211 2664 328 2700 tinuit.

322 2723 358 2763 ς.
379 2722 436 2760 17.
454 2721 513 2757 An
532 2722 682 2768 iynoras
701 2723 792 2766 etc.)
818 2722 872 2758 De
893 2723 1036 2760 ratione
1057 2725 1359 2772 interrogationis
1382 2738 1428 2763 ex
1453 2738 1503 2763 an
1526 2730 1649 2774 aptae,

212 2785 286 2821 qua
308 2777 566 2814 antecedentia
591 2777 858 2815 confirmantur
892 2781 1031 2816 reiecto
1068 2783 1271 2825 contrario,
1313 2793 1351 2818 v.
1386 2784 1548 2820 Graium.
1587 2785 1651 2821 lat.

1286 2841 1375 2883 21*
