1774 3002
137 158 222 201 322
623 164 661 202 C.
691 165 921 204 SALLUSTI
952 166 1103 206 CRISPI

139 287 220 334 stis
252 287 415 334 circum
452 289 654 336 omnibus
691 290 800 337 locis
828 291 873 336 in
907 292 1161 339 Armeniam
1197 293 1422 351 concessi3
1452 307 1591 340 seeu-

138 371 258 433 tique
293 371 480 419 Romani
519 389 609 420 non
649 390 741 431 me,
784 375 864 421 sed
899 390 1063 422 morem
1106 391 1236 422 suum
1270 376 1415 423 omnia
1451 391 1590 438 regna

138 456 452 513 subvortundi‚
489 457 592 518 quia
626 458 946 505 multitudinem
981 460 1087 506 artis
1112 460 1220 507 locis
1247 475 1403 522 pugna
1430 459 1587 520 prohi-

138 541 273 588 buere
287 577 298 597 ,
321 540 657 600 imprudentiam
677 542 882 603 Tigranis
901 558 983 603 pro
1003 543 1186 590 victoria
1209 546 1443 590 ostentant.
1463 544 1588 590 Nunc
1599 555 1642 590 16

138 640 305 686 quaeso
326 625 580 681 considera,
613 626 739 672 nobis
763 629 992 687 oppressis
1011 631 1158 675 utrum
1186 627 1422 674 firmiorem
1457 630 1500 673 te
1530 627 1585 673 ad

137 708 453 766 resistendum,
492 725 547 755 an
587 709 720 756 finem
749 709 850 756 belli
881 711 1077 761 futurum
1103 711 1266 773 putes?
1326 710 1429 758 Scio
1456 711 1587 772 equi-

133 856 378 894 praeyressos
411 851 667 884 assecuturum
697 850 741 884 vi
750 848 775 884 d
785 852 829 884 et
838 864 849 889 ;
876 860 948 895 quo
986 849 1071 884 loco
1101 851 1223 887 videre
1252 853 1427 897 respectu
1448 848 1584 896 prioris

138 904 273 939 obiecti
292 903 480 951 significat
493 906 719 952 conspicere,
738 904 787 941 ad
806 906 996 952 posterius
1017 906 1173 943 relatum
1190 907 1290 943 valet
1302 906 1516 953 intelliqere.
1534 905 1582 941 cf.

139 958 238 996 Curt.
259 960 322 1006 IX,
344 965 377 1006 1,
398 964 433 999 8.
474 961 574 998 Hinc
591 961 690 999 Poro
720 972 898 1010 amneque
927 967 1153 1008 superato
1176 964 1228 1000 ad
1251 965 1428 1000 interiora
1453 962 1584 999 Indiae

130 1019 335 1064 processit,
366 1018 428 1054 ubi
460 1030 498 1054 v.
530 1019 694 1055 Miitzell.
733 1018 808 1055 Cic.
840 1019 887 1055 de
919 1019 1018 1056 Orat.
1049 1019 1092 1065 ΙΙ,
1124 1025 1158 1066 5,
1179 1025 1237 1059 21.
1277 1019 1583 1067 Philosophorum

137 1074 326 1110 auditores
346 1075 486 1112 discum
506 1077 676 1112 audire
699 1087 809 1123 quam
827 1076 1084 1123 philosophum
1102 1078 1254 1113 malunt.
1274 1097 1332 1102 —
1360 1077 1414 1113 De
1435 1076 1582 1113 duobus

138 1131 311 1169 ablativis
340 1133 432 1168 ανιίε
459 1133 547 1168 locis
564 1143 695 1180 puqna
717 1132 871 1169 diversa
897 1133 1040 1168 ratione
1069 1133 1119 1170 ad
1141 1128 1366 1181 prohibuere
1393 1134 1582 1181 pertinen-

139 1187 235 1224 tibus
256 1200 293 1226 v.
316 1188 366 1224 ad
384 1189 444 1225 Fr.
467 1189 536 1234 111,
565 1192 624 1234 82,
644 1192 702 1227 26.
729 1210 777 1215 —
809 1189 1102 1237 Imprudentium
1124 1194 1303 1228 ostentant
1321 1190 1360 1227 h.
1381 1191 1407 1227 1.
1430 1194 1488 1226 est
1505 1191 1581 1237 qlo-

137 1246 286 1282 riantur
306 1245 558 1292 imprudentia
578 1250 754 1293 tanquam
773 1247 933 1283 victoria
954 1258 1037 1283 sua.

250 1305 287 1345 §-
306 1305 363 1340 16.
388 1303 553 1339 Ceterum
573 1304 760 1339 consilium
781 1307 846 1348 est,
870 1303 1042 1351 Tiqranis
1062 1315 1176 1353 rayno
1196 1306 1336 1352 inteyro
1356 1303 1448 1348 etc.)
1488 1301 1580 1339 Tum

138 1360 175 1395 in
196 1359 492 1406 interpunctione
514 1359 649 1396 horum
668 1361 870 1396 verborum
890 1361 1152 1398 constituenda
1174 1361 1338 1398 editores
1354 1359 1581 1407 discrepant,

138 1421 214 1453 tum
233 1417 271 1452 in
296 1427 412 1452 sensu
432 1418 544 1453 totius
564 1417 638 1453 loci
658 1417 898 1464 expediendo
921 1419 1075 1454 multum
1096 1430 1118 1455 a
1137 1429 1228 1454 vero
1249 1419 1479 1455 aberrarunt.
1505 1416 1580 1453 Alii

137 1473 249 1518 enim,
270 1474 373 1510 velut
394 1472 553 1520 Curtius,
591 1473 709 1518 Gerr,
747 1473 928 1520 Orellius‚
958 1475 1100 1520 Faber,
1128 1475 1300 1522 Tiyrauis
1322 1474 1373 1511 ad
1393 1474 1581 1510 consilium
1643 1482 1647 1490 “

137 1532 314 1575 referunt,
338 1531 414 1575 alii,
435 1532 474 1567 in
498 1531 633 1578 quibus
652 1531 877 1568 Debrossius
898 1535 935 1567 et
955 1531 1194 1576 Burnoufius,
1216 1542 1302 1568 cum
1321 1531 1446 1568 verbis
1469 1540 1582 1578 reyno

135 1589 276 1634 inteyro
298 1588 539 1635 coniungunt.
570 1588 664 1623 Tum
682 1589 756 1624 iam
779 1588 866 1624 inde
887 1590 934 1625 ab
951 1588 1114 1636 Aspero,
1135 1588 1301 1626 Sallustii
1322 1588 1581 1635 antiquissimo

137 1645 352 1691 interprete,
377 1644 581 1681 dubitatum
603 1649 672 1689 est,
693 1648 848 1680 ceterum
867 1645 1048 1692 particula
1061 1646 1119 1691 sit,
1142 1656 1189 1682 an
1210 1644 1450 1681 adieetivum.
1471 1644 1582 1679 Deni-

138 1712 231 1748 que,
266 1701 329 1747 qui
361 1705 500 1737 rectam
536 1701 874 1747 interpunctionem
906 1706 1131 1748 sequuntur,
1173 1703 1210 1737 in
1234 1702 1368 1748 quibus
1392 1704 1449 1737 est
1470 1701 1582 1736 etiam

137 1757 308 1794 Handius
331 1757 377 1794 de
397 1758 555 1794 Particc.
576 1758 637 1793 lat.
655 1758 742 1793 Vol.
762 1757 807 1793 II.
823 1751 860 1805 p.
877 1761 957 1804 34„
987 1760 1106 1794 verba
1124 1759 1312 1795 consilium
1330 1762 1385 1793 est
1401 1758 1582 1804 interpre-

138 1818 261 1851 tantur
282 1819 355 1864 ξπαι
371 1814 461 1850 mihi
475 1815 665 1851 sententia.
703 1814 807 1858 Quae
828 1816 956 1851 omnia
974 1814 1129 1851 mirifice
1149 1815 1310 1851 confusa
1327 1818 1363 1851 et
1381 1812 1486 1850 haud
1506 1823 1580 1849 uno

138 1872 291 1908 nomine
315 1872 518 1908 falsissima
548 1872 701 1918 longum
721 1875 778 1907 est
795 1882 863 1918 per
891 1873 1040 1919 singula
1058 1872 1242 1907 refellere.
1272 1871 1377 1907 Vera
1390 1870 1468 1907 toci
1486 1870 1580 1905 ratio

138 1929 234 1965 haec
256 1932 324 1965 est.
379 1928 628 1973 Mithridates,
649 1928 812 1965 breviter
833 1939 955 1975 neque
975 1928 1178 1964 admodum
1200 1938 1291 1965 vere
1313 1928 1475 1968 infausto
1493 1926 1581 1963 belli

138 1996 322 2024 successu
346 1986 531 2032 exposito,
553 1986 628 2021 iam
646 1985 794 2030 Arsaci,
823 1997 934 2032 quam
958 1985 1146 2022 commoda
1165 1988 1274 2032 atque
1295 1985 1391 2021 utilis
1410 1985 1448 2020 α’
1465 1984 1582 2020 soene—

138 2046 194 2079 tas
212 2044 376 2090 expetita
396 2042 529 2089 futura
554 2043 618 2089 sit,
653 2042 854 2078 ostendere
875 2046 1042 2079 conatur.
1102 2042 1219 2092 Igitur
1247 2041 1413 2078 laudatis
1431 2040 1582 2087 magnis

139 2100 222 2135 eius
240 2101 389 2146 opibus,
408 2103 561 2146 propter
582 2110 675 2146 quas
697 2103 733 2135 et
752 2101 798 2135 ab
818 2100 902 2146 ipso
923 2099 971 2135 ad
994 2099 1223 2143 societatem,
1247 2102 1283 2134 et
1303 2097 1513 2134 aRomanis
1532 2096 1582 2132 ad

137 2155 317 2202 praedam
339 2160 547 2202 expetatur,
569 2157 619 2192 ita
638 2157 781 2203 pergit:
814 2157 883 2192 sed
902 2159 1022 2192 tamen
1043 2156 1106 2192 tibi
1127 2154 1283 2200 suade0,
1311 2157 1351 2191 ut
1368 2157 1496 2191 nostro
1517 2163 1582 2189 au—

138 2212 241 2257 xilio,
263 2213 325 2248 tibi
347 2212 460 2248 valde
481 2217 706 2260 opportuno,
732 2214 850 2250 utaris
870 2213 920 2249 ad
938 2213 1096 2257 bellum,
1126 2212 1228 2259 quod
1248 2212 1311 2248 tibi
1332 2211 1454 2248 serius
1474 2211 1582 2246 ocius

140 2280 162 2305 a
181 2268 361 2305 Romanis
382 2269 506 2314 instat,
530 2269 829 2314 conficiendum,
857 2281 904 2305 ex
926 2281 1021 2316 quo,
1055 2270 1234 2305 societate
1270 2272 1399 2305 nostra
1428 2267 1581 2311 reiecta,

141 2326 222 2363 sive
245 2325 447 2369 vincimus,
471 2327 554 2363 sive
570 2326 767 2371 vincimur,
788 2326 996 2372 periculum
1015 2326 1080 2362 tibi
1101 2326 1181 2362 erit,
1203 2345 1260 2350 —-
1282 2325 1446 2362 θείω-ειη
1468 2333 1581 2371 quum

140 2383 321 2419 reseratur
343 2382 393 2418 ad
416 2384 535 2418 verba
559 2384 634 2419 scio
654 2382 716 2425 tibi
731 2385 886 2430 magnas
904 2392 992 2429 opes
1011 2392 1112 2427 esse,
1142 2383 1348 2418 sententiae
1374 2383 1426 2418 ita
1446 2380 1583 2417 cohae—

140 2443 240 2476 rent:
263 2450 485 2486 quamquam
502 2440 652 2486 magnis
671 2440 806 2485 opibus
821 2438 1014 2486 praeditus
1030 2439 1210 2475 societate
1230 2443 1358 2475 nostra
1372 2449 1448 2474 non
1467 2447 1582 2484 egere

142 2496 295 2540 videris,
319 2508 363 2532 ac
384 2499 420 2531 te
441 2496 563 2532 solum
581 2495 680 2532 hosti
703 2495 868 2532 arcendo
893 2506 1022 2542 parem
1043 2495 1192 2540 credis,
1219 2500 1340 2532 tamen
1367 2494 1455 2531 tibi
1477 2503 1579 2530 con·

139 2553 217 2590 sul
223 2563 244 2589 ο
274 2554 358 2597 (==
376 2554 567 2589 consilium
584 2553 660 2597 est)
690 2563 837 2588 mecum
858 2553 996 2589 bellum
1017 2552 1223 2597 eonficere3
1258 2551 1358 2588 unde.
1379 2551 1489 2588 simul
1509 2549 1581 2585 hoc

139 2613 242 2657 patet
268 2620 342 2645 non
371 2610 597 2646 intellectum
620 2619 771 2646 sensum
788 2610 988 2645 verborum
1010 2610 1198 2646 consilium
1228 2612 1284 2645 est
1310 2607 1482 2644 omnibus
1503 2604 1580 2641 edi-

142 2667 284 2702 toribus
323 2666 446 2702 fraudi
486 2667 616 2703 fuisse.
668 2665 773 2710 Quae
819 2670 1044 2712 sequuntur,
1082 2676 1240 2702 caussas
1282 2663 1461 2707 afferunt,
1502 2661 1584 2709 qui-

141 2725 211 2760 bus
231 2722 397 2759 Arsaces
421 2722 470 2759 ad
491 2722 791 2770 amplectendum
814 2722 1039 2759 Mithridatis
1071 2723 1269 2759 consilium
1286 2719 1500 2768 permoveri
1521 2717 1585 2754 de-

141 2781 240 2817 beat.
299 2780 437 2816 Earum
455 2781 578 2829 prima
597 2780 803 2817 continetur
830 2780 957 2816 verbis
982 2779 1154 2828 Tiqranis
1180 2788 1295 2827 regno
1318 2778 1476 2824 myro,
1507 2777 1532 2813 i.
1553 2786 1586 2811 e.
