1774 3002
151 173 236 215 226
639 174 681 212 C.
716 176 946 214 SALLUSTI
976 175 1127 213 CRISPI

290 303 358 346 43.
412 298 552 361 Igitur
576 299 794 347 introrsus
815 301 954 362 prima
981 300 1116 347 Asiae
1141 300 1347 361 Bithynia
1371 302 1461 357 est,
1486 300 1606 346 mul-

158 452 371 498 analogiam
402 462 537 488 vocum
565 452 858 499 paterfamilias,
894 453 1176 500 materfamilias
1213 458 1454 500 usurpatum,
1491 453 1607 489 idem-

155 519 228 554 que
261 507 373 543 tradit
401 507 557 544 Servius
589 508 637 543 ad
666 507 772 555 Virg.
803 508 901 543 Aen.
930 508 1002 553 XI,
1032 512 1136 554 SOL,
1179 511 1261 557 qui,
1298 511 1425 548 verbis
1456 510 1606 546 castella

154 565 338 601 custodias
370 564 627 600 thesaurorum
669 565 809 609 allatis,
851 565 1039 611 Asperum
1074 568 1155 602 eius
1193 567 1454 613 explicationis
1492 567 1607 602 refert

155 626 358 657 auctorem.
415 620 518 665 Quae
544 621 575 657 si
597 632 689 657 vera
714 624 837 665 esset,
869 620 1070 659 Sallustius
1097 622 1300 659 admodum
1323 623 1415 660 dure
1439 626 1475 658 et
1501 623 1599 659 inso-

153 678 272 713 lenter
311 678 498 713 artissime
532 678 789 714 coniunxisset
822 678 971 713 castella
1009 679 1210 725 custodias,
1250 681 1357 726 quasi
1398 680 1603 717 vernacula

155 734 260 770 dicas
291 734 715 782 Bemachunyscastelle,
746 733 1048 781 Schutzcaslelle,
1078 736 1211 782 quibus
1240 737 1367 773 verbis
1389 736 1482 772 nihil
1511 746 1602 772 sane

154 793 296 836 obstat,
333 791 534 837 quominus
565 792 658 827 alter
681 792 872 838 genitivus
900 791 1035 827 obiecti
1058 792 1232 828 addatur.
1279 792 1358 829 Sed
1379 804 1425 828 ne
1450 793 1604 839 sicqui-

155 848 243 884 dem
260 848 385 883 omnia
406 848 520 894 plana
541 853 637 885 sunt.
679 848 775 883 Nam
799 858 912 894 quum
933 847 1090 885 Servius
1111 850 1135 884 l.
1161 850 1185 884 l.
1213 848 1348 894 addat,
1374 860 1448 885 non
1471 859 1603 885 omnes

153 904 292 951 Asperi
320 905 541 941 sententiam
560 906 741 952 probare,
773 904 842 940 sed
870 915 978 950 esse,
1005 906 1068 951 qui
1090 906 1274 942 custodias
1291 917 1361 952 pro
1384 905 1602 942 accusativo

153 961 335 1006 habeant,
362 962 400 996 in
424 966 599 1008 promptu
620 965 678 997 est
701 959 801 997 istud
826 960 908 996 fieri
936 972 1009 997 non
1037 963 1229 1008 potuisse,
1261 963 1334 998 nisi
1355 961 1536 1010 liquidum
1559 972 1603 997 ac

153 1029 309 1065 prorsus
338 1021 478 1054 certum
508 1018 661 1061 fuisset,
696 1018 845 1053 castella
866 1029 1024 1064 quoque.
1043 1019 1297 1054 accusativum
1322 1029 1421 1057 esse.
1464 1018 1542 1056 Sed
1570 1019 1603 1054 si

154 1074 305 1110 castella
335 1078 372 1109 et
398 1075 582 1111 custodias
612 1074 819 1111 accusativi
851 1078 955 1120 sunt,
994 1076 1276 1122 acciperentur,
1317 1075 1418 1122 quod
1443 1073 1603 1111 Charisii

156 1130 270 1168 codd.
298 1141 505 1177 omnesque
528 1131 618 1168 Sall.
645 1131 733 1166 edd.
763 1135 906 1176 tenent,
937 1132 1152 1168 necessario
1176 1132 1307 1167 salsum
1331 1135 1407 1177 est,
1436 1132 1601 1168 scriben-

156 1188 320 1234 dumque
348 1189 578 1234 acciperent,
610 1188 648 1223 in
678 1187 779 1234 quod
809 1188 920 1223 etiam
941 1187 1160 1224 Gerlachius
1181 1188 1345 1224 V01.111.
1374 1199 1413 1235 p.
1438 1190 1519 1226 104.
1550 1188 1604 1223 in—

157 1244 268 1290 cidit,
298 1255 524 1291 quamquam
553 1245 647 1280 ratio
679 1245 760 1280 eius
790 1244 841 1289 (si
870 1254 916 1279 ea
938 1244 1049 1280 modo
1072 1245 1165 1280 ratio
1188 1249 1263 1290 est,
1295 1245 1432 1292 quippe
1453 1255 1528 1281 non
1557 1255 1604 1279 ex

155 1301 229 1337 hoc
259 1301 342 1347 ipso
373 1302 457 1337 loco
488 1300 618 1343 ducta,
651 1301 719 1337 sed
751 1311 798 1336 ex
824 1312 981 1347 prorsus
1010 1302 1133 1337 alieno
1161 1301 1238 1346 (Fr.
1259 1301 1323 1347 IV,
1342 1302 1397 1346 5.)
1428 1301 1604 1348 repetita)

159 1370 181 1395 a
199 1362 330 1394 nostra
349 1362 425 1394 toto
449 1359 555 1393 coelo
581 1357 785 1404 discrepat.
831 1357 886 1393 Ne
907 1358 1043 1401 multa,
1076 1368 1176 1394 vana
1196 1361 1253 1393 est
1277 1358 1603 1405 grammaticorum

157 1415 204 1451 de
226 1415 392 1462 genitivo
413 1415 595 1451 custodias
616 1414 799 1451 sententia
812 1442 821 1457 ‚
851 1425 974 1461 neque
996 1413 1035 1450 id
1056 1414 1150 1461 sugit
1169 1414 1483 1461 circumspectum
1509 1413 1605 1450 iudi-

158 1472 257 1508 cium
275 1470 388 1510 Conr.
407 1472 521 1518 Leop.
545 1470 830 1508 Schneideriin
851 1470 1014 1507 Gramm.
1035 1472 1097 1506 lat.
1119 1470 1162 1515 ΙΙ,
1186 1475 1217 1508 1.
1249 1482 1288 1518 p.
1309 1474 1368 1509 21.
1411 1469 1603 1508 Charisius

158 1528 257 1564 enim
277 1528 417 1575 pariter
441 1532 552 1574 atque
572 1527 730 1564 Servius
751 1526 939 1574 Asperum
960 1531 1097 1563 temere
1119 1527 1238 1563 secuti
1259 1531 1366 1573 sunt;
1395 1527 1520 1574 Asper
1540 1537 1605 1563 au-

160 1589 252 1628 tem,
284 1588 323 1620 ut
344 1583 561 1621 Sallustium
589 1585 714 1631 prisce
743 1585 956 1630 loquentem
990 1585 1152 1628 faceret,
1182 1584 1335 1632 ingenio
1364 1585 1504 1620 abusus
1534 1587 1602 1626 est,

158 1652 235 1677 non
262 1641 405 1676 veritus
438 1641 618 1687 ineptias,
650 1641 680 1676 si
710 1639 822 1676 modo
860 1640 991 1676 doctus
1023 1641 1229 1676 videretur.
1280 1641 1464 1676 Perversa
1492 1639 1604 1687 igitur

158 1699 361 1736 verborum
391 1698 642 1744 explicatione
673 1701 710 1732 et
738 1692 923 1743 scriptura
952 1697 1112 1740 omissa,
1140 1697 1168 1731 F
1171 1697 1352 1743 ragmenti
1381 1697 1474 1732 ratio
1505 1696 1602 1732 haee

159 1758 236 1800 est,
266 1758 306 1790 ut
325 1754 508 1790 custodias
529 1753 786 1789 thesaurorum
806 1753 992 1799 appositio
1014 1753 1061 1788 sit
1081 1752 1129 1788 ad
1151 1753 1300 1787 castella
1322 1763 1475 1797 vocem;
1499 1751 1601 1787 haud

158 1811 383 1857 infrequenti
409 1811 508 1846 enim
538 1809 767 1857 metonymia
795 1809 956 1845 custodia
987 1808 1122 1844 dicitur
1149 1807 1196 1843 de
1225 1809 1328 1854 loco,
1368 1809 1431 1845 ubi
1460 1807 1601 1854 aliquid

158 1867 388 1914 custoditur,
419 1867 482 1903 vel
502 1871 734 1903 asservatur.

271 1924 332 1961 Fr.
352 1926 411 1963 43.
448 1922 563 1968 [Cori.
584 1935 621 1970 p.
639 1923 743 1961 1007.
764 1921 863 1957 Gerl.
886 1921 946 1957 ed.
968 1921 1056 1957 mai.
1078 1921 1153 1956 Inc.
1173 1923 1253 1958 loo.
1274 1920 1334 1956 ed.
1355 1920 1444 1956 min.
1466 1920 1527 1965 111,
1543 1922 1601 1958 43.

159 1992 198 2027 p.
217 1983 299 2026 218,
321 1985 354 2018 1.
375 1980 486 2017 Debr.
512 1979 572 2025 III,
593 1977 690 2028 129.]
741 1979 862 2014 Locus
892 1981 1013 2014 exstat
1043 1977 1144 2024 apud
1165 1975 1275 2013 Serv.
1305 1976 1355 2013 ad
1377 1977 1481 2024 Virg.
1507 1976 1602 2012 Aen.

159 2037 208 2081 V,
230 2037 337 2081 373„
367 2037 429 2083 qui
457 2038 574 2073 verba
600 2038 709 2084 iyitur
738 2055 794 2061 —
813 2034 988 2083 Bithynia
1018 2037 1072 2069 est
1105 2033 1213 2068 etiam
1233 2033 1282 2069 ad
1300 2033 1348 2078 V,
1367 2036 1450 2071 203.
1481 2031 1600 2069 affert.

159 2094 359 2129 Praeterea
387 2097 500 2128 totum
531 2093 630 2129 hunc
651 2092 816 2130 Sallustii
843 2093 966 2127 locum
997 2090 1148 2126 liberius
1170 2100 1213 2124 ac
1241 2089 1428 2126 nonnullis
1451 2090 1602 2125 mutatis

162 2149 374 2196 additisque
402 2149 590 2196 expressit
608 2149 741 2186 Isidor.
761 2148 858 2193 XIV,
879 2151 914 2191 3,
934 2150 994 2185 39.
1020 2158 1056 2193 p.
1076 2149 1158 2185 439.
1179 2145 1424 2184 Lindem.„—

273 2206 537 2252 Fragmentum
562 2205 634 2241 hoc
659 2216 744 2241 cum
766 2215 902 2240 novem
926 2203 1167 2249 sequentibus
1187 2203 1372 2248 pertinent
1393 2201 1442 2238 ad
1463 2201 1603 2237 descri-

160 2261 326 2308 ptionem
346 2262 473 2306 Ponti,
505 2262 528 2296 i.
551 2264 585 2296 e.
614 2262 728 2297 maris
749 2260 889 2296 Pontici
916 2263 950 2294 et
972 2259 1312 2295 circumiacentium
1333 2262 1515 2294 terrarum
1537 2268 1603 2303 po—

161 2318 431 2364 pulorumque,
463 2329 575 2364 quam
607 2321 735 2353 auctor
766 2318 871 2363 operi
900 2327 968 2352 suo
1001 2315 1166 2351 inseruit.
1206 2315 1297 2351 Earn
1327 2314 1601 2362 digressIOnem

163 2375 255 2411 satis
275 2375 414 2410 claram
441 2374 557 2410 fuisse
579 2373 679 2420 apud
701 2374 872 2419 antiquos
895 2376 1048 2408 testatur
1069 2371 1168 2407 Fest.
1189 2371 1359 2408 Avienus
1382 2370 1456 2407 Ora
1478 2369 1599 2405 marit.

162 2442 198 2467 v.
219 2434 273 2470 32⁴
288 2441 371 2477 sqq.
392 2430 680 2476 ‚,Interrogasti‚
703 2429 735 2465 si
755 2433 879 2472 tenes,
911 2429 1083 2465 Maeotici
1105 2427 1216 2464 Sinus
1238 2428 1321 2474 quis
1336 2431 1443 2462 esset
1463 2436 1600 2472 aequo-

163 2488 229 2523 ris.
277 2486 494 2523 Sallustium
514 2487 651 2522 Noram
680 2485 718 2521 id
739 2484 891 2521 dedisse
904 2514 912 2529 ,
946 2485 1046 2520 dicta
1066 2489 1101 2520 et
1120 2484 1202 2519 eius
1220 2483 1391 2519 omnibus
1411 2480 1602 2518 Praeiudi-

163 2547 268 2579 eatae
299 2543 529 2579 auctoritatis
566 2542 695 2578 ducier
723 2542 806 2578 Non
835 2542 1058 2578 abnuebam.
1107 2539 1168 2576 Ad
1189 2540 1270 2575 eius
1299 2539 1410 2586 igitur
1439 2537 1600 2573 inclitam

162 2599 471 2646 Descriptionem,
500 2610 573 2646 qua
594 2599 761 2634 locorum
783 2598 979 2634 formulam
998 2596 1277 2643 Imaginemque
1299 2605 1499 2641 expressor
1524 2593 1602 2628 effi-

164 2667 235 2692 cax
265 2657 338 2691 stili
358 2655 401 2692 Et
423 2656 589 2692 veritatis
610 2664 731 2702 paene
764 2655 800 2689 in
823 2655 969 2690 obtutus
1000 2652 1103 2688 dedit
1123 2653 1266 2699 Lepore
1286 2651 1457 2698 linguae,
1488 2650 1602 2685 multa

165 2723 285 2749 rerum
310 2712 497 2748 iunximus
517 2713 571 2748 Ex
593 2711 835 2758 plurimorum
857 2713 1003 2756 sumpta
1023 2707 1342 2744 commentariis.“
1375 2706 1469 2741 Hinc
1492 2706 1602 2741 etiarn

166 2769 300 2805 sactum
322 2772 395 2814 est,
425 2772 464 2804 ut
485 2767 717 2816 grammatici
746 2765 950 2811 interdum,
978 2765 1039 2801 ubi
1066 2765 1170 2800 locos
1201 2773 1250 2799 ex
1272 2761 1345 2799 hae
1374 2761 1500 2809 operis
1522 2761 1602 2799 Sal-
