1774 3002
149 183 205 227 74
516 160 518 162 μ
649 187 688 224 ο.
720 186 950 231 SALLUsrl
979 189 1129 228 cmsm

147 311 279 360 armis
306 312 541 371 sollicitae3
570 311 840 359 Mithridates
867 314 910 359 in
941 314 1076 361 latere
1104 315 1385 377 vectigalium
1410 320 1594 364 nostro-

147 411 265 452 rum,
300 396 459 458 quibus
498 396 641 442 adhuc
677 399 997 454 sustentamur,
1033 398 1147 444 diem
1188 399 1302 446 bello
1332 401 1594 462 circumspi-

147 479 227 538 cit;
265 480 368 541 quin
402 483 577 541 praeter
602 480 808 525 idoneum
837 479 992 524 ducem
1027 479 1131 524 nihil
1163 481 1288 526 abest
1318 482 1373 527 ad
1399 482 1595 528 subvor-

146 564 330 610 tundum
366 564 606 625 imperium.
661 562 790 619 Quod
837 577 925 623 ego
970 578 1053 609 vos
1099 578 1179 609 oro
1224 566 1356 626 atque
1392 565 1632 623 obsecro,9

145 648 300 694 Patres
339 648 594 708 conscripti,
640 648 689 692 ut
729 645 1110 704 animadvortatis,
1151 663 1236 694 neu
1279 649 1501 709 patiamini
1537 650 1596 696 li-

146 732 331 778 centiam
358 731 597 786 scelerum,
618 729 742 792 quasi
767 730 933 785 tabem,
959 730 1014 775 ad
1038 729 1238 792 integros
1263 733 1465 779 contactu
1482 748 1595 794 pro—

144 869 239 905 Nam
275 869 400 905 deesse
429 869 601 905 dicuntur
632 879 696 913 ea,
736 878 832 913 quae
863 877 977 913 quum
1010 870 1220 906 necessario
1250 872 1287 905 et
1314 870 1451 906 interm·
1476 879 1596 907 nexus

144 926 288 962 ratione
310 927 546 972 requiruntur
568 924 618 960 ad
639 925 800 971 aliquam
825 934 917 968 rem,
941 934 1016 960 non
1036 929 1188 970 assunt3
1219 925 1346 962 abesse
1366 937 1470 972 vero,
1495 927 1596 974 quod

143 983 295 1029 proprie
317 982 531 1019 distantiam
559 982 716 1017 alicuius
740 980 794 1015 rei
815 980 986 1026 denotat,
1018 981 1064 1017 de
1086 982 1132 1019 iis
1153 986 1374 1029 usurpatur,
1402 994 1499 1030 quae
1526 993 1594 1020 ex-

145 1043 250 1075 terna
279 1042 314 1074 et
334 1040 482 1075 fortuita
504 1039 646 1074 ratione
667 1037 716 1073 ad
736 1037 898 1083 aliquam
926 1048 1002 1072 rem
1025 1039 1139 1078 relata
1168 1050 1242 1075 non
1261 1049 1485 1087 magnopere
1504 1041 1597 1077 desi-

143 1097 346 1142 derantur,
377 1097 409 1132 si
443 1107 518 1131 non
546 1098 696 1139 assunt3
739 1094 786 1129 cl'.
819 1092 895 1129 Cic.
933 1093 1035 1130 Brut.
1077 1106 1110 1131 c.
1150 1099 1218 1140 80,
1247 1091 1335 1134 276.”
1370 1096 1452 1132 Hoc
1483 1108 1596 1133 unum

143 1153 210 1199 illi,
237 1154 278 1188 si
296 1152 417 1188 nihil
436 1148 667 1189 utilitatis
686 1149 903 1195 habebat,
937 1149 1076 1197 abfuit,·
1106 1153 1151 1187 si
1174 1162 1291 1199 opus
1316 1155 1440 1196 erat,
1468 1153 1595 1200 defuit.

144 1210 268 1246 Nostri
290 1210 400 1256 igitur
422 1209 494 1245 loci
515 1220 651 1245 sensus
672 1211 747 1244 est:
775 1217 886 1254 quam
905 1209 1072 1244 variae
1091 1218 1248 1245 caussae
1267 1209 1507 1245 subvertendi
1531 1210 1596 1245 im-

142 1267 238 1313 perii
258 1276 337 1302 esse
347 1269 524 1314 possunt,
552 1276 620 1301 eae
645 1275 776 1300 omnes
795 1266 946 1309 assunt,
975 1268 1125 1312 praeter
1145 1264 1280 1302 ducem
1306 1265 1496 1302 idoneum.
1543 1266 1595 1302 De

144 1324 344 1360 verborum
367 1323 495 1359 abesse
525 1326 561 1358 et
581 1322 708 1358 deesse
729 1321 945 1357 discrimine
975 1323 1023 1358 cs.
1047 1322 1199 1369 Grysar.
1223 1323 1303 1359 Art.
1321 1323 1385 1358 lat.
1407 1323 1596 1360 scribendi

143 1382 284 1427 p.⁷l94.
307 1383 343 1415 et
362 1380 523 1426 Herzog.
549 1378 598 1415 ad
621 1377 730 1415 Caes.
751 1378 795 1413 B.
816 1377 858 1413 G.
881 1378 907 1422 I,
928 1381 986 1416 36.

257 1440 290 1479 S.
311 1439 347 1474 9.
367 1446 440 1472 neu
453 1436 668 1483 patiamini)
707 1435 789 1471 Neu
806 1432 931 1470 Carrio
955 1437 1053 1470 reete
1077 1434 1226 1481 scripsit
1245 1445 1292 1470 ex
1311 1435 1393 1470 Vat.
1408 1437 1451 1480 3;
1483 1438 1596 1473 ceteri

142 1494 246 1538 libri,
277 1493 388 1529 etiam
416 1493 502 1528 Vat.
524 1496 558 1530 1.
579 1497 665 1530 012.
694 1492 834 1528 habent
861 1501 926 1534 ne,
959 1490 1060 1538 quod
1087 1501 1162 1526 non
1192 1491 1279 1526 ferri
1308 1494 1432 1537 potest
1442 1502 1453 1536 ;
1484 1503 1522 1528 v.
1545 1493 1595 1529 ad

144 1549 250 1586 Catil.
272 1561 306 1585 c.
327 1549 498 1593 XXXIV,
520 1553 554 1586 2.
575 1561 615 1596 p.
632 1552 713 1586 158.
763 1547 905 1583 Eodem
926 1547 1038 1583 modo
1067 1557 1139 1584 neu
1166 1548 1202 1583 in
1222 1557 1270 1584 ne
1290 1547 1508 1595 deparatum
1529 1550 1596 1586 suit

142 1606 223 1653 lug.
252 1618 287 1642 c.
307 1606 407 1649 XIV,
428 1607 488 1643 24.
515 1625 570 1630 ——
612 1604 727 1648 Quasi
751 1604 900 1640 tabem
930 1604 1132 1640 verissima
1161 1603 1349 1641 Cari-ionis
1381 1605 1594 1642 coniectura

143 1666 223 1707 est,
254 1673 365 1708 quam
388 1662 501 1697 miror
523 1662 709 1697 neminem
731 1660 915 1696 editorum
937 1661 1149 1707 recepisse,
1176 1672 1290 1707 quum
1311 1661 1484 1698 codicum
1505 1664 1595 1699 scri-

141 1722 250 1766 ptura
277 1720 386 1766 quasi
409 1718 590 1754 rabiem
626 1718 726 1753 nullo
757 1721 867 1763 pacto
895 1717 981 1752 ferri
1010 1717 1144 1764 possit.
1196 1717 1291 1753 Nam
1320 1718 1404 1762 quis
1432 1729 1593 1765 unquam

142 1775 257 1812 fando
279 1775 444 1819 audivit,
479 1774 631 1811 rabiem‘
649 1776 869 1810 contactu
892 1772 944 1808 ad
960 1774 1120 1821 integros
1138 1773 1373 1820 procedere?
1414 1774 1460 1810 Ut
1481 1775 1594 1821 igitur

141 1843 298 1880 prorsus
325 1833 452 1879 inepte
481 1832 588 1868 latius
615 1831 753 1878 diffusa
779 1830 962 1865 scelerum
985 1830 1134 1866 licentia
1152 1829 1271 1866 rabiei
1295 1830 1457 1877 imagine
1480 1831 1595 1879 signi-

142 1889 295 1934 fleatur,
332 1890 381 1925 ita
412 1887 504 1924 nihil
534 1886 852 1924 accommodatius
882 1890 959 1930 est,
989 1897 1100 1933 quam
1128 1887 1248 1922 malae
1275 1886 1329 1921 rei
1359 1887 1435 1922 vim
1466 1888 1592 1935 ingra-

142 1949 359 1982 vescentem
386 1956 470 1981 cum
503 1944 584 1981 tabe
611 1944 694 1980 sive
717 1943 925 1991 pestilentia
949 1942 1181 1990 comparari,
1213 1953 1309 1990 quae
1343 1953 1455 1990 quam
1479 1944 1592 1980 <facile

141 2003 251 2039 latius
273 2005 400 2050 serpat
423 2005 459 2036 et
482 2002 650 2048 integros
675 1999 829 2036 invadat
850 1999 887 2035 in
907 2000 1044 2046 vulgus
1066 2002 1193 2035 notum
1213 2002 1282 2036 est.
1322 1998 1453 2046 Neque
1471 2004 1594 2048 potest

142 2059 322 2103 dubitari,
354 2059 443 2104 quin
467 2058 666 2096 Sallustius
696 2057 813 2094 tabem
835 2056 1047 2103 scripserit,
1080 2067 1192 2103 quum
1217 2055 1369 2103 saepius
1389 2055 1462 2093 hoc
1482 2067 1595 2094 voca-

140 2117 228 2152 bulo
249 2116 285 2150 ln
304 2115 414 2151 simili
437 2116 619 2151 sententia
639 2126 731 2150 usus
754 2114 820 2157 sit;
849 2114 897 2148 cf.
917 2113 1066 2160 Fragm.
1089 2112 1151 2157 IV,
1175 2115 1232 2152 59.
1262 2112 1334 2157 Qui
1353 2112 1497 2160 quidem
1519 2125 1597 2151 mos

140 2173 207 2208 uti
239 2171 366 2207 tabes
404 2173 443 2207 in
470 2171 597 2207 urbem
629 2172 824 2207 coniectus.
873 2169 952 2206 Cat.
980 2169 1148 2215 XXXVI,
1178 2172 1213 2206 5.
1246 2169 1366 2205 Tanta
1394 2171 1449 2206 vis
1481 2171 1599 2207 morbi

139 2240 165 2264 u
178 2228 213 2263 ti
230 2230 243 2262 t
250 2227 360 2263 abes
373 2228 574 2274 plerosque
595 2228 725 2263 civium
744 2227 885 2262 animos
909 2227 1106 2261 invaserat.
1148 2225 1228 2272 lug.
1247 2225 1398 2274 XXXII,
1417 2229 1453 2265 4.
1476 2227 1595 2264 Tanta

139 2285 193 2322 vis
214 2285 395 2320 avaritiae
421 2284 563 2319 animos
589 2293 715 2319 eorum
742 2275 865 2319 uelut
872 2283 887 2317 i
913 2281 1046 2318 tabes
1073 2283 1271 2318 invaserat.
1319 2280 1450 2329 Neque
1470 2283 1595 2320 diver-

141 2352 206 2377 sus
235 2343 292 2376 est
313 2342 419 2376 locus
442 2339 547 2376 Catil.
567 2339 614 2385 X,
633 2343 668 2377 6.
694 2339 800 2375 Haec
822 2339 948 2385 primo
965 2338 1159 2384 paullatim
1185 2348 1376 2383 crescere,
1399 2345 1504 2387 post,
1532 2340 1598 2376 ubi

139 2398 304 2445 contaqi'o
324 2397 463 2444 quasi
474 2396 760 2444 pestilentia
779 2395 920 2438 invasit,
943 2395 1071 2431 civitas
1088 2396 1288 2432 immutata.
1325 2395 1445 2432 Etiam
1465 2396 1592 2433 Livius

139 2465 235 2490 onus
257 2464 455 2490 usurarum
484 2454 523 2489 in
545 2452 622 2489 dies
640 2455 788 2488 auctum
816 2461 891 2486 non
924 2461 1007 2486 cum
1029 2451 1151 2496 rabie,
1185 2452 1254 2488 sed
1282 2463 1367 2489 cum
1388 2452 1469 2490 tabe
1491 2463 1591 2489 com-

138 2510 286 2558 paravit
313 2511 357 2555 II,
377 2513 438 2554 23,
457 2511 493 2548 6.
525 2513 560 2546 et
584 2508 659 2553 VII,
683 2511 742 2553 38,
764 2509 799 2545 7.
850 2506 1099 2545 Nihilominus
1129 2508 1273 2545 Cortius
1310 2511 1345 2544 et
1372 2508 1591 2545 Gerlachius

138 2568 329 2614 vulgatam
350 2567 572 2613 scripturam
586 2576 741 2613 prorsus
759 2564 955 2602 stabilitam
971 2568 1126 2601 censent
1140 2565 1201 2602 his
1216 2565 1418 2612 exemplis:
1439 2565 1589 2612 Fragm.

139 2624 167 2668 1,
189 2625 247 2668 45,
268 2626 324 2662 19.
359 2622 458 2659 Satis
475 2624 539 2659 illa
558 2621 719 2670 fuerint,
754 2631 848 2670 quae
878 2620 1025 2658 rabie
1053 2625 1243 2659 contracta
1275 2622 1526 2662 toleravimus;
1555 2624 1591 2657 et

138 2680 222 2716 Liv.
248 2679 348 2724 XXI,
378 2681 436 2724 48,
455 2681 491 2717 3.
528 2679 651 2727 Scipio
674 2681 778 2716 ratus
809 2681 992 2714 contactos
1024 2688 1065 2715 eo
1095 2674 1234 2715 scelere
1263 2678 1390 2716 velut
1418 2679 1594 2714 iniecta

139 2735 271 2772 rabie
298 2735 358 2772 ad
381 2747 513 2772 arma
535 2737 717 2772 ituros.⁸
751 2733 827 2772 Sed
847 2734 901 2770 illi
924 2735 960 2769 ln
982 2737 1166 2771 vocabulo
1187 2735 1361 2779 haerent,
1393 2735 1429 2770 in
1449 2745 1489 2771 re
1509 2745 1593 2771 cae-

140 2793 301 2839 cutiunt;
332 2803 417 2828 nam
445 2793 571 2840 priore
597 2793 681 2829 loco
713 2791 761 2831 de
789 2791 906 2828 rabiei
927 2794 1148 2828 contactu
1178 2803 1224 2827 ne
1255 2793 1410 2841 cogitari
1441 2793 1592 2843 quidem
