1774 3002
166 166 250 210 314
658 170 698 207 C.
730 171 959 211 SALLUSTI
993 172 1143 210 CRISPI

165 299 315 358 petere
360 297 546 342 audeam
596 296 871 354 societatem,
918 300 962 344 et
1002 299 1166 343 frustra
1209 299 1324 344 mala
1374 312 1471 345 mea
1510 315 1609 346 cum

165 381 251 427 tuis
282 381 408 427 bonis
439 381 608 427 misceri
641 396 826 441 sperem.
902 382 1050 443 Atque
1094 397 1169 438 ea,
1219 397 1333 443 quae
1370 385 1412 429 te
1447 384 1607 430 morari
1627 399 1650 434 3

164 479 300 526 posse
352 465 576 520 videntur,
635 465 700 510 ira
761 464 805 509 in
864 465 1100 526 Tigranem
1162 467 1349 512 recentis
1411 467 1512 514 belli
1565 471 1608 514 et

163 564 286 595 meae
324 564 394 595 res
432 561 587 608 parum
632 562 893 608 prosperae,
936 549 973 594 si
1013 565 1121 596 vera
1155 551 1420 597 existumare
1463 552 1605 608 voles,

162 648 368 679 maxume
406 631 708 677 hortabuntur.
776 633 852 678 Ille
893 633 1007 679 enim
1047 634 1288 690 obnoxius,
1339 635 1511 697 qualem
1555 638 1601 680 tu
1623 646 1647 681 4

162 718 288 764 voles
331 717 610 772 societatem,
655 716 860 776 accipiet3
900 717 1002 764 mihi
1041 718 1238 773 fortuna,
1280 718 1428 767 multis
1475 718 1605 764 rebus

159 857 222 904 qui
240 856 348 903 quasi
365 858 450 891 ante
460 858 612 903 portum
635 858 736 900 sunt,
758 855 783 891 i.
801 867 835 891 e.
862 857 997 892 vicinos
1016 860 1050 892 et
1067 866 1191 903 prope
1212 857 1388 893 instantes
1415 857 1604 904 impetum—

159 923 230 960 que
246 914 439 948 minantes.
456 933 513 938 --
531 911 587 947 Ex
614 913 686 948 nisi
707 912 888 958 particula
909 913 1076 960 pendere
1102 913 1229 960 forent
1250 915 1310 950 vel
1333 917 1473 961 essent,
1503 914 1604 961 quod

159 969 411 1016 supplendum
438 973 515 1013 est,
539 969 622 1015 ipsa
643 969 805 1006 ostendit
827 970 1086 1006 enunciatonis
1109 970 1380 1007 condicionalis
1396 971 1603 1007 formenDe

159 1026 387 1062 coniunctivi
410 1025 532 1072 ellipsi
554 1037 590 1060 v.
614 1025 776 1062 Gramm.
798 1027 861 1062 lat.
886 1032 1003 1063 nostr.
1024 1030 1058 1070 S.
1083 1031 1164 1065 113.
1185 1031 1260 1063 not.
1281 1031 1318 1066 3.
1339 1029 1470 1075 p.234.
1488 1027 1603 1064 Krue-

159 1084 241 1131 geri
268 1083 432 1119 Gramm.
455 1085 513 1118 lat.
537 1086 571 1124 §-
593 1086 673 1122 665.
703 1087 779 1118 not.
808 1087 844 1120 2.
866 1096 904 1131 p.
925 1087 1005 1122 912.
1025 1103 1082 1109 --
1102 1085 1173 1119 Pro
1195 1085 1469 1128 scelestissumi,
1501 1084 1602 1131 quod

157 1140 272 1176 codd.
302 1144 446 1184 tenent,
474 1138 619 1175 Cottius
648 1139 798 1187 scripsit
821 1142 1116 1177 sceleratissumi.
1135 1159 1194 1166 ——-
1219 1141 1316 1177 Ante
1339 1142 1486 1188 eqreyia
1511 1140 1601 1176 edd.

158 1197 387 1244 antiquiores
407 1201 441 1232 et
461 1197 648 1242 inserunt,
669 1197 771 1243 quod
801 1197 838 1233 in
866 1197 980 1234 codd.
1012 1208 1086 1232 non
1115 1201 1250 1234 exstat.
1278 1217 1335 1222 —
1365 1197 1519 1233 Misceri
1540 1197 1601 1234 hic

158 1254 258 1290 idem
278 1255 381 1291 valet
396 1258 505 1300 atque
527 1254 650 1301 iunyi,
679 1254 850 1302 copulari
857 1270 866 1294 ;
899 1255 946 1291 cs.
975 1255 1055 1301 lug.
1078 1265 1112 1289 c.
1139 1254 1342 1297 LXXXIII,
1364 1258 1396 1292 1.
1419 1253 1496 1290 Sibi
1513 1265 1602 1291 con-

155 1311 312 1358 suleret,
345 1320 417 1346 neu
443 1311 612 1357 florentis
644 1320 706 1347 res
733 1321 821 1347 suas
854 1322 936 1347 cum
957 1310 1160 1358 Iuyurthae
1189 1311 1346 1358 perditis
1368 1312 1427 1347 mi
1433 1317 1602 1348 sceret.

157 1367 330 1404 Ceterum
353 1377 512 1414 sperare
538 1371 719 1403 consueto
746 1367 859 1404 modo
887 1368 1098 1415 praesentis
1120 1367 1302 1404 infinitivo
1325 1367 1512 1415 iungitur,
1541 1368 1602 1404 ubi

156 1426 258 1461 valet
277 1426 315 1460 in
335 1425 505 1472 opinione
523 1424 647 1471 aliqua
667 1435 765 1471 esse,
781 1430 937 1473 putare,
959 1426 1021 1461 vel
1041 1424 1110 1461 sibi
1122 1425 1354 1472 persuadere
1376 1425 1516 1472 aliquid
1521 1439 1534 1467 ,·
1552 1425 1601 1461 cl'.

156 1482 341 1530 Kruegeri
361 1480 526 1517 Gramm.
554 1481 615 1517 lat.
638 1484 672 1524 S.
695 1484 776 1520 564.
799 1487 875 1518 not.
891 1487 926 1520 2.
948 1494 986 1529 p.
1009 1483 1091 1521 765.

269 1597 304 1638 s.
325 1597 361 1632 3.
378 1595 495 1642 Atque
510 1596 572 1640 ea)
595 1595 649 1631 Ita
665 1599 785 1631 exstat
799 1596 835 1630 in
850 1595 934 1631 Vat.
948 1600 978 1633 1.
991 1598 1026 1630 et
1036 1599 1070 1632 2.
1095 1594 1217 1642 Vulgo
1232 1604 1414 1641 perverse
1431 1595 1602 1631 scribitur

155 1652 258 1700 atqui
269 1661 313 1687 ea
323 1666 334 1691 ,·
352 1662 475 1698 neque
493 1652 615 1687 minus
637 1652 873 1688 incommode
884 1652 1012 1687 Douza
1030 1651 1251 1687 coniecitad
1265 1660 1371 1698 quae.
1391 1651 1478 1687 Vim
1494 1654 1602 1699 atque

154 1709 362 1757 particulae
386 1719 454 1755 pro
477 1718 524 1744 ac
550 1713 671 1744 tamen
691 1709 836 1755 positae
865 1709 1002 1755 optime
1022 1709 1222 1744 illustravit
1241 1707 1362 1743 Hand.
1386 1708 1423 1743 in
1444 1707 1600 1746 Tursell.

155 1766 242 1802 Vol.
264 1765 293 1801 I.
314 1776 353 1812 p.
374 1768 458 1804 488.
502 1766 655 1801 Duabus
676 1765 774 1800 enim
798 1765 990 1801 sententiis
1012 1765 1166 1811 positis,
1198 1775 1354 1811 quarum
1373 1765 1489 1800 altera
1511 1776 1598 1800 con-

155 1822 308 1861 trarium
336 1822 501 1858 continet
531 1822 687 1869 prioris,
719 1825 757 1858 ut
785 1822 1016 1868 significetur
1042 1821 1138 1857 duas
1164 1821 1254 1857 istas
1277 1821 1482 1856 sententias
1504 1821 1599 1857 inter

155 1891 197 1916 se
220 1881 415 1927 aequalem
434 1879 511 1915 vim
533 1879 673 1915 habere
692 1883 728 1915 et
749 1878 967 1924 cohaerere,
985 1882 1094 1926 atque
1115 1882 1315 1925 usurpatur
1333 1887 1356 1912 a
1374 1877 1528 1923 Latinis,
1550 1878 1599 1914 ad

156 1935 399 1973 indicandum
421 1937 566 1973 etiamsi
589 1937 705 1972 altera
725 1946 787 1971 res
808 1946 900 1972 vera
921 1936 967 1972 sit
989 1939 1024 1970 et
1044 1939 1201 1979 constet,
1225 1944 1343 1981 aeque
1365 1938 1490 1970 tamen
1511 1935 1599 1971 alte-

156 2005 235 2030 ram
264 2004 395 2030 veram
424 2004 511 2030 esse
544 1997 580 2029 et
608 1997 796 2029 constare.
836 1993 1008 2029 Germani
1038 2003 1121 2027 earn
1151 1991 1416 2028 sententiarum
1439 1991 1535 2028 inter
1555 2004 1597 2028 se

154 2051 338 2087 rationem
359 2050 542 2097 particula
561 2049 776 2098 yleiehmohl
800 2050 1024 2096 exprimunt.
1065 2049 1201 2085 Nostro
1230 2049 1343 2095 igitur
1366 2048 1450 2083 loco
1471 2059 1598 2096 quam-

155 2119 266 2155 quam
286 2108 405 2143 malas
428 2118 515 2143 esse
536 2118 599 2143 res
619 2118 709 2143 suas
732 2106 904 2142 concedit
919 2105 1167 2150 Mithridates,
1188 2109 1311 2141 tamen
1333 2115 1452 2151 aeque
1466 2115 1596 2141 verum

154 2164 270 2212 ponit,
292 2164 475 2200 Arsacem
505 2175 549 2200 eo
573 2163 621 2200 ad
643 2174 752 2210 opem
774 2163 967 2200 ferendam
989 2173 1063 2198 non
1086 2161 1267 2198 deterreri
1287 2162 1425 2197 debere
1445 2162 1493 2198 cs.
1516 2162 1596 2209 lug.

155 2227 189 2257 c.
210 2221 273 2264 IV,
295 2223 329 2258 3.
376 2220 541 2257 Ceterum
557 2230 613 2257 ex
641 2221 723 2256 aliis
741 2222 908 2268 neyotiis‚
936 2229 1030 2267 quae
1049 2220 1192 2266 inqenio
1212 2221 1448 2263 exercentur,
1467 2220 1586 2266 impri-

155 2279 223 2314 mis
257 2288 388 2325 mayno
426 2279 512 2313 usui
544 2281 598 2314 est
629 2278 804 2313 memoria
839 2287 966 2313 rerum
997 2279 1194 2324 gestarum.
1241 2296 1299 2302 —
1348 2275 1498 2322 Atque
1532 2285 1596 2323 eqo

154 2334 266 2371 credo
284 2333 382 2382 fore,
404 2334 467 2381 qui
483 2354 538 2358 —
560 2338 658 2370 tanto
687 2337 831 2380 tamque
853 2334 931 2370 utili
955 2333 1079 2370 labore
1099 2343 1178 2369 meo
1199 2342 1330 2369 nomen
1349 2332 1503 2368 mer-tiae
1527 2333 1593 2368 im-

148 2394 307 2440 ponant.
356 2390 460 2427 Catil.
490 2401 524 2425 c.
551 2391 607 2434 LI,
630 2394 690 2428 35.
735 2385 804 2426 'Ita
833 2391 902 2435 illi,
931 2389 1058 2436 quibus
1084 2390 1308 2437 Damasippi
1323 2397 1424 2425 nun-s
1439 2389 1595 2425 laetitiae

151 2449 292 2496 fuerat,
315 2448 444 2496 paullo
470 2450 559 2495 post
574 2448 647 2494 ipsi
664 2446 916 2483 trahebantur.
938 2465 995 2472 —
1021 2447 1164 2494 Atque
1192 2457 1256 2494 eqo
1276 2446 1370 2482 haec
1387 2455 1462 2482 non
1478 2447 1519 2482 in
1539 2445 1593 2482 M.

158 2505 275 2541 Tullio
294 2514 411 2552 neque
429 2504 486 2540 his
506 2503 726 2562 temporibus
747 2513 886 2539 vereor.
909 2523 955 2528 -—
980 2503 1151 2539 Recentis
1173 2503 1255 2539 belli
1271 2502 1447 2550 Tigranis
1465 2505 1594 2538 contra

156 2562 312 2598 Parthos
342 2561 509 2597 meminit
534 2555 643 2597 etiarn
676 2559 861 2595 Plutarch.
896 2560 931 2595 in
966 2561 1108 2596 Lucull.
1145 2572 1179 2595 c.
1200 2564 1279 2605 21,
1313 2557 1413 2595 med.
1462 2551 1594 2606 Ἑθνη

155 2610 281 2654 πολλὰ
303 2613 609 2668 κατεστρέψατο,
638 2612 707 2652 καὶ
726 2608 799 2664 τὴν
817 2608 1022 2678 Πάρθων,
1044 2608 1095 2661 ὧς
1119 2609 1235 2661 ἄλλος
1254 2588 1401 2661 οὐδεὶς,
1423 2608 1595 2662 δύναμιν

156 2670 421 2711 ἐταπείνωσεν.
460 2675 530 2710 Dio
549 2673 665 2719 XXX,
689 2677 722 2711 1
771 2663 881 2735 Πρὸς
908 2663 1105 2736 Ἀρσάκην
1129 2666 1198 2709 τὸν
1194 2663 1420 2737 Πάρθον,
1453 2667 1593 2735 καίπερ

155 2721 300 2783 ἐχθρὸν
320 2722 451 2768 αὐτῶν
473 2722 539 2767 διὰ
568 2741 700 2780 χωραν
717 2721 807 2767 τινὰ
830 2718 1215 2792 ἆμφισβητήσιμον”
1192 2740 1299 2791 οντα,
1321 2721 1594 2777 ἕπρεςβεῦοντο

156 2790 228 2835 (sc
265 2787 429 2824 Mithrid.
467 2792 503 2824 et
536 2788 575 2823 Τ
567 2787 751 2838 granes).
804 2785 860 2822 Id.
895 2785 983 2822 ibid.
1021 2797 1054 2821 c.
1089 2789 1125 2824 3.
1165 2776 1211 2822 ‘O
1235 2775 1432 2835 Ἀρσάκης
1457 2779 1513 2820 ἔτι
1541 2782 1596 2836 τῷ
