1774 3002
147 167 230 211 176
625 173 665 211 C.
697 174 927 212 SALLUSTI
957 175 1108 212 CRISPI

279 300 348 343 58.
404 296 464 342 Ibi
493 297 740 344 Fimbriana
766 299 1002 356 seditione,
1035 301 1109 363 qui
1134 302 1231 362 regi
1259 315 1339 362 per
1366 304 1591 365 obseque—

142 379 230 425 lam
269 381 481 427 orationis
517 385 560 427 et
594 398 799 430 maxume
839 385 987 430 odium
1021 385 1174 430 Sullae
1213 400 1378 446 graves
1412 387 1591 448 carique

144 466 281 509 erant.

252 625 314 660 Fr.
336 628 395 663 58.
438 623 560 674 [Cort.
581 638 619 673 p.
643 630 724 667 960.
769 628 866 663 Gerl.
892 628 952 664 ed.
976 629 1063 664 rnai.
1084 629 1134 674 ll,
1157 632 1215 668 37.
1257 629 1319 665 ed.
1341 629 1432 667 min.
1454 629 1505 674 11,
1530 631 1591 667 96.

140 693 178 729 p.
192 683 288 726 -206,
313 684 348 720 9.
390 681 502 718 Debr.
526 683 584 728 111,
608 685 690 728 10.]
730 684 876 729 Verba,
899 696 995 732 quae
1018 690 1166 722 exstant
1187 686 1289 733 apud
1310 686 1404 722 Non.
1426 685 1484 731 ΠΙ,
1509 690 1590 724 151.

139 736 211 785 (Ρ.
226 742 308 777 215.
323 735 495 784 Mem),
527 751 636 786 quam
659 743 974 779 constructionem
996 742 1158 779 habeant
1186 743 1469 789 grammaticam
1492 752 1591 785 nexu

141 795 321 841 orationis
344 796 489 832 sublato
506 808 581 832 non
600 801 725 844 potest
743 803 844 835 certo
869 798 1031 836 definiri.
1071 800 1193 836 Minor
1213 799 1261 836 de
1281 799 1364 846 ipso
1381 809 1510 836 eorum
1533 809 1591 835 ar-

141 856 317 900 gumento
353 852 532 889 dubitatio
556 859 634 900 est;
667 866 755 892 narn
776 855 822 891 de
839 856 895 891 .L.
925 854 1050 904 Mayio
1071 861 1107 892 et
1131 857 1175 893 L.
1196 857 1350 893 Fannio
1379 866 1589 892 sermonem

140 920 226 945 esse
240 938 249 954 ,
279 910 342 956 qui
371 921 418 946 ex
438 910 624 947 Fimbriae
648 914 817 949 exercitu
837 913 873 948 in
898 913 972 949 illis
994 914 1087 950 locis
1109 916 1367 950 remanserant
1390 917 1427 948 et
1445 912 1590 948 Mithri-

141 966 216 1002 dati
239 971 413 1002 auctores
432 968 595 1004 bellandi
614 973 732 1013 erant,
746 970 859 1006 claris
880 971 1102 1017 scriptorum
1118 970 1338 1007 testimoniis
1356 970 1586 1016 intelligitur.

140 1024 190 1059 cs.
217 1023 324 1060 Oros.
349 1023 411 1068 VI,
435 1028 469 1069 2,
491 1025 589 1060 med.
631 1026 799 1062 Fannius
819 1031 854 1062 el
873 1026 1021 1074 Μαρίας
1040 1028 1085 1063 de
1103 1029 1268 1064 eoeercilu
1292 1026 1480 1063 Fimbriae
1492 1037 1586 1073 pro-

136 1080 222 1127 [αφ’
237 1079 444 1116 Mithridati
459 1091 501 1117 se
520 1082 793 1119 adiunxerant
789 1098 795 1104 ·
815 1095 969 1130 quorum
989 1083 1136 1120 hortatu
1151 1083 1382 1119 Mithridates
1401 1094 1483 1119 cum
1496 1082 1587 1118 Ser-

139 1138 231 1174 torio
257 1147 328 1184 per
359 1138 496 1184 leqatos
525 1140 561 1174 in
588 1139 810 1186 Hispaniam
838 1142 966 1177 missos
990 1141 1124 1203 foedus
1144 1142 1297 1188 pepiyit.
1347 1140 1512 1187 Appian.
1543 1139 1586 1174 B.

139 1193 264 1230 Mithr.
287 1206 320 1229 e.
348 1196 409 1232 68.
437 1206 475 1242 Ρ
504 1197 587 1234 741.
611 1195 829 1243 Schweigh.
877 1190 962 1233 Δύο
989 1188 1029 1233 δ
1062 1188 1183 1234 αὐτοῦ
1211 1193 1484 1258 (Σερτωρίου)
1509 1194 1588 1232 τῶν

140 1249 365 1287 στασιωτῶν
385 1243 557 1289 Λούκιοι
576 1245 744 1302 Μάγιός
764 1264 804 1289 τε
824 1249 891 1289 καὶ
916 1246 1110 1302 Φάννιος,
1136 1245 1405 1304 Μιθριδάτην
1425 1248 1588 1289 ἔπειθον

139 1306 391 1356 συμμαχῆσαι
409 1307 464 1360 τῷ
483 1307 705 1362 Σερτωρίω.
748 1308 826 1346 Cic.
847 1311 884 1345 in
908 1311 1014 1346 Verr.
1038 1311 1065 1358 Ι,
1087 1314 1152 1355 34,
1170 1312 1229 1349 87.
1277 1309 1414 1347 Verres
1433 1320 1586 1357 myopa-

139 1374 266 1401 ronem
286 1364 583 1412 pulcherrimum
605 1366 650 1402 de
669 1367 792 1402 decem
813 1366 1039 1404 Milesiorum
1050 1367 1202 1404 nam‘bus
1223 1367 1372 1404 electum
1391 1366 1437 1402 L.
1461 1365 1587 1413 Magio

138 1425 173 1458 et
190 1421 235 1458 L.
256 1422 421 1468 Fannio,
442 1424 507 1469 qui
524 1422 658 1470 Myndi
673 1423 901 1469 habitabant,
925 1425 1093 1461 vendidit.
1131 1424 1187 1460 Ηι·
1200 1427 1286 1460 sunl
1303 1423 1478 1469 homines,
1497 1432 1587 1470 quos

138 1488 259 1526 nuper
275 1483 425 1515 senatus
442 1480 480 1515 in
498 1479 660 1516 hostium.
673 1483 826 1517 numero
840 1481 1025 1517 habendos
1045 1483 1203 1522 censuit5
1219 1480 1290 1517 hoc
1306 1481 1360 1517 illi
1378 1475 1519 1527 ηαυίῂίο
1538 1479 1590 1515 ad

138 1546 263 1572 omnes
283 1537 419 1583 populi
439 1536 601 1573 Romani
626 1537 747 1574 hostes
771 1547 887 1586 usque
907 1550 931 1573 a
957 1538 1110 1584 Dianio,
1133 1538 1232 1586 quod
1250 1539 1288 1573 in
1312 1537 1499 1584 Hispania
1523 1539 1586 1581 est,

138 1593 190 1629 ad
210 1591 405 1639 Sinopam,
434 1603 528 1640 quae
555 1595 593 1629 in
612 1594 730 1631 Ponto
757 1599 827 1640 est,
851 1596 1126 1642 namyaverunt.
1175 1595 1228 1630 De
1252 1594 1464 1631 FImbriana
1488 1592 1588 1630 sedi-

138 1649 239 1685 tione
262 1654 435 1686 accurate
455 1650 532 1697 egit
550 1651 716 1697 Appian.
738 1651 781 1699 B.
802 1651 967 1687 Mithrid.
989 1663 1023 1688 c.
1045 1656 1091 1691 52
1111 1655 1147 1688 et
1169 1654 1238 1696 53;
1265 1652 1313 1687 οἳ.
1335 1650 1467 1688 Strabo
1487 1649 1586 1686 XIII.

137 1718 176 1754 p.
199 1707 283 1745 887.
306 1705 345 1742 C.
366 1706 502 1742 Atmel.
544 1707 732 1744 Plutarch.
753 1707 791 1743 in
810 1708 953 1744 Lucull.
979 1720 1013 1745 c.
1037 1710 1072 1747 7.
1096 1709 1212 1754 (Vol.
1237 1708 1281 1744 11.
1304 1719 1342 1754 p.
1366 1709 1450 1747 446.
1472 1705 1586 1750 Sint.)

139 1767 176 1799 et
194 1762 409 1800 Schlosser.
430 1763 524 1800 Hist.
547 1765 662 1810 antiq.
678 1764 765 1800 Vol.
787 1764 832 1800 Π.
852 1765 892 1801 Ρ.
923 1770 958 1804 2.
984 1776 1021 1811 p.
1043 1766 1150 1809 377.;
1173 1764 1260 1800 inde
1282 1764 1498 1810 intelligitur
1519 1773 1585 1798 cur

137 1830 314 1857 maxume
333 1831 402 1867 per
420 1820 541 1857 odium
561 1820 687 1858 Sullae
702 1820 904 1857 Mithridati
924 1822 1002 1859 cari
1032 1821 1150 1858 fuisse
1172 1820 1363 1866 dicantur;
1384 1819 1584 1856 Fimbriani

138 1877 257 1920 enim,
274 1878 309 1912 'a
330 1875 449 1913 Cinna
477 1879 546 1914 sub
575 1878 727 1913 Valerio
751 1878 885 1914 Flacco
915 1879 1090 1923 consule,
1124 1877 1424 1925 quem.Fimbria
1450 1880 1585 1923 postea

138 1934 344 1979 interfecit,
374 1935 413 1969 in
441 1933 573 1971 Asiam
603 1935 708 1971 missi
730 1935 782 1971 ad
807 1934 948 1972 Sullam
965 1935 1297 1982 praevertendum,
1331 1929 1583 1970 Marianarum

139 1994 245 2027 erant
267 1991 442 2037 partium.
462 2011 516 2017 --
558 1991 756 2039 obsequela
778 1993 953 2029 oratiom‘s
981 1995 1039 2028 est
1066 1991 1231 2028 adulatio
1259 1994 1295 2027 et
1325 1990 1467 2028 favoris
1495 2000 1584 2036 cap-

137 2047 249 2092 tatio3
283 2046 330 2083 de
361 2059 406 2083 ea
435 2059 475 2083 rc
505 2049 553 2084 cs.
586 2048 772 2085 Plutarch.
801 2049 840 2084 in
875 2048 1016 2086 Sertor.
1055 2060 1090 2085 c.
1118 2051 1179 2087 23.
1210 2048 1321 2094 (Vol.
1351 2047 1398 2084 11.
1407 2057 1470 2109 Ρ.
1499 2048 1583 2086 612-

139 2103 254 2149 Sint.)
279 2095 461 2154 Ὥρμητο
479 2095 520 2150 (ὃ
541 2099 820 2166 Μιθριδάτης)
841 2097 1196 2156 διαπρεσβεύεσθαι
1209 2096 1308 2167 πρὸς
1326 2092 1449 2140 αὖτὸν
1467 2103 1583 2154 (Σερ-

137 2152 306 2210 τωριον)
345 2156 620 2227 ἐπηρμένος
646 2154 866 2210 μάλιστα
897 2174 1004 2206 ταις
1021 2173 1118 2199 των
1150 2153 1379 2200 κολάκων
1407 2149 1582 2205 ἆλαζο-

138 2214 316 2280 νείαις,
347 2214 395 2253 οἳ
422 2212 504 2255 τὸν
530 2213 617 2266 μὲν
643 2211 925 2280 Σερτώριον
949 2209 1176 2284 Ἀννίβα,
1200 2209 1287 2254 τὸν
1314 2211 1365 2257 δὲ
1384 2217 1582 2278 Μιθρι-

140 2265 306 2336 δάτην
316 2267 501 2340 Πυρῤῳ
527 2267 920 2324 παρεικάζοντες
942 2266 1017 2311 οὐκ
1034 2287 1086 2311 αν
1102 2271 1257 2323 ἔφασαν
1264 2263 1584 2336 Ῥωμαίσυςπρὸς

138 2322 375 2393 τηλικαύτας
401 2325 502 2380 ὁμοῦ
530 2326 668 2378 φύσεις
695 2342 735 2367 τε
761 2327 829 2367 καὶ
858 2324 1044 2380 δυνάμεις
1067 2325 1404 2380 ἐπιχειρουμένους
1423 2321 1584 2378 διχόθεν

140 2377 358 2436 ἀντισχεῖν,
395 2387 482 2426 τοῦ
513 2379 812 2424 δεινοτάτου
842 2387 1125 2438 στρατηγοῦ
1151 2387 1215 2439 τῷ
1246 2383 1461 2439 μεγίστω
1489 2383 1584 2422 τῶν

138 2439 389 2493 βασιλέων
419 2438 839 2495 προςγενομένον.
893 2445 1033 2481 Graves
1059 2446 1218 2492 pertinet
1247 2444 1296 2480 ad
1321 2443 1582 2486 auctoritatem

140 2511 214 2548 qua
237 2505 342 2537 erant
361 2501 463 2549 apud
480 2512 632 2549 regem,
663 2501 746 2536 cari
761 2500 811 2536 ad
839 2502 920 2538 eius
939 2502 1239 2547 benevolenciam,
1263 2511 1338 2548 qua
1355 2500 1582 2536 fruebantur.

138 2557 342 2604 Utrumque
359 2562 514 2596 testatur
528 2557 725 2605 Appianus
741 2556 785 2594 B.
801 2558 925 2595 Mithr.
949 2570 981 2594 e.
1002 2560 1060 2603 70,
1083 2563 1178 2595 extr.
1200 2568 1327 2605 regem
1350 2554 1582 2618 moratione,

141 2624 215 2677 qua
238 2615 465 2652 accenderet
481 2615 639 2651 militum
653 2613 813 2660 animos,
833 2615 892 2652 his
912 2615 1038 2651 verbis
1060 2627 1168 2652 usum
1189 2615 1344 2651 dicens:
1363 2601 1485 2660 Ovz‘
1469 2609 1584 2675 ορᾶτε

141 2659 180 2706 δ’
201 2660 354 2719 αὐτῶν,
378 2668 468 2721 ἔφη,
489 2684 557 2709 και
575 2682 667 2717 τους
686 2642 869 2735 ἀρίστους
891 2663 1141 2717 (ἕπιδεικνυς
1153 2662 1331 2718 Οὖάριόν
1351 2680 1391 2708 τε
1405 2664 1473 2706 καὶ
1492 2678 1584 2713 τους

141 2724 367 2773 Αουκίους)
399 2725 606 2777 πολεμίους
625 2723 698 2777 μὲν
720 2738 836 2772 οντας
860 2728 908 2780 τῇ
938 2725 1118 2791 πατρίδι,
1141 2722 1366 2776 συμμάχους
1392 2715 1443 2762 δ’
1465 2715 1582 2774 ημῖν;

251 2784 313 2820 Fr.
332 2787 392 2824 59.
434 2783 556 2834 [Corn
573 2788 716 2833 p.961.
764 2784 1206 2830 Ger1.ed.mai.11‚42.
1245 2783 1306 2822 ed.
1336 2783 1425 2819 min.
1446 2782 1500 2826 11,
1521 2786 1580 2821 51
