1774 3002
146 154 204 196 66
510 161 513 163 ’
648 154 687 198 G.
719 156 949 196 SALLUSTI
979 157 1130 197 CRISPI

147 272 191 315 et
209 268 469 316 stultissumi
494 269 752 326 decrevere,
784 286 837 316 ea
868 271 994 317 bonis
1022 274 1065 317 et
1093 271 1364 331 sapientibus
1390 269 1594 316 faciunda

147 356 263 399 sunt.
318 355 426 400 Nam
456 353 615 398 bellum
647 357 778 415 atque
809 370 948 412 arma,
982 369 1244 417 quamquam
1275 353 1403 400 vobis
1433 354 1591 411 invisa,
1610 361 1633 395 2

146 439 315 493 tamen,
356 437 459 498 quia
497 437 664 497 Lepido
704 438 900 498 placent,
944 439 1158 485 sumenda
1198 440 1320 494 sunt,
1359 437 1443 483 nisi
1482 439 1595 484 forte

147 519 217 564 cui
246 535 399 579 pacem
428 522 655 579 praestare
692 524 736 566 et
773 521 934 567 bellum
972 521 1061 582 pati
1096 521 1324 567 consilium
1356 524 1436 567 est.
1506 521 1634 568 Pro3

150 667 323 703 versum,
347 656 394 693 de
415 668 488 704 quo
508 657 648 694 Gellius
670 657 750 695 NN.
772 658 854 694 AA.
877 658 927 703 ΙΙ,
947 662 983 696 5.
1031 658 1170 704 „Tunc
1192 659 1320 706 igitur.
1343 660 1472 706 inquit,
1494 659 1596 706 quod

148 714 185 749 in
210 714 390 750 Etruscos
406 713 630 761 haruspices
650 715 746 751 male
768 715 1009 752 consulentes
1026 715 1331 753 animadversum
1349 717 1599 754 vindicatum-

149 782 220 817 que
247 771 387 815 fuerat,
416 782 552 807 versus
581 770 643 806 hic
672 771 764 807 scite
795 772 913 811 factus
935 775 1180 819 cantatusque
1202 783 1289 809 esse
1317 785 1340 810 a
1358 774 1487 820 pueris
1506 775 1596 810 urbe

147 831 223 862 tota
245 828 383 863 fertur:
406 826 550 864 Malum
563 828 752 864 consilium
766 827 967 864 consultori
977 827 1181 875 pe'ssimum
1200 834 1265 868 est.
1300 830 1461 866 Videtur
1475 834 1598 866 autem

147 883 208 919 hic
224 895 360 920 versus
379 883 425 919 de
443 883 586 920 Graeco
602 886 665 920 illo
685 884 843 921 Hesiodi
861 896 973 922 versu
991 885 1104 932 (Opp.
1125 890 1162 922 et
1176 885 1217 921 D.
1233 898 1272 923 v.
1288 889 1369 926 266.
1388 886 1449 924 ed.
1471 886 1598 932 Gottl.)

148 951 354 987 expressus
377 932 433 975 ‘H
456 935 498 977 δὲ
522 935 627 989 κακὴ
652 932 778 990 βουλὴ
804 940 859 990 τῷ
879 934 1137 990 βουλεύσαντι
1164 939 1377 991 ’nudans‘
1427 943 1598 979 Eundem

150 1002 187 1032 et
207 998 328 1033 Varro
350 998 463 1033 refert
487 997 535 1033 de
557 997 599 1033 R.
622 997 665 1033 R.
684 998 751 1043 III,
771 1002 812 1042 2,
843 1001 891 1044 1.‚
915 1003 951 1034 et
971 999 1133 1035 imitatus
1160 999 1307 1035 videtur
1327 999 1597 1036 TacitusAnn.

146 1052 219 1098 VI,
239 1058 314 1098 10,
334 1058 367 1091 2.
402 1053 481 1098 Quo
502 1055 631 1090 laetius
649 1059 840 1102 acceptum
866 1064 954 1091 sua
975 1056 1192 1102 exemplu
1218 1058 1266 1092 in
1291 1055 1599 1092 consultores

148 1110 401 1146 recidisse.
423 1122 460 1147 v.
481 1110 531 1146 ad
551 1111 609 1146 Fr.
627 1111 702 1147 Ine.
726 1113 785 1150 57.
809 1129 862 1137 —-
881 1111 939 1146 Et
957 1111 1003 1147 ab
1022 1113 1066 1147 iis
1085 1113 1186 1149 valet
1209 1113 1451 1159 etquidem
1469 1113 1516 1148 ab
1532 1114 1599 1152 iis,-

147 1179 184 1204 v.
210 1166 259 1203 ad
279 1167 360 1214 lug.
381 1179 415 1203 c.
436 1167 624 1212 LXXXV,
653 1171 689 1206 3.
718 1187 776 1194 —
821 1167 1017 1205 Indicativi
1047 1168 1196 1204 decebat
1221 1169 1404 1205 rationem
1437 1169 1599 1205 illustra-

147 1224 273 1259 vimus
302 1223 351 1260 ad
383 1224 461 1271 lug.
491 1236 521 1260 e.
543 1223 666 1268 XCV,
693 1227 731 1263 3.
757 1236 794 1272 p.
817 1228 898 1263 509.
931 1228 967 1260 et
995 1224 1043 1261 ad
1065 1224 1148 1271 CX,
1178 1229 1209 1263 l.
1240 1236 1276 1273 p.
1294 1227 1378 1264 588.
1398 1243 1455 1251 —
1493 1224 1597 1270 Quae

141 1282 310 1327 pessumi
329 1280 525 1317 decrevere
545 1280 636 1326 quid
657 1282 722 1326 sit,
746 1281 963 1329 intelligitur
983 1292 1031 1317 ex
1050 1285 1084 1324 5.
1104 1284 1139 1319 4.
1159 1285 1191 1319 5.
1211 1283 1247 1319 7.

262 1339 298 1380 5.
320 1341 354 1374 2.
382 1347 518 1383 pacem
540 1339 766 1384 praestare)
812 1338 913 1374 Haec
935 1339 1055 1374 verba
1079 1338 1202 1374 Faber
1223 1338 1362 1374 iudicat
1382 1338 1597 1385 significare

142 1394 254 1441 pacis
271 1397 454 1430 amantem
472 1403 513 1430 se
525 1394 734 1441 praebere,
761 1394 853 1431 nihil
869 1394 995 1431 hostile
1016 1404 1147 1442 ayere,
1175 1396 1235 1431 cui
1266 1395 1506 1442 explicationi
1534 1396 1599 1431 ob-

151 1455 222 1487 stat
241 1450 425 1497 loquendi·
442 1462 547 1487 usus.
595 1449 740 1487 Sensus
759 1451 884 1498 potius
901 1455 958 1487 est
976 1450 1139 1498 efficere,
1159 1455 1200 1487 ul
1209 1462 1298 1499 pax
1315 1446 1497 1488 Babealur
1507 1467 1520 1494 ,·
1549 1452 1598 1487 cf.

101 1548 105 1551 Α
149 1507 277 1543 lustin.
298 1507 475 1551 XXXIX,
495 1511 530 1551 2,
550 1510 585 1546 9.
626 1507 776 1555 Grypus
797 1512 875 1545 octo
894 1508 1003 1544 annis
1021 1509 1222 1555 quietem
1241 1509 1399 1555 etipse
1416 1507 1598 1553 habuit,

149 1568 184 1599 et
200 1565 598 1612 reynopraestilit,
618 1565 643 1600 i.
665 1575 701 1599 e.
722 1564 849 1600 effecit
868 1568 906 1600 ut
925 1575 1044 1612 regno
1065 1569 1180 1600 esset.
1219 1563 1273 1601 Id.
1292 1565 1372 1609 VII,
1394 1566 1428 1609 4,
1451 1566 1484 1602 1.
1526 1563 1598 1601 Cu-

150 1621 208 1656 ius
229 1621 306 1667 filio
334 1625 370 1656 ec
393 1621 601 1656 successori
616 1621 833 1657 Alexandro
859 1622 1024 1668 coquatio
1042 1620 1207 1657 Bubaris
1226 1631 1301 1659 non
1320 1621 1433 1657 Darii
1459 1623 1598 1657 tantum

75 1722 86 1731 Α
149 1676 552 1724 temporibuspacem
571 1679 836 1724 praestitit.
887 1677 1021 1723 XLIII,
1049 1680 1090 1721 5,
1117 1680 1150 1715 3.
1190 1677 1294 1721 Quae
1315 1686 1378 1713 res
1403 1677 1474 1712 illis
1492 1678 1597 1712 etvi—

148 1734 246 1770 rium
261 1733 437 1779 fiduciam
457 1734 582 1778 auxit,
615 1730 829 1781 etpucem
850 1734 897 1770 ab
923 1733 1083 1769 hostibus
1096 1735 1368 1780 praestitit.
1421 1734 1502 1770 Liv.
1519 1732 1597 1777 XL,

152 1792 218 1835 34,
241 1791 295 1828 14.
337 1789 505 1826 Pacem
522 1790 567 1825 iis
583 1791 746 1837 populus
762 1789 955 1827 Romanus
975 1800 1050 1825 non
1068 1789 1115 1825 ab
1132 1799 1173 1826 se
1192 1793 1341 1836 tantum,
1360 1789 1429 1826 sed
1445 1789 1492 1826 ab
1511 1799 1598 1837 reye

149 1848 257 1883 enam
274 1845 476 1883 Masinissa
498 1848 772 1893 praestitit,
801 1848 862 1883 ubi
891 1845 1048 1884 videndi
1071 1846 1283 1884 Gronovius
1307 1850 1343 1882 et
1363 1846 1598 1882 Drakenbor-

151 1903 280 1948 chius,
309 1904 444 1950 quibus
475 1902 570 1939 haec
600 1904 774 1950 exempla
802 1903 995 1940 debentur.
1043 1901 1214 1939 Ceterum
1243 1903 1509 1939 sententiarum
1529 1913 1597 1949 per

151 1964 185 1996 el
203 1961 412 1996 iunctarum
432 1959 527 1996 haec
549 1960 644 1996 ratio
665 1964 743 1998 est:
768 1960 841 1997 nisi
860 1961 953 1996 sorte
973 1960 1057 2006 quis
1075 1963 1116 1996 ul
1125 1969 1262 2007 paoem
1273 1962 1444 2007 praestet
1459 1959 1595 1995 bellum

150 2017 228 2063 pati
251 2017 430 2054 decrevit.
472 2017 567 2053 Nam
591 2016 719 2053 bellum
735 2019 824 2064 pati
848 2018 937 2063 quia
963 2017 1181 2053 necessario
1209 2016 1376 2063 sequitur
1401 2025 1450 2050 ex
1470 2015 1596 2062 inepto

150 2074 256 2119 pac1s
279 2073 423 2118 studio,
447 2084 532 2109 cum
551 2073 624 2109 hoc
645 2074 728 2121 ipso
750 2075 987 2110 coniunctum
1007 2076 1118 2119 atque
1138 2071 1239 2108 idem
1260 2082 1348 2108 esse
1368 2071 1513 2108 dicitur.

265 2135 297 2174 5.
313 2134 347 2168 3.
367 2131 499 2166 omissa
511 2131 622 2174 cura)
643 2131 846 2178 Perperam
858 2130 953 2166 haec
966 2127 1112 2180 Corfflls
1129 2128 1179 2165 ad
1190 2129 1284 2165 deos
1295 2129 1408 2164 refert
1419 2128 1598 2175 interpre-

150 2189 233 2222 tans
252 2187 316 2233 qui
333 2186 457 2225 adhuc
474 2186 691 2233 neyliyences
709 2189 794 2223 estis
812 2188 850 2222 in
865 2185 1027 2233 regenda
1045 2185 1118 2222 hac
1135 2185 1226 2222 urbe
1234 2200 1247 2226 ;
1276 2195 1367 2222 vere
1388 2185 1490 2221 enim
1510 2184 1598 2221 Ger-

152 2242 297 2278 lachius
319 2243 400 2278 Vol.
416 2242 475 2277 111.
497 2253 536 2288 p.
553 2245 613 2280 65.
650 2243 838 2287 ‚‚Nullum,
858 2242 988 2288 inquit,
1010 2242 1178 2288 regimen
1193 2241 1349 2278 deorum
1369 2252 1457 2278 esse
1474 2244 1598 2287 potest

149 2309 245 2336 cura
260 2300 393 2335 omissa
403 2314 416 2339 ,·
436 2298 574 2334 nam'in
589 2299 673 2345 ipsa
688 2309 777 2334 cura
792 2298 1012 2345 gubernatio
1029 2297 1186 2334 deorum
1201 2302 1258 2334 est
1271 2298 1436 2345 posita.“
1456 2298 1596 2342 Verba,

151 2356 190 2391 in
205 2355 484 2392 vehementiore
500 2359 535 2389 et
548 2354 755 2390 incitati0re
772 2354 932 2401 Philippi
947 2354 1113 2390 oratione
1127 2355 1253 2402 paullo
1269 2354 1465 2391 obscurius
1481 2364 1595 2395 enun-

153 2412 263 2456 ciata,
283 2411 470 2459 quomodo
491 2410 734 2458 intelligenda
750 2411 835 2455 sint,
860 2421 907 2446 ex
920 2411 1099 2447 universo
1121 2412 1202 2447 eius
1222 2411 1378 2447 consilio
1399 2410 1509 2446 facile
1530 2419 1597 2456 pa—

152 2472 204 2504 tet
213 2478 225 2514 3
255 2479 342 2505 nam
363 2479 475 2515 quum
496 2467 568 2504 hoc
595 2468 757 2505 maxime
788 2471 982 2514 queratur,
1003 2468 1157 2514 ignavia
1184 2471 1221 2503 et
1247 2466 1423 2504 socordia
1441 2469 1594 2502 senatus

152 2525 418 2572 rempublicam
444 2524 569 2560 deseri
590 2525 667 2570 (cl.
693 2525 810 2560 verba
827 2523 1003 2560 continuo
1026 2525 1220 2571 sequentia
1240 2533 1359 2570 usque
1380 2522 1430 2559 ad
1447 2524 1479 2564 5.
1503 2524 1537 2561 6.
1558 2525 1595 2557 et

152 2583 189 2624 s.
209 2585 265 2620 12.
284 2585 339 2621 19.
358 2582 447 2628 20),
476 2581 610 2618 omissa
632 2581 728 2617 curti
747 2580 934 2628 significat
952 2581 1029 2617 cui
1034 2590 1089 2617 us
1107 2591 1202 2618 cura
1220 2580 1353 2618 omtssa
1371 2582 1436 2624 est,
1462 2588 1517 2614 sc.
1541 2577 1594 2614 ab

151 2638 231 2683 iis,
253 2648 367 2685 quos
394 2638 523 2674 illam
544 2638 668 2674 tueri
685 2637 898 2678 decebal;
918 2648 1032 2683 quare
1053 2640 1238 2673 commata
1256 2646 1280 2672 a
1302 2634 1425 2672 Cottio
1447 2635 1595 2671 sublata

153 2704 238 2730 cum
257 2694 394 2731 Orellio
414 2695 656 2730 restituimus.
675 2713 732 2719 —
770 2693 900 2740 Teyitis
918 2701 1005 2728 cum
1019 2693 1157 2730 Orellio
1177 2696 1214 2728 et
1231 2692 1350 2728 Fabro
1370 2691 1592 2737 scripsimus

150 2760 199 2791 ex
225 2751 348 2788 Vatic.
372 2754 404 2802 β.
432 2762 500 2799 pro
520 2753 661 2799 reqitis,
695 2749 795 2796 quod
825 2750 937 2787 ceteri
966 2749 1079 2785 codd.
1107 2758 1311 2795 omnesque
1336 2745 1426 2783 edd.
1455 2750 1593 2784 tenent.
