1774 3002
496 121 829 163 fflS'romARuM
854 120 1155 160 FRAGMENTA
1181 120 1231 158 IN
1233 120 1405 158 CERTA.
1569 112 1653 158 375

351 253 422 296 21.
475 250 596 296 More
619 247 835 310 equestris
860 245 999 307 proeli
1022 244 1209 306 sumptis
1232 243 1373 304 tergis
1394 247 1527 306 atque
1547 245 1655 291 red-

218 333 332 379 ditis.

354 416 423 460 22.
478 410 691 474 Regressi
722 410 777 456 ad
808 410 1028 457 faciliores
1061 410 1175 455 ictus
1205 409 1306 456 loco
1336 410 1559 457 cedebant.

353 501 420 544 23.
476 495 770 556 impediebant
794 493 917 540 iussa
945 495 1188 539 nautarum.

218 632 489 677 illustrandum,
510 631 692 679 quod-illo
714 631 798 667 loco
817 630 1022 677 praecipit:
1053 629 1264 675 „Circuitus
1286 630 1462 677 loquendi
1485 642 1654 670 nonnun-

217 689 612 737 quam‘necessitatem
639 687 772 730 habet,
801 687 946 733 quoties
976 685 1077 722 dictu
1109 686 1292 722 deformia
1319 687 1480 734 operit.“
1517 688 1574 724 Ex
1592 684 1652 725 his

218 746 331 794 igitur
339 748 459 793 ,patet
486 745 603 781 verba
622 743 675 779 aa
696 744 871 790 reqmsita
895 745 1053 779 naun-ae
1073 742 1288 790 significare
1308 742 1360 778 ad
1376 744 1498 779 alvum
1515 754 1652 781 exone-

215 802 391 847 randum,
410 812 485 848 qua
508 801 666 837 formula
685 800 796 836 eliam
811 811 902 835 usus
920 803 997 843 est,
1022 799 1084 846 qui
1100 799 1317 836 Sallustium
1335 799 1520 836 interdum
1537 800 1654 836 imita-

218 862 290 903 tur,
305 858 492 894 Ammian.
513 856 681 894 Marcell.
695 855 826 900 XXIII,
846 857 881 901 6,
900 867 938 902 p.
963 857 1045 894 383.
1066 855 1127 891 ed.
1152 855 1279 891 Vales.
1317 855 1396 891 Nec
1415 856 1545 893 stando
1564 858 1655 893 min-

214 924 317 963 yens,
342 923 410 950 nec
432 912 495 950 ad
517 913 754 959 requisita
780 915 988 947 naturae
1014 912 1189 948 secedens
1209 911 1325 959 facile
1353 913 1480 948 vssdur
1508 911 1654 956 Persa;

217 972 268 1006 ita
284 969 533 1006 observantius
549 969 643 1004 haec
664 968 809 1015 aliaque
820 967 998 1014 pudenda
1017 967 1210 1004 declinant.
1262 966 1430 1012 Relicua,
1452 977 1548 1015 quae
1570 968 1655 1006 Sal·

217 1027 351 1063 Iustius
380 1025 426 1061 de
455 1025 518 1061 illo
548 1025 684 1072 Ligure
710 1023 894 1069 narravit,
929 1023 1164 1060 densissimis
1193 1024 1338 1060 obtecta
1365 1028 1452 1060 sunt
1477 1025 1654 1071 tenebris,

218 1093 312 1128 quas
337 1082 473 1117 frustra
500 1079 702 1127 dispellere
732 1080 894 1116 coneris.
954 1079 1202 1117 Nihilominus
1223 1080 1452 1117 Debrossiu's
1473 1079 1652 1118 odoratus

216 1142 274 1174 est
292 1138 467 1186 Ligurem
495 1138 535 1173 in
559 1137 623 1172 illa
646 1135 880 1184 profectione
913 1136 1109 1172 transitum
1134 1135 1255 1173 Borae
1278 1137 1413 1173 montis
1437 1137 1474 1173 in
1494 1136 1654 1185 Thracia

217 1187 427 1240 detexisse,
447 1199 605 1240 eamque
626 1194 673 1229 ob
694 1202 868 1228 caussam
895 1203 917 1227 a
938 1190 1096 1228 Curione
1116 1193 1173 1238 (v.
1190 1193 1254 1228 Fr.
1275 1193 1336 1236 111,
1360 1194 1438 1237 54.)
1459 1193 1652 1230 laudatum

217 1261 317 1286 esse.
347 1245 458 1294 Quod
478 1260 703 1296 quamquam
724 1251 782 1284 est
802 1248 1088 1295 ineptissimum,
1105 1253 1229 1285 tamen
1247 1248 1350 1285 haud
1373 1250 1451 1285 scio
1469 1260 1516 1285 an
1537 1250 1651 1286 multo

218 1307 267 1342 sit
288 1306 461 1353 ineptius,
483 1303 587 1352 quod
606 1304 825 1341 Gerlacths
845 1303 930 1339 Vol.
953 1305 1014 1339 III.
1036 1315 1074 1351 p.
1097 1307 1176 1343 131.
1200 1305 1290 1341 dicit
1318 1304 1443 1348 „hanc
1466 1306 1653 1342 coniectu-

217 1372 297 1398 ram
316 1373 361 1398 eo
377 1359 536 1405 firmari,
558 1360 660 1408 quod
688 1362 803 1397 verba
832 1360 897 1404 iis,
923 1371 1018 1406 quae
1043 1360 1081 1395 in
1101 1361 1181 1408 lug.
1205 1373 1236 1397 c.
1256 1359 1382 1405 XClII,
1403 1365 1439 1399 2.
1462 1362 1650 1409 leguntur,

217 1417 291 1454 sint
308 1417 535 1454 simillima.“

328 1488 389 1523 Fr.
409 1491 470 1526 21.
513 1486 629 1532 [Cort.
657 1496 696 1533 p.
725 1487 831 1524 1006.
861 1484 959 1522 Gerl.
989 1484 1052 1524 ed.
1071 1486 1166 1525 imai.
1194 1486 1272 1524 lnc-
1297 1490 1356 1526 85.
1383 1487 1445 1523 ed.
1465 1487 1556 1523 min.
1575 1487 1651 1525 Inc.

215 1548 275 1584 26.
291 1555 332 1591 p-
351 1544 435 1588 237,
459 1544 515 1582 17.
546 1543 658 1589 Debr.
678 1541 725 1586 V,
744 1541 822 1585 31.]
880 1540 992 1578 Serv.
1011 1542 1063 1578 ad
1082 1543 1189 1590 Virg.
1206 1544 1303 1580 Aen.
1324 1543 1387 1587 XI,
1409 1545 1490 1582 619.
1548 1543 1651 1581 Haec

216 1602 256 1638 in
284 1611 438 1647 pugnae
465 1599 622 1636 alicuius
651 1597 904 1644 descriptione
928 1602 1057 1634 contra
1083 1598 1334 1636 Mithridatem
1361 1600 1422 1635 vel
1450 1597 1651 1646 Tigranem

215 1657 439 1693 commissae
459 1655 576 1691 fuisse
594 1653 699 1690 haud
720 1653 883 1689 difficilis
905 1654 1130 1692 coniectura.
1187 1656 1296 1693 Novo
1315 1655 1428 1692 modo
1449 1654 1652 1693 Sallustius

217 1713 311 1750 dixit
337 1716 441 1759 ter-qa
467 1720 654 1748 sumere
684 1714 792 1757 atque
817 1709 1016 1746 reddere
1042 1722 1111 1758 pro
1143 1712 1336 1759 insequiet
1353 1721 1489 1748 rursus
1504 1711 1651 1760 fugere,

216 1764 410 1815 uirumque
432 1772 605 1814 repetens
621 1777 644 1802 a
658 1766 823 1813 vulgatis
844 1766 1093 1804 locutionibus
1118 1771 1221 1815 terya
1244 1769 1362 1804 dare
1386 1769 1448 1804 vel
1464 1769 1653 1814 praebere

216 1828 275 1871 (v.
287 1825 476 1860 Drakenb.
493 1823 544 1858 ad
558 1821 885 1866 Liv.XXXV1,38‚
902 1823 978 1866 4.);
999 1823 1315 1869 quemadmodum
1331 1824 1446 1868 enim,
1464 1825 1527 1870 qui
1543 1825 1649 1872 fugit,

215 1882 300 1927 ipse
322 1884 428 1926 terga
444 1879 508 1914 dat
528 1890 583 1914 sc.
598 1877 773 1923 ferienda
783 1880 1032 1924 persequenti,
1050 1879 1114 1921 ita,
1136 1880 1199 1925 qui
1219 1880 1480 1926 persequitur,
1505 1880 1652 1927 fugien-

217 1937 264 1973 tis
291 1940 397 1981 terga
425 1934 495 1970 sibi
523 1933 611 1969 data
633 1934 761 1977 mit,
793 1936 904 1978 atque
927 1934 988 1969 ubi
1013 1933 1095 1980 ipse
1115 1945 1163 1970 ex
1180 1935 1444 1983 persequendo
1466 1936 1503 1970 in
1523 1936 1651 1983 sugam

218 2003 261 2029 se
282 1990 484 2034 convertit,
511 1994 618 2036 terga
642 1988 775 2024 reddit.
830 1988 885 2023 De
909 1988 983 2024 hoc
1006 2001 1143 2036 genere
1161 2002 1314 2038 pugnae
1334 1992 1383 2028 cf.
1402 1992 1484 2038 Iug.
1505 2002 1537 2027 c.
1558 1991 1651 2038 LIX,

216 2052 255 2087 3.
293 2046 475 2083 Numidae
493 2055 581 2090 non,
599 2047 641 2081 ut
660 2045 880 2092 equestri
897 2047 1089 2091 pro'elio
1114 2047 1246 2092 solet,
1270 2049 1385 2095 sequi,
1405 2047 1488 2084 dein
1506 2047 1650 2093 cedere,

217 2104 284 2141 sed
314 2102 480 2139 advorsis
511 2102 613 2149 equis
646 2109 884 2136 concurrere.
941 2101 1023 2138 Liv.
1057 2101 1190 2147 XXXI,
1222 2106 1282 2148 35,
1314 2107 1352 2143 3.
1384 2115 1423 2140 v.
1450 2104 1561 2140 etiam
1587 2103 1650 2140 Fr.

217 2161 296 2196 Ine.
318 2161 377 2198 89.
1522 2179 1523 2182 =

330 2227 392 2263 Fr.
409 2231 469 2265 22.
517 2225 633 2273 [cort.
665 2238 706 2275 p.
737 2230 840 2266 1006.
870 2227 969 2264 Gerl.
997 2226 1062 2264 ed.
1087 2229 1175 2264 mai.
1203 2229 1280 2266 Ine.
1298 2232 1359 2268 85.
1381 2230 1445 2266 ed.
1463 2231 1552 2266 min.
1571 2230 1648 2268 Ine.

217 2287 278 2323 27.
297 2295 336 2331 p.
356 2284 438 2327 237,
461 2285 518 2322 18.
547 2282 657 2320 Debr.
675 2283 723 2328 V,
743 2284 820 2328 31.]
867 2283 977 2321 Serv.
998 2283 1049 2319 ad
1066 2284 1175 2332 Virg.
1194 2285 1294 2322 Aen.
1312 2286 1375 2332 IX,
1395 2288 1475 2326 749.
1522 2287 1650 2323 Verba

218 2339 388 2376 eiusdem
414 2350 504 2375 sane
532 2341 735 2387 argumenti
757 2343 796 2376 ut
820 2339 881 2376 Fr.
902 2344 974 2384 21„
1001 2339 1071 2376 sed
1089 2351 1136 2376 ex
1157 2342 1230 2377 alio
1258 2343 1342 2378 loeo
1369 2343 1500 2389 petita,
1522 2342 1650 2379 Douza

218 2396 315 2432 male
343 2406 428 2431 cum
454 2395 647 2442 superiore
672 2396 702 2432 F
704 2400 894 2443 ragmento
922 2397 1209 2443 conglutinavit,
1240 2399 1344 2434 solus
1365 2398 1583 2435 Gerlachius
1611 2400 1649 2434 in

218 2451 282 2488 ed.
302 2452 392 2487 min.
412 2461 542 2488 rursus
561 2451 740 2497 seiunxit,
760 2463 872 2499 quum
892 2454 930 2488 in
949 2453 1038 2489 mai.
1058 2455 1229 2500 reyressi,
1252 2465 1325 2500 quo
1345 2456 1479 2492 melius
1502 2455 1647 2491 alienae

217 2512 344 2555 partes
363 2508 458 2543 inter
481 2518 524 2544 se
542 2508 696 2552 coirent,
721 2508 938 2545 delevisset.

329 2590 391 2627 Fr.
410 2593 470 2630 23.
508 2583 622 2640 [Cort.
642 2570 805 2640 p.¹1005.
827 2592 925 2628 Gerl.
945 2592 1003 2633 ed.
1026 2593 1114 2628 mai.
1135 2592 1212 2628 Inc.
1234 2594 1293 2631 76.
1314 2593 1375 2629 ed.
1398 2594 1486 2631 min.
1507 2594 1567 2639 ΙΙΙ,
1586 2599 1646 2633 52.

217 2659 256 2695 p.
277 2651 357 2694 218,
380 2650 439 2686 23.
474 2645 585 2683 Debr.
610 2646 670 2692 111,
697 2644 774 2696 49]
834 2646 943 2684 Serv.
974 2646 1024 2684 ad
1041 2647 1148 2696 Virg.
1170 2648 1231 2694 III,
1252 2652 1334 2688 128.
1394 2650 1579 2695 Quantum
1598 2661 1647 2686 ex

218 2703 300 2741 eius
319 2703 445 2740 verbis
464 2702 662 2750 colligitur,
683 2703 785 2740 iussa
799 2708 885 2741 sunt
902 2704 1162 2741 admonitiones
1183 2704 1264 2742 sive
1285 2705 1560 2743 cohortationes.
