1774 3002
473 149 541 188 AD
570 146 830 186 RRNESTUM
855 141 1290 183 ΙἾΝῙῐΠίὃΤΕΜΑΝΝῙΙΜ.
1544 146 1632 178 1111

129 270 384 322 Fragmentis
412 274 605 321 egerunt,
639 273 687 308 ut
711 265 1007 308 Mommsenius
1037 263 1078 305 in
1108 263 1299 304 Berichte
1324 262 1430 303 fiber
1454 262 1495 301 d.
1527 262 1631 302 Ver—

129 340 393 389 handlungen
421 337 461 378 d.
491 337 582 387 Kgl.
614 336 751 376 sachs.
781 333 1007 374 Gesellsch.
1039 333 1116 372 der
1144 331 1404 371 Wissensch.
1431 342 1485 370 zu
1511 329 1631 379 Leip—

129 406 214 456 zig,
242 405 441 456 Philolog-
462 404 605 444 histor.
626 404 789 451 Classe,
819 402 912 442 Vol.
936 402 984 441 11.
1014 401 1058 441 Ρ.
1077 399 1117 439 3.
1147 412 1189 451 p.
1218 398 1296 439 196
1324 410 1443 449 sqq„
1471 397 1631 437 Husch-

129 473 224 514 kius
261 473 303 513 in
338 473 534 513 Zeitschr.
573 472 600 511 f.
637 469 877 522 geschichtl.
910 466 1377 514 Rechtswissenschast,
1415 465 1512 505 Vol.
1540 465 1631 504 XV.

128 542 174 581 P.
212 540 253 581 3.
286 553 343 592 p&
369 539 452 581 273
485 552 603 590 sqq.‚
629 534 1010 577 vWeissenbornius
1048 536 1089 576 in
1117 536 1291 576 Praefat.
1323 535 1378 574 ad
1405 532 1507 573 Livii
1535 532 1630 571 Vol.

129 608 201 648 vl.
227 619 272 659 p.
307 608 384 649 XV
418 620 535 659 sqq„
573 612 615 647 et
648 605 851 654 Bergkius
887 604 929 644 in
961 604 1170 645 Zeitsclir..
1199 605 1266 643 l'iir
1289 603 1330 642 d.
1359 601 1632 642 Alterthums-

128 675 242 717 wine.
279 686 317 716 a.
354 675 476 716 1848.
506 677 552 716 Ρ.
587 676 636 716 Χ.
671 675 747 714 Νο.
781 673 872 712 110.
909 685 951 723 ρ.
981 671 1098 721 880„
1137 677 1222 712 tum
1255 669 1459 711 Pertzium
1500 666 1633 709 secuti

129 744 288 787 Livium
310 749 525 786 auctorem
548 743 770 783 verborum
799 742 970 790 habent,
1009 746 1094 780 tum
1122 739 1163 779 in
1198 738 1354 779 incerto
1383 736 1632 787 relinquunt,

129 816 268 853 utmm
290 812 327 854 is
354 824 407 853 an
437 810 655 852 Sallustius
691 813 836 849 auctor
871 808 1079 857 putandus
1112 807 1177 847 sit.
1239 806 1324 846 Sed
1348 805 1468 845 huius
1498 803 1633 844 Histo-

129 880 281 920 riarum
312 891 410 921 esse
437 881 681 930 Fragmenta
715 877 892 928 primum
921 876 1096 917 Rothius
1121 873 1372 917 Basileensis
1407 873 1449 913 in
1478 873 1625 912 Museo

130 948 380 998 philologiae
402 948 602 988 Rhenano
633 945 825 986 111852.
855 945 949 984 Vol.
966 945 1072 983 VlIl.
1099 945 1150 984 Ρ.
1166 942 1206 982 3.
1229 955 1270 992 p.
1298 941 1523 983 433—40.
1550 941 1632 980 sol-

130 1016 255 1056 lerter
270 1016 508 1067 suspicams
527 1020 605 1063 est,
635 1013 785 1054 deinde
804 1012 1126 1061 Heerwageuius
1139 1009 1388 1051 Baruthinus
1412 1007 1453 1048 in
1477 1007 1633 1058 Kreys-

130 1082 223 1133 sigii
257 1084 312 1124 ad
339 1095 406 1124 me
433 1075 539 1124 data‘
555 1084 735 1134 Epistoza
761 1083 812 1122 ae
832 1083 875 1121 0.
900 1081 1083 1122 Sallustii
1111 1080 1243 1130 caspe·
1267 1078 1538 1118 fflzewriarum
1565 1076 1633 1115 uh.

128 1150 189 1191 ΙΙ.
214 1154 396 1202 reli'qndis
421 1163 476 1192 ex
502 1152 761 1201 Palimpsesto
794 1150 981 1190 Toletano
1005 1151 1140 1189 enatis.
1182 1147 1367 1188 Misenae
1398 1143 1520 1184 1852.
1550 1147 1633 1182 tam

129 1219 356 1259 luculenter
382 1219 682 1260 demonstravit
709 1218 915 1268 sagaciter
946 1217 1115 1257 invento
1141 1215 1335 1256 mutilatis
1365 1217 1538 1263 quartae
1566 1221 1634 1250 co-

130 1287 292 1328 lumnae
322 1288 461 1328 verbis
487 1287 688 1328 contineri
711 1288 854 1328 Cottae
881 1286 1079 1326 orationis
1108 1286 1284 1333 initium,
1316 1288 1361 1324 ut
1389 1278 1633 1322 dubitationi

131 1355 185 1394 de
210 1359 383 1396 auctore
406 1368 491 1397 non
519 1354 695 1406 amplius
722 1355 778 1395 sit
801 1355 968 1395 relictus
993 1356 1126 1395 locus.
1186 1355 1329 1395 Codex
1355 1348 1539 1391 Sallustii
1565 1359 1637 1387 an-

130 1422 408 1474 tiquissimus,
442 1424 601 1466 Pertzio
634 1423 771 1464 iudice
801 1424 935 1475 primo
973 1435 1014 1473 p.
1052 1424 1144 1463 Chr.
1182 1435 1223 1462 11.
1259 1421 1403 1462 seculo
1437 1417 1632 1467 scriptus,

131 1493 264 1532 forma
295 1498 462 1543 quarta,
506 1505 614 1543 quae
652 1492 822 1542 dicitur,
864 1497 954 1533 erat
985 1491 1183 1540 maxima,
1224 1495 1312 1530 tres
1348 1489 1561 1528 columnas
1591 1485 1634 1524 in

132 1559 304 1610 singulis
332 1560 491 1612 paginis
519 1561 698 1610 habens,
739 1572 914 1611 quarum
948 1571 1225 1611 unaquaeque
1255 1557 1429 1598 vicenos
1450 1553 1635 1596 contine-

131 1628 203 1668 bat
236 1639 408 1679 versus,
451 1629 608 1671 vicenis
651 1631 895 1680 plerumque
937 1628 1085 1668 litteris
1130 1626 1403 1678 compositos.
1474 1622 1634 1664 Folium

129 1695 227 1736 inde
243 1703 480 1747 servatum,
509 1697 551 1738 in
581 1708 664 1749 quo
694 1704 795 1749 post
821 1699 1013 1738 abrasam
1045 1696 1256 1747 antiquam
1275 1694 1523 1746 scripturam
1541 1703 1635 1743 par-

129 1763 255 1805 ticula
281 1775 336 1805 ex
362 1765 605 1818 Hieronymi
634 1767 935 1808 Commentario
974 1766 1015 1805 in
1049 1765 1223 1805 Iesaiam
1260 1763 1328 1804 lib.
1359 1763 1475 1803 XllI..
1498 1773 1535 1802 c.
1564 1760 1634 1800 49.

129 1833 263 1881 (Toni.
293 1834 363 1874 IV.
388 1847 431 1886 p.
461 1836 558 1876 566.
594 1837 661 1876 ed.
689 1836 901 1886 vallarsii,
938 1836 1133 1875 Veronae
1166 1832 1311 1881 1735.)
1345 1828 1453 1888 binis
1482 1831 1635 1871 colum-

129 1900 196 1943 nis
241 1908 410 1944 exarata
449 1909 532 1954 est,
584 1903 775 1946 abscissa
822 1905 1016 1954 utrinque
1061 1900 1209 1942 lacinia
1252 1911 1444 1940 mancum
1490 1897 1634 1946 evasit,

129 1969 186 2011 ita
212 1971 380 2022 quidem
390 1987 408 2020 ,·
440 1977 488 2012 ut
515 1972 557 2012 in
586 1974 765 2013 adversa
793 1973 945 2023 pagina
979 1983 1033 2011 ex
1060 1969 1192 2009 tribus
1221 1966 1373 2018 prioris
1404 1967 1634 2017 scripturae

132 2038 334 2079 columnis
362 2039 496 2089 prima
525 2042 717 2081 columna
743 2053 836 2081 cum
866 2040 1044 2080 maxima
1071 2042 1191 2088 parte
1220 2036 1430 2076 secundae
1451 2033 1633 2084 perierit,

129 2105 173 2146 in
201 2109 359 2148 aversa·
378 2117 481 2148 vero
510 2107 667 2158 primae
696 2110 912 2150 columnae
935 2106 1062 2155 initia,
1090 2106 1216 2155 longe
1236 2103 1415 2144 maxima
1441 2114 1541 2153 pars
1570 2112 1633 2142 se-

132 2174 312 2223 cundae,
340 2185 391 2214 ac
418 2179 507 2216 tota
532 2176 654 2217 tertia
682 2176 983 2217 desiderentur.
1042 2173 1287 2213 Litterarum
1321 2173 1455 2213 forma
1494 2182 1633 2222 quam-

132 2253 255 2293 quam
285 2242 611 2293 antiquissimam
642 2245 781 2296 prodit
814 2248 1009 2291 aetatem,
1049 2241 1277 2282 uncialibus
1315 2241 1423 2280 enim
1452 2239 1633 2289 scriptus

131 2315 197 2351 est
220 2309 403 2351 Sallustii
433 2316 573 2353 textus
601 2312 765 2363 optimis
794 2314 990 2363 lectuque
1021 2308 1242 2358 facillimis,
1274 2309 1466 2349 librarius
1494 2313 1633 2348 tamen

130 2377 327 2418 intentam
363 2390 504 2419 curam
538 2391 623 2420 non
653 2381 857 2430 adhibuit,
903 2380 1156 2431 saepiusque
1193 2379 1235 2418 in
1269 2376 1445 2428 singulis
1488 2375 1632 2416 litteris

131 2445 341 2496 peccavit,
381 2445 500 2487 cuius
536 2447 811 2499 negligentiae
842 2449 911 2487 vel
939 2447 980 2487 in
1010 2448 1091 2487 hoc
1114 2446 1264 2497 exiguo
1293 2446 1634 2497 Fragmentorum

131 2514 285 2555 ambitu
310 2514 469 2565 aliquot
497 2517 685 2566 exempla
699 2515 1078 2567 deprehenduntur.
1117 2514 1299 2554 Pertinet
1324 2519 1462 2554 autem
1491 2514 1633 2554 folium

130 2580 371 2622 Toletanum
408 2584 462 2623 ad
500 2594 592 2623 eam
622 2584 795 2624 secundi
822 2582 1096 2623 Historiarum
1132 2581 1225 2621 libri
1250 2586 1432 2632 partem,
1467 2582 1540 2622 ubi
1563 2592 1633 2622 au-

134 2652 224 2688 ctor
252 2649 306 2688 de
330 2651 457 2691 rebus
484 2651 655 2691 urbanis
683 2656 727 2692 et
749 2653 803 2692 de
831 2656 1002 2692 senatus
1022 2649 1250 2690 rationibus
1276 2649 1438 2700 imperii
1463 2648 1632 2689 admini-

132 2716 290 2756 strandi
317 2718 532 2768 exposuit;
568 2723 699 2768 quare
732 2719 909 2759 dubitari
946 2723 1222 2771 nonpotest,
1260 2717 1358 2768 quin
1387 2717 1632 2766 Fragmenta

130 2784 269 2824 locum
305 2797 425 2827 suum
468 2790 563 2826 ante
601 2787 747 2827 Cottae
787 2785 1015 2827 orationem
1062 2786 1292 2836 obtineant,
1336 2796 1461 2836 quum
1508 2785 1631 2825 huius
