1774 3002
481 162 810 204 HISTORIARUM
837 156 1136 199 FRAGMENTA
1161 157 1384 196 INCERTA.
1562 151 1648 196 379

346 297 418 339 38.
471 291 645 336 Aenum
676 290 721 333 et
755 287 1005 332 Maroneam
1031 285 1075 330 et
1099 283 1214 329 viam
1239 281 1481 328 militarem.

344 380 414 421 39.
465 373 728 435 [Sallustius
747 385 881 417 vanos
915 366 1109 415 Mauros
1135 364 1207 427 el]
1238 365 1399 411 ferocis
1423 365 1647 411 Dalmatas

210 456 424 521 [pulsat-J

345 545 414 587 40.
470 536 606 585 Ostia.

212 678 430 722 auctoritate
451 674 563 713 codd.
587 656 724 710 nititur.
784 671 943 716 Quando
964 682 1025 707 res
1046 670 1144 705 sacta
1164 669 1233 714 sit,
1268 671 1305 704 et
1323 679 1397 715 quo
1419 667 1577 703 consilio
1602 667 1648 703 ab

213 738 365 771 auctore
386 736 566 776 narretur,
589 730 658 766 soli
682 728 885 765 Debrossio
911 731 946 763 et
967 725 1177 770 Gerlachio,
1198 730 1237 761 ut
1257 724 1406 771 scirent,
1425 723 1592 770 contigit.

321 805 383 840 Fr.
400 805 461 842 38.
506 801 619 848 [Cort.
645 811 684 847 p.
704 802 807 838 1005.
829 797 926 834 Gerl.
949 795 1010 832 ed.
1036 795 1120 832 mai.
1142 794 1218 831 lnc.
1239 795 1296 833 75.
1317 794 1378 830 ed.
1399 796 1489 831 min.
1508 795 1568 839 ΙΙΙ,
1587 797 1647 834 26.

211 873 248 908 p.
278 860 368 905 217,
396 862 430 897 4.
470 859 581 895 Debr.
611 857 646 901 I,
677 855 773 900 102]
832 854 940 891 Serv.
973 852 1022 889 ad
1049 851 1155 899 Virg.
1186 851 1281 888 Aen.
1309 850 1378 895 111,
1408 853 1467 889 17.
1523 850 1649 888 Aenus

211 906 372 962 (Αἶνος)
394 919 430 951 et
447 913 629 951 Maronea
651 903 908 960 (Μαρώνεια)
933 908 1150 945 notissimae
1179 909 1291 944 urbes
1327 912 1412 943 sunt
1442 907 1647 952 Thraciae3

213 973 260 1009 οἳ.
282 972 381 1008 Mela
399 971 443 1017 11,
465 974 499 1008 2.
528 969 714 1005 Ammian.
741 967 858 1003 Marc.
887 965 1000 1009 XXII,
1020 967 1055 1003 8.
1075 975 1114 1011 p.
1136 965 1219 1003 307.
1248 964 1380 1000 Vates.
1410 964 1492 1001 Liv.
1514 962 1648 1010 XXXI,

212 1031 268 1074 16,
287 1031 324 1067 4.
343 1028 437 1064 Plin.
457 1026 502 1062 H.
523 1026 568 1062 N.
591 1025 655 1070 IV,
676 1027 733 1062 18.
772 1022 840 1059 Via
860 1023 1027 1058 militaris
1048 1024 1116 1065 est,
1136 1031 1232 1067 quae
1254 1019 1388 1056 dicitur
1404 1021 1462 1057 via
1477 1020 1649 1068 Eynalia,

212 1095 348 1120 nomen
367 1083 511 1120 habens
533 1083 580 1118 ab
605 1080 764 1128 Eqnatia
777 1108 786 1123 ‚
808 1079 934 1115 Italiae
956 1079 1044 1114 urbe
1067 1076 1250 1112 maritima
1269 1075 1505 1124 Dyrrhachio
1533 1076 1649 1113 exad-

211 1150 364 1177 versum
392 1141 475 1176 sita.
524 1137 669 1173 Initium
700 1135 800 1182 capit
827 1145 850 1171 a
876 1133 1133 1182 Dyrrhachio,
1164 1136 1201 1169 et
1228 1143 1298 1180 per
1325 1132 1500 1180 Epirum,
1525 1133 1648 1169 Mace·

212 1196 363 1233 doniam
388 1199 424 1232 et
449 1194 645 1231 Thraciam
680 1191 891 1228 extenditur
922 1201 1041 1237 usque
1075 1187 1124 1224 ad
1144 1188 1380 1236 Byzantium,
1409 1189 1576 1236 potiores
1596 1192 1647 1224 at-

210 1253 358 1300 tingens
385 1252 497 1289 urbes
517 1248 753 1297 Lychnidum
766 1277 775 1291 ,
796 1247 1013 1283 Heracleam
1026 1275 1035 1290 ‚
1058 1244 1254 1290 Edessam,
1274 1245 1427 1289 Pellam,
1448 1245 1648 1282 Thessalo-

211 1310 352 1352 nicam,
373 1306 626 1354 Amphipolim
639 1332 648 1349 ,
667 1303 878 1351 Philippos,
901 1303 1128 1346 Maroneam,
1148 1301 1307 1345 Aenum,
1327 1301 1555 1346 Perinthum,
1578 1301 1646 1339 Se—

211 1365 418 1413 lymbriam.
475 1362 600 1397 Verba
632 1365 754 1396 utrum
792 1360 828 1395 in
855 1360 981 1407 primo
1013 1358 1106 1394 libro
1137 1357 1271 1393 suerint
1300 1356 1347 1392 de
1367 1357 1482 1404 Appii
1502 1356 1648 1394 Claudii

210 1419 448 1468 expeditione
468 1415 713 1454 Macedonica
741 1419 777 1468 et
797 1415 979 1459 Thracia,
1008 1425 1057 1449 an
1084 1413 1122 1449 in
1143 1413 1303 1450 secundo
1324 1412 1371 1448 de
1393 1412 1576 1456 Curionis,
1598 1425 1647 1450 an

213 1478 250 1513 in
268 1478 371 1513 tertio
392 1475 441 1511 de
463 1474 514 1511 M.
529 1473 672 1510 Luculli
694 1471 996 1519 expeditionibus
1016 1481 1085 1517 per
1106 1469 1263 1506 easdem
1282 1473 1402 1505 terras
1425 1470 1547 1514 sactis,
1571 1468 1646 1506 dici

212 1544 287 1569 non
310 1536 444 1579 potest.

321 1603 384 1638 Fr.
405 1604 464 1640 39.
503 1599 617 1650 [Cort.
650 1610 687 1645 p.
721 1601 823 1636 1012.
860 1597 974 1633 Debr.
994 1597 1021 1641 Ι,
1048 1598 1108 1634 98.
1127 1616 1184 1623 —
1202 1596 1317 1632 Deest
1336 1597 1439 1644 apud
1460 1597 1559 1634 Gerl.
1580 1597 1645 1634 ed.

209 1660 295 1696 mai.
322 1662 359 1694 et
387 1658 494 1702 min.]
552 1654 767 1692 Tertullian.
793 1653 840 1689 de
871 1654 1008 1689 anima.
1039 1664 1076 1700 p.
1097 1655 1179 1691 313.
1238 1652 1292 1688 De
1311 1652 1495 1690 Dalmatis
1517 1654 1644 1701 egisse

210 1715 426 1753 Sallustium
453 1716 747 1750 consentaneum
767 1714 824 1746 est
844 1710 882 1745 in
902 1709 1112 1745 narratione
1135 1709 1182 1745 de
1202 1709 1316 1756 Appii
1338 1714 1449 1757 atque
1473 1709 1644 1747 Curionis

210 1770 509 1818 expeditionibus
545 1770 583 1805 in
615 1766 840 1804 Macedonia
875 1771 911 1802 et
944 1765 1184 1802 conterminis
1220 1766 1327 1801 tei-tls
1363 1767 1493 1811 sactis3
1530 1778 1645 1813 quare

212 1828 327 1863 verba
346 1827 407 1863 vel
428 1837 476 1862 ex
489 1826 516 1861 1.
543 1825 604 1862 vel
622 1835 671 1859 ex
690 1823 732 1858 11.
754 1822 848 1858 libro
870 1825 967 1858 sunt.
981 1821 1103 1866 —,De
1122 1821 1343 1858 Maurorum
1362 1825 1519 1859 vanitate
1541 1824 1646 1859 locus

213 1876 333 1919 exstat
359 1883 396 1918 in
416 1882 509 1929 ipsis
530 1879 762 1927 Fragmentis
782 1878 812 1923 1,
830 1881 892 1917 63.

321 1953 384 1987 Fr.
402 1954 461 1989 40.
503 1947 634 1998 [Deest
658 1948 759 1995 apud
789 1947 888 1986 Cort.
918 1952 955 1983 et
982 1946 1082 1983 Gerl.
1111 1947 1173 1983 ed.
1201 1948 1290 1983 mai.
1310 1967 1369 1974 —
1387 1948 1450 1984 ed.
1475 1949 1561 1987 min.
1584 1950 1648 1995 IV,

211 2010 270 2046 84.
291 2019 328 2054 p.
341 2010 426 2054 230,
443 2011 503 2044 20.
533 2005 645 2041 Debr.
666 2005 709 2050 ΙΙ,
727 2002 804 2053 81.]
865 2003 1008 2040 Charis.
1038 2003 1070 2050 I,
1089 2006 1145 2048 18,
1167 2008 1224 2042 11.
1245 2015 1282 2050 p.
1302 2008 1361 2042 55.
1385 2004 1492 2042 Lind.
1509 2007 1565 2052 (p.
1587 2007 1647 2046 76.

213 2063 382 2108 Putsch.)
411 2072 524 2109 quum
550 2059 673 2097 tradat
698 2060 916 2097 Sallustium
941 2059 1014 2095 hoc
1036 2060 1138 2095 urbis
1159 2071 1314 2106 nomen,
1333 2061 1435 2107 quod
1458 2062 1574 2109 vulgo
1596 2063 1648 2098 t'e-

213 2119 393 2155 mininum
417 2117 618 2164 singularis
638 2116 781 2152 numeri
802 2121 877 2162 est,
899 2117 1110 2162 frequenter
1126 2116 1261 2162 plurali
1281 2127 1437 2154 numero
1457 2118 1647 2164 posuisse,

211 2175 285 2211 hoc
305 2175 433 2216 voluit,
454 2172 670 2211 Sallustium
692 2172 835 2209 dixisse
857 2171 967 2217 Οεὲἰα,
989 2170 1181 2216 Ostiorum,
1201 2173 1518 2218 quemadmodum
1536 2175 1646 2211 etiam

214 2229 346 2267 Strabo
376 2230 423 2265 V.
453 2240 492 2275 p.
515 2231 600 2273 350,
632 2228 675 2264 Β.
702 2240 741 2276 p.
768 2231 851 2273 354,
877 2228 928 2264 A.
953 2228 1139 2265 Almelov.
1169 2228 1263 2264 dixit
1286 2219 1337 2265 τὰ
1359 2220 1507 2267 Uatia.
1542 2230 1646 2268 Hane

213 2295 290 2321 rem
312 2285 569 2332 planissimam
599 2288 671 2320 tam
690 2296 824 2332 parum
842 2284 1023 2321 intellexit
1042 2283 1274 2330 Gerlachius,
1297 2289 1335 2321 ut
1353 2287 1555 2323 eoniiceret
1575 2288 1647 2323 for-

214 2352 310 2377 mam
339 2341 499 2377 nominis
525 2339 627 2387 apud
660 2340 751 2378 Sall.
782 2342 900 2377 fuisse
928 2339 1068 2386 Ostiae,
1099 2339 1296 2378 ostiam.
1353 2343 1580 2379 Debrossius
1609 2344 1646 2379 in

215 2398 427 2433 narratione
456 2395 504 2432 de
532 2396 662 2442 piratis
689 2407 771 2433 eam
801 2398 930 2439 urbem
958 2401 1202 2434 memoratam
1227 2409 1312 2434 esse
1339 2399 1511 2443 coniicit,
1544 2399 1647 2446 quod

215 2452 326 2489 valde
345 2452 537 2500 probabile
556 2457 614 2488 est
626 2463 637 2497 ;
669 2453 738 2489 sed
760 2452 807 2489 de
825 2454 939 2498 libro,
972 2463 1082 2499 quem
1107 2455 1168 2490 ille
1194 2453 1402 2491 secundum
1423 2466 1510 2491 esse
1530 2459 1646 2503 putat,

214 2509 304 2545 nihil
331 2511 454 2556 potest
480 2507 671 2545 affirmari.
699 2510 748 2546 cf.
774 2507 850 2546 Cic.
872 2509 919 2545 de
940 2509 1072 2556 imper.
1093 2509 1160 2546 Cn.
1181 2510 1311 2558 Pomp.
1329 2522 1365 2547 c.
1384 2515 1440 2556 12,
1460 2514 1517 2550 33.
1575 2512 1644 2548 Dio

215 2564 322 2602 Cass.
341 2563 510 2608 XXXVI,
529 2567 564 2602 5.
612 2607 615 2610 ,

325 2634 535 2682 Sequuntur
553 2634 778 2682 Fragmenta
796 2636 926 2672 tertiae
946 2632 1093 2681 classis,
1115 2636 1249 2683 quibus
1270 2635 1319 2672 de
1331 2647 1500 2685 persona
1521 2638 1646 2684 aliqua

214 2692 264 2726 ita
283 2691 418 2738 agitur,
443 2694 483 2726 ut
501 2690 562 2726 vel
581 2690 665 2736 ipsa
686 2691 797 2738 plane
818 2691 959 2727 ineerta
981 2692 1047 2738 sit,
1067 2693 1141 2737 vel,
1164 2703 1238 2739 quo
1258 2693 1350 2730 libro
1372 2694 1419 2730 de
1438 2705 1485 2730 ea
1505 2693 1644 2730 dictum

214 2747 334 2793 fuerit,
354 2746 404 2783 ad
422 2744 603 2793 liquidum
623 2745 779 2794 perduci
800 2751 974 2794 nequeat.
