1774 3002
110 162 195 205 200
569 167 608 205 C.
639 169 868 207 SALLUSTI
898 166 1049 206 CRISPI

111 307 242 354 quam
287 292 435 338 verba.
502 292 657 339 Castra
692 293 884 340 hostium
922 293 1038 353 apud
1076 292 1320 338 Sucronem
1356 295 1483 353 capta
1522 295 1565 339 et

109 376 324 438 proelium
355 377 471 436 apud
504 378 666 423 flumen
694 377 871 424 Turiam
903 378 946 422 et
970 377 1061 422 dux
1091 376 1283 425 hostium
1308 375 1356 422 C.
1387 376 1563 422 Heren-

110 460 211 506 nius
239 474 338 506 cum
362 460 469 506 urbe
495 459 703 506 Valentia
724 462 768 506 et
787 460 981 506 exercitu
1008 460 1138 506 deleti
1161 459 1268 505 satis
1291 459 1409 506 clara
1435 459 1563 505 vobis

110 546 238 602 sunt3
266 557 348 603 pro
378 543 498 604 quis,
527 559 555 589 o
579 543 694 604 grati
723 546 895 604 patres,
924 547 1168 605 egestatem
1203 545 1245 589 et
1273 544 1431 588 famem
1456 543 1564 588 red-

109 627 223 673 ditis.
252 659 255 662 -
284 626 434 687 Itaque
459 642 558 673 meo
589 629 632 673 et
660 627 849 673 hostium
883 627 1093 673 exercitui
1123 642 1203 687 par
1240 625 1438 672 condicio
1470 628 1561 684 est,

109 724 300 771 namque
330 709 596 770 stipendium
621 710 764 756 neutri
802 711 952 769 datur3
995 711 1137 756 victor
1173 711 1358 771 uterque
1395 709 1438 755 in
1472 710 1600 756 Ita-7

109 794 211 840 liam
240 792 392 840 venire
421 795 580 854 potest.
636 793 765 850 Quod
796 809 884 854 ego
916 810 1000 841 vos
1034 809 1194 840 moneo
1226 808 1482 855 quaesoque
1515 796 1600 841 ute

107 951 403 1018 ἐπηνωρθοῦτο,
415 944 484 998 τὰς
503 944 618 1002 ἥττας
627 952 778 1002 μᾶλλον
791 947 1047 1019 ἐθαυμαζετο
1051 947 1255 992 νικώντων
1268 952 1348 991 τῶν
1356 943 1561 1016 ἀντιστρα-

108 1003 253 1062 τήγων,
276 1003 363 1048 οἷον
382 1006 425 1046 ἐν
444 1009 493 1062 τῇ
515 1005 604 1060 περὶ
626 1003 834 1072 Σουκρωνι
852 1006 959 1061 μάχῃ
974 1001 1081 1062 πρὸς
1094 1003 1320 1060 Πομπήϊον,
1351 1005 1419 1047 καὶ
1437 1003 1563 1047 πάλιν

108 1064 152 1105 ἐν
172 1067 234 1119 τῇ
240 1063 344 1118 περὶ
350 1063 569 1117 Τουρίαν
587 1059 687 1117 πρός
705 1079 745 1104 τε
759 1067 899 1105 τοῦτον
925 1062 1025 1117 ὁμοῦ
1049 1064 1117 1105 καὶ
1136 1063 1362 1112 Μέτελλον;
1387 1078 1459 1114 quo
1478 1069 1560 1103 loco

110 1125 336 1163 Sintenisius
360 1135 435 1160 non
458 1123 617 1160 debebat
645 1125 777 1161 falsam
807 1126 1003 1161 lectionem
1037 1120 1226 1162 Τουττίαν
1259 1124 1297 1159 in
1322 1126 1425 1160 textu
1452 1124 1561 1159 relin-

112 1193 241 1230 quere.
301 1181 404 1217 Idem
433 1181 572 1217 erravit
598 1192 631 1216 c.
660 1184 726 1226 21,
758 1182 807 1217 in.
839 1182 877 1217 in
910 1181 1106 1218 retinenda
1141 1181 1347 1228 depravata
1377 1180 1562 1226 scriptura

108 1235 388 1289 Σεγουντίνων
406 1249 474 1285 pro
497 1234 798 1286 Σαγουντίνων;
831 1249 915 1274 nam
949 1239 995 1275 de
1021 1238 1235 1286 Saguntinis
1264 1237 1326 1284 agi
1354 1237 1562 1273 clarissime

109 1299 214 1343 patet
233 1306 280 1331 ex
307 1306 378 1342 eo,
409 1293 510 1341 quod
530 1294 763 1339 Plutarchus,
787 1300 1080 1331 commemorata
1101 1294 1257 1332 Sertorii
1288 1293 1397 1329 clade
1426 1292 1562 1330 Sucro-

110 1353 218 1388 nensi
249 1357 359 1399 atque
385 1350 566 1396 Turiensi,
596 1363 628 1387 c.
655 1354 710 1389 19.
734 1356 770 1387 et
790 1356 850 1389 20.
873 1352 920 1388 dc
942 1353 1026 1397 illa,
1049 1363 1080 1388 e.
1100 1355 1157 1390 21.
1183 1351 1229 1386 dc
1254 1350 1326 1387 hac
1347 1350 1560 1387 accuratius

110 1409 276 1457 exponit,
307 1409 414 1444 cuius
436 1408 503 1452 rei,
525 1419 593 1454 per
614 1419 655 1444 se
677 1409 816 1451 clarae,
850 1410 934 1472 ipsa
955 1409 1134 1444 orationis
1157 1409 1276 1443 forma
1296 1407 1561 1443 documentum

113 1470 183 1511 est,
206 1476 321 1513 quum
342 1465 469 1501 verbis
499 1475 531 1500 c.
565 1468 622 1503 19.
669 1455 696 1513 ἡ
726 1460 815 1514 μὲν
844 1477 934 1502 ουν
973 1461 1084 1516 περὶ
1106 1456 1394 1529 Σουκρωνι
1433 1455 1562 1511 μάχη

109 1518 259 1573 λέγεται
279 1517 466 1571 γενέσθαι
486 1520 555 1557 τοῦ
570 1520 787 1570 Πομπηΐου
804 1519 1108 1570 κατεπείξαντος,
1131 1513 1183 1566 ὡς
1211 1511 1265 1569 μὴ
1291 1511 1472 1569 μετάσχοι
1492 1517 1560 1567 τῆς

110 1578 225 1628 νίκης
254 1574 454 1622 Μέτελλος
480 1579 591 1625 longe
621 1579 719 1614 infra
744 1591 777 1614 c.
802 1583 857 1616 21.
889 1579 1145 1641 respondeant
1173 1578 1267 1614 haec
1299 1571 1349 1613 ἐν
1373 1571 1424 1612 δὲ
1454 1575 1559 1619 τοῖς

110 1635 204 1673 τῶν
239 1631 603 1697 Σαγουντίνων
637 1631 839 1679 πεδίοις
877 1631 930 1680 εἰς
959 1647 1028 1679 τας
1058 1627 1219 1683 ἕσχατας
1244 1623 1413 1696 απορίας
1438 1643 1557 1668 κατα-

110 1682 317 1735 κεκλεικὼς
348 1702 439 1735 τους
467 1686 674 1738 πολεμίους
701 1681 941 1740 ἦναγκασθη
974 1689 1188 1740 συμβαλεῖν
1211 1680 1343 1733 αὐτοῖς
1369 1684 1557 1737 καταβαί-

110 1757 250 1786 νουσιν
268 1737 328 1795 ἐφ’
352 1739 537 1796 ἁρπαγὴν
561 1742 628 1783 καὶ
649 1743 881 1796 σιτολογίαν.
919 1767 962 1773 -
995 1747 1087 1783 Dux
1108 1747 1262 1783 hostium
1287 1745 1324 1782 C.
1347 1745 1560 1781 Herennius

110 1816 194 1842 cum
220 1804 311 1841 urbe
347 1804 512 1840 Valentia
542 1807 577 1840 et
603 1805 769 1840 exercitu
797 1804 915 1840 deleti.
974 1803 1016 1839 Id
1039 1805 1175 1840 sactum
1203 1814 1239 1839 a.
1270 1803 1328 1840 75.
1351 1812 1386 1837 a.
1410 1800 1497 1837 Chr.
1521 1811 1558 1836 n.

109 1862 214 1899 haud
234 1862 346 1897 multo
383 1864 468 1924 post
496 1861 665 1908 Pompeii
700 1860 845 1897 cladem
878 1861 1180 1904 Lauronensem;
1221 1860 1268 1895 cf.
1301 1857 1490 1894 Plutarch.
1520 1857 1559 1892 in

110 1920 241 1980 Pomp.
270 1930 300 1954 c.
323 1921 379 1956 18.
433 1908 592 1954 Ἠνίασε
611 1909 778 1966 μαλιστα
796 1908 865 1954 τὸν
886 1910 1099 1966 Πομπήϊον
1125 1907 1151 1965 ἡ
1170 1908 1390 1980 Λαυρωνος
1417 1906 1560 1958 αλωσις

109 1965 189 2012 υπὸ
218 1971 454 2037 Σερτωρίου.
486 1966 755 2037 Ἑρέννιον
779 1969 829 2011 δὲ
850 1969 936 2010 καὶ
957 1968 1281 2022 Περπένναν,
1302 1963 1457 2032 ανδρας
1470 1961 1559 2020 ἡγε-

110 2022 298 2080 μονικὸυς
326 2031 406 2068 τῶν
423 2022 751 2094 πρὸςΣερτώριον
770 2024 1123 2095 καταπεφευγότων
1152 2024 1220 2065 καὶ
1240 2019 1561 2095 στρατηγούντων

112 2084 260 2138 ἐκείνῳ,
281 2096 495 2136 νικησας
514 2077 1091 2137 περὶΟὗαλεντίανυπὲρ
1107 2082 1318 2136 μυρίους
1338 2074 1558 2121 ἀπέκτει-

113 2155 205 2180 νεν.
236 2144 340 2180 Hanc
362 2145 556 2181 victorIam
572 2145 677 2191 prius
701 2149 858 2191 partam,
881 2155 990 2191 quam
1012 2143 1112 2190 apud
1125 2142 1333 2190 Sucronem
1352 2146 1390 2177 et
1408 2141 1558 2176 Turiam

113 2205 357 2248 pugnaretur,
386 2202 588 2248 Pompeius
618 2206 807 2248 postremo
830 2202 912 2237 loco
934 2201 1065 2245 refert,
1097 2200 1185 2246 quia
1206 2210 1307 2245 eam,
1337 2209 1449 2245 quum
1477 2197 1557 2233 sine

113 2268 181 2294 suo
203 2257 341 2292 damno
365 2257 524 2302 adeptus
539 2262 662 2302 esset,
695 2259 807 2304 longe
833 2256 1179 2303 splendidissimam
1200 2255 1340 2292 habuit.
1376 2273 1431 2281 ——
1471 2253 1558 2290 Ger-

112 2312 270 2357 lachius,
296 2314 357 2359 qui
388 2314 471 2348 Vol.
491 2313 552 2348 III.
576 2325 615 2359 p.
636 2316 694 2352 87.
708 2319 758 2349 ·ct
779 2313 960 2349 Turiensc
990 2314 1172 2361 proelium
1193 2316 1278 2348 ante
1302 2322 1468 2359 pugnam
1490 2309 1558 2347 Su-

112 2380 334 2407 cronensem
362 2370 499 2405 sactum
529 2381 615 2405 esse
651 2371 722 2413 ait,
754 2373 790 2405 et
810 2370 1039 2406 Herennium
1068 2370 1191 2406 eodem
1213 2368 1385 2404 Turiensi
1414 2367 1557 2414 proelio

113 2438 197 2464 curn
229 2428 319 2462 urbe
344 2426 520 2461 Valentia
549 2425 709 2461 deletum
734 2427 942 2471 contendit,
973 2428 1151 2474 egregius
1179 2429 1236 2462 est
1256 2425 1480 2468 historicus3
1521 2433 1557 2457 v.

113 2484 194 2520 eius
233 2482 482 2519 dedicationis
513 2482 709 2528 epistolam
739 2484 928 2519 volumine
956 2484 1003 2519 ΙΙΙ
1038 2483 1086 2519 ad
1113 2483 1313 2518 Hercnium
1343 2480 1479 2516 datam.
1504 2497 1557 2504 --

110 2540 190 2578 Pro
206 2540 298 2587 quis,
316 2539 418 2586 quod
434 2539 653 2575 etVaticani
675 2543 811 2584 tenent,
830 2544 876 2584 et,
894 2545 932 2576 ut
947 2540 1108 2584 videtur,
1123 2539 1250 2575 relicui
1267 2547 1415 2584 quoque
1431 2535 1557 2580 codd„

111 2597 200 2633 olim
222 2595 401 2632 edebatur
413 2605 561 2644 proque
580 2595 650 2632 his.
669 2616 724 2622 —
749 2596 901 2633 Famem
922 2597 958 2632 in
983 2597 1094 2633 Cortii
1119 2595 1179 2631 ed.
1204 2592 1428 2643 typographi
1449 2593 1558 2639 lapsu

113 2652 361 2701 depravatum
389 2654 425 2688 in
446 2652 603 2700 famam.

224 2713 260 2754 S.
280 2711 316 2747 7.
345 2711 459 2746 victor
478 2713 631 2757 uterque
649 2710 688 2746 in
708 2707 855 2746 Italiam
875 2710 1000 2746 venire
1013 2709 1152 2756 potest)
1209 2707 1311 2743 Haec
1346 2707 1462 2743 verba
1482 2716 1557 2741 non

111 2770 186 2803 tam
205 2765 362 2815 periculi
384 2766 697 2813 admonitionem,
728 2777 838 2814 quam
868 2767 1049 2814 superbas
1075 2766 1196 2800 minas
1226 2764 1433 2809 continent,
1465 2773 1558 2811 quas
