1774 3002
486 140 552 177 AD
578 138 838 176 ERNESTUM
866 136 1299 175 WUESTEMANNUM.
1475 139 1642 171 xxxvn

139 262 391 316 ignorantia,
427 273 479 303 eo
509 257 755 302 insolentius
783 271 831 300 se
866 259 990 299 iactet
1019 257 1226 308 aliosque,
1271 256 1324 296 ab
1356 255 1451 308 ipso
1487 256 1642 296 discre-

141 335 309 382 pantes,
339 329 526 378 insultet,
554 328 597 369 id
622 329 690 368 vel
720 326 898 367 maxime
926 325 1034 381 cadit
1052 325 1094 365 in
1125 324 1404 372 Gerlachium,
1435 324 1641 365 hominem

141 396 558 438 immodestissimum.
625 394 702 446 Qui
744 407 870 445 quum
914 393 954 434 in
992 393 1260 434 emendandis
1302 393 1644 443 explicandisque

141 464 397 516 Fragmentis
438 463 647 505 Vaticanis
691 475 890 514 perquam
931 461 1076 503 leviter
1117 466 1159 502 et
1192 460 1416 502 inscienter
1451 465 1644 503 versatus

142 538 276 581 esset,
301 534 396 574 Vol.
422 533 490 576 111.
520 545 562 583 p.
597 532 689 571 140.
715 531 867 582 ingenii
891 541 1064 571 acumen
1089 530 1146 579 ita
1173 534 1350 570 testatus
1370 535 1451 582 est,
1477 533 1523 568 ut
1546 527 1644 568 scri-

141 603 280 642 beret:
339 600 546 651 „Reliqua
573 599 791 640 restituere
816 611 867 640 eo
899 598 1126 646 difficilius,
1156 598 1271 648 quod
1292 602 1334 637 et
1350 596 1550 637 incertum
1567 601 1644 644 est,

143 682 238 711 num
267 670 321 710 ad
346 669 524 709 eundem
544 667 732 719 Spartaci
761 669 901 708 dolum
932 667 1014 707 sint
1033 666 1271 713 reserenda,
1302 670 1343 705 et
1368 664 1482 705 multi
1511 664 1645 704 litera-

142 751 232 779 rum
262 738 413 778 ductus
438 741 650 777 vetustate·
671 746 803 786 paene
832 734 1042 784 exstincti,
1087 747 1112 774 a
1142 733 1315 774 librariis
1354 735 1460 773 male
1489 733 1646 774 exarati

143 819 239 848 esse
272 805 477 846 videntur.
538 806 678 854 Itaque
706 803 809 843 haec
832 803 991 853 integra
1020 802 1177 843 restitui
1218 813 1300 842 non
1332 807 1531 852 possunt,
1567 801 1646 841 nisi

144 875 240 916 folia
273 875 354 915 ista
379 872 611 913 accuratius
641 871 873 912 examinata
908 870 1069 911 ruerint.
1130 871 1273 920 ltaque
1300 869 1341 909 in
1374 869 1520 910 talibus
1552 868 1647 909 faci-

143 944 222 984 lius
237 947 304 984 est
326 941 531 990 hariolari,
553 953 676 991 quam
691 940 927 991 probabiles
952 949 1190 990 proponere
1205 938 1481 978 coniecturas.
1513 938 1647 985 Quare

141 1014 243 1052 haec
256 1013 425 1052 Kritziis
450 1009 700 1058 eiusdemque
720 1009 891 1057 sam‘moe
912 1008 1133 1048 hominibus
1156 1007 1400 1047 restituenda
1415 1008 1646 1056 -relinquo.“

143 1080 190 1119 Id
218 1090 315 1119 num
349 1089 442 1118 cum
472 1076 655 1117 Sallustii
681 1075 925 1116 detrimento
962 1076 1112 1115 factum
1142 1074 1214 1123 sit,
1244 1086 1388 1115 eorum
1417 1079 1510 1114 esto
1545 1073 1646 1114 iudi·

138 1147 269 1195 cium,
303 1145 375 1196 qui
401 1150 545 1186 nostra
574 1156 667 1185 cum
697 1143 974 1184 Gerlachianis
1004 1155 1247 1194 comparare
1273 1142 1511 1190 -voluerint3
1554 1142 1645 1192 ipse

144 1227 243 1256 vero
271 1213 441 1262 viderit,·
468 1225 575 1264 quos
602 1214 678 1253 hac
703 1212 957 1262 impudentia
982 1213 1140 1252 fruetus
1169 1211 1222 1252 sit
1249 1215 1515 1251 consecutus.
1576 1211 1646 1250 Ce-

143 1288 276 1324 terum
303 1281 445 1322 Kritzii
471 1281 741 1331 eiusdemque
765 1280 919 1320 farinae
948 1281 1137 1321 homines
1166 1291 1249 1320 non
1271 1279 1298 1318 ii
1324 1284 1443 1326 sunt‚¹
1466 1278 1537 1329 qui
1553 1291 1645 1319 eum

143 1352 238 1394 nibil
276 1353 399 1402 plane
426 1355 540 1390 recte
575 1349 712 1400 egisse
750 1348 906 1397 dicant,
951 1350 1027 1388 sed
1056 1348 1230 1388 libenter
1268 1347 1504 1388 concedunt
1541 1347 1648 1387 inter

143 1431 328 1460 summos
365 1423 407 1459 et
442 1417 662 1458 continuos
692 1428 824 1467 paene
854 1428 1019 1457 errores
1056 1422 1193 1456 tamen
1227 1415 1292 1455 hic
1332 1414 1412 1454 illic
1448 1417 1647 1456 nonnulla

143 1487 337 1536 inveniri,
369 1498 474 1537 quae
499 1498 525 1526 a
552 1497 654 1525 vero
683 1497 766 1525 non
795 1485 1064 1533 abhorreant,
1095 1490 1137 1524 et
1155 1483 1296 1534 utique
1316 1484 1533 1533 probanda
1551 1484 1644 1524 sint.

142 1557 244 1596 Nam
272 1554 380 1595 sicut
416 1553 464 1602 ii,
498 1552 568 1604 qui
606 1557 742 1593 mente
779 1564 924 1603 parum
955 1554 1112 1601 valent,
1155 1552 1360 1596 interdum
1400 1557 1537 1592 tamen
1571 1564 1647 1602 per

143 1622 279 1663 lucida
306 1622 541 1670 intervalla,
571 1621 919 1671 quemadmodum
944 1620 1093 1660 medici
1118 1622 1363 1670 loquuntur,
1393 1620 1548 1671 aliquid
1578 1621 1644 1659 vel

145 1691 286 1730 dicunt
313 1690 379 1729 vel
406 1694 551 1740 agunt,
582 1690 696 1739 quod
725 1689 928 1729 turbatam
952 1693 1130 1729 mentem
1158 1701 1242 1728 non
1272 1693 1437 1738 arguat,
1468 1688 1526 1728 ita
1548 1690 1645 1730 Ger-

146 1757 322 1806 lachius,
354 1769 480 1807 quum
510 1757 767 1797 decrevisset
794 1770 905 1798 novo
932 1763 1057 1808 atque
1084 1756 1267 1796 inaudito
1298 1757 1424 1797 modo
1450 1755 1491 1796 in
1522 1757 1647 1796 eden-

146 1826 210 1865 dis
238 1824 419 1866 Sallustii
447 1825 701 1875 Fragmentis
733 1825 914 1874 versari,
953 1825 1158 1865 interdum
1190 1835 1216 1863 a
1252 1835 1298 1863 se
1326 1824 1420 1875 ipso
1447 1824 1645 1864 deficiens

146 1891 410 1933 sobrietatem
435 1893 641 1943 quandam
668 1893 806 1933 iudicii
835 1893 1042 1943 sequitur,
1072 1905 1098 1932 a
1123 1898 1261 1932 cetera
1290 1892 1379 1931 eius
1409 1892 1576 1931 levitate
1606 1897 1648 1931 et

146 1959 493 2000 inconsiderantia
521 1960 753 2000 distantem.
813 1960 977 1999 Scilicet
999 1964 1154 2000 tantam
1179 1970 1276 1999 esse
1304 1958 1474 1998 rationis
1506 1958 1586 1998 vim
1606 1964 1649 1998 et

146 2026 458 2079 praestantiam,
492 2032 538 2067 ut
566 2028 685 2067 etiam
714 2027 763 2076 ii,
805 2027 874 2077 qui
901 2027 998 2066 nihil
1024 2027 1203 2074 ratione,
1241 2026 1379 2066 omnia
1403 2027 1648 2067 auctoritate

148 2094 311 2144 agenda
328 2105 425 2134 esse
453 2095 649 2143 clamant,
678 2099 815 2134 tamen
841 2094 931 2134 eius
951 2094 1165 2144 imperium
1189 2105 1273 2134 non
1294 2094 1449 2144 ubique
1479 2100 1645 2143 exuant,

149 2161 225 2202 sed
254 2160 319 2201 sui
348 2161 608 2204 immemores
646 2167 687 2202 et
715 2162 835 2213 quasi
870 2162 983 2214 inviti
1011 2174 1062 2202 eo
1102 2163 1357 2210 deferantur,
1400 2166 1446 2202 ut
1473 2161 1514 2202 in
1545 2173 1649 2203 non-‘

148 2229 269 2269 nullis
299 2234 411 2269 certe
436 2229 584 2271 rationi
613 2231 913 2271 obsecundent.
1064 2220 1066 2222 ’

259 2296 482 2337 Veniamus
518 2309 627 2337 nunc
663 2288 716 2337 ad
744 2297 927 2339 laetiora.
988 2299 1189 2348 Quantum
1234 2296 1341 2336 enim
1385 2298 1509 2337 taedii
1551 2298 1647 2338 mihi

147 2364 297 2412 attulit,
336 2365 448 2415 quod
473 2365 701 2406 necessitas
742 2366 837 2405 mihi
870 2366 945 2406 fuit
974 2364 1191 2416 imposita,
1228 2370 1272 2405 ut
1300 2365 1513 2416 'perpetuo
1553 2376 1648 2405 cum

149 2432 324 2483 imperiti
352 2431 527 2472 bominis
555 2433 824 2482 perversitate
855 2445 1080 2484 pugnarem
1108 2445 1283 2482 eamque
1315 2445 1425 2473 nunc
1451 2433 1491 2472 in
1520 2445 1648 2473 unum

151 2500 268 2550 quasi
300 2505 568 2550 conspectum
602 2500 761 2548 darem,
800 2506 955 2541 tantum
994 2501 1085 2551 cepi
1115 2501 1291 2542 laetitiae
1331 2512 1383 2540 ex
1421 2511 1495 2548 en,
1533 2501 1647 2550 quod

147 2566 188 2607 in
226 2567 431 2607 nonnullis
473 2572 585 2606 certe
628 2567 963 2617 Fragmentomm
1003 2568 1190 2619 partibus
1235 2569 1331 2608 mihi
1375 2566 1564 2616 contigit,
1602 2571 1648 2606 ut

149 2635 325 2675 duorum
353 2634 554 2682 virorum,
586 2634 794 2683 doctrina,
825 2635 1012 2676 acumine
1041 2640 1084 2675 et
1107 2640 1222 2676 recto
1251 2635 1402 2675 iudicio
1432 2639 1647 2685 praestan-

148 2700 269 2748 tium,
311 2707 502 2741 accurata
530 2713 659 2751 opera
688 2713 770 2742 non
801 2703 934 2742 solum
971 2714 1199 2751 recrearer,
1245 2704 1321 2742 sed
1351 2702 1471 2742 etiam
1508 2700 1647 2740 multis

150 2767 284 2808 modis
311 2768 350 2808 in
375 2769 642 2810 emendandis
668 2768 1004 2822 explicandisque
1034 2771 1214 2811 Sallustii
1244 2770 1382 2812 verbis
1412 2769 1645 2810 adjuvarer.
