1774 3002
7 2647 45 3002 maumwww-
14 2603 20 2606 -
20 2549 24 2554 >

476 153 541 191 AD
573 150 833 190 ERNESTUM
861 144 1240 185 WUESTEMANNU
1243 144 1292 179 M.
1569 145 1621 178 11

125 280 317 325 altorum,
362 286 415 315 an
448 279 612 324 contra,
651 282 797 314 verum
837 280 933 310 esse
961 267 1102 308 docuit
1130 277 1224 306 eum
1251 263 1458 310 ordinem,
1498 272 1621 312 quem

124 347 219 398 ipso
251 348 422 396 auctore
446 347 617 384 secutus
648 351 753 380 sum.
814 339 946 388 Quum
972 335 1080 376 enim
1104 332 1253 385 prioris
1287 331 1371 372 solii
1409 331 1624 371 columnae

128 418 324 466 quattuor
348 415 492 462 aperte
525 411 632 450 inter
657 420 704 449 se
731 407 999 452 cohaereant,
1039 414 1175 453 neque
1210 400 1345 441 minus
1383 402 1540 438 certum
1571 396 1624 435 sit

127 483 249 524 etiam
272 486 418 523 sextae
444 489 495 518 ac
524 477 725 528 septimae
753 475 968 515 columnae
996 473 1244 522 Fragmenta
1269 468 1374 508 inter
1401 478 1450 507 se
1478 465 1625 506 cohae-

129 562 241 599 rere,
285 547 480 601 quoniam
523 544 564 585 in
600 543 688 584 villis
726 541 885 582 Varinii
929 540 1075 581 milites
1115 538 1265 590 partim
1303 535 1487 577 autumni
1534 545 1625 584 gra-

130 616 396 667 vitate-aegri
428 614 578 661 fuisse,
615 610 760 662 partim
790 621 842 650 ex
873 610 970 659 tuga
1004 609 1058 648 ad
1085 607 1204 657 signa
1237 617 1322 646 non
1350 604 1548 651 rediisse,
1584 606 1626 642 et

128 685 270 728 relicui
311 683 491 726 militiam
524 681 780 721 detrectasse
812 677 1024 729 dicuntur,
1073 676 1114 715 in
1165 674 1341 726 septima
1386 679 1522 714 autem
1558 682 1626 710 co·

129 758 270 797 lumna
297 752 541 804 Spartacus,
574 751 814 799 priusquam
849 747 1002 795 refecto
1031 746 1211 785 exercitu
1248 745 1404 784 adesset
1440 742 1628 781 Varinius

129 824 184 864 ad
209 823 338 862 Nares
366 821 555 860 Lucanas
581 821 706 866 atque
735 815 832 856 inde
871 815 926 855 ad
953 811 1063 853 Anni
1090 813 1243 852 Forum
1276 810 1521 862 pervenisse
1548 813 1628 848 tra-

132 892 272 938 datur,
321 890 412 928 luce
463 885 612 926 clarius
654 889 719 924 est
761 885 831 925 illa
882 883 923 924 in
977 880 1212 923 narratione
1265 879 1446 931 priorem
1491 878 1628 917 locum

133 957 382 1004 obtinuisse,
418 956 523 995 haec
556 955 781 995 subsecuta
813 963 923 992 esse.
981 952 1043 990 lta
1079 960 1207 999 quum
1237 945 1508 998 Kreyssigius
1547 955 1630 995 ope

132 1024 359 1077 apographi
386 1021 646 1064 Niebuhriani
670 1020 876 1072 egregiam
894 1018 1149 1069 Fragmentis
1177 1012 1436 1058 Sallustianis
1460 1023 1630 1063 operam

132 1092 424 1145 praestitisset,
454 1090 576 1130 felici.
591 1090 772 1140 quodam
802 1100 903 1129 casu
933 1089 1085 1127 factum
1111 1090 1196 1133 est,
1221 1090 1267 1126 ut
1284 1082 1472 1132 Angelus
1496 1080 1630 1121 Maius

132 1162 277 1202 eadem
317 1159 359 1200 in
397 1158 672 1200 classicorum
708 1162 924 1198 auctorum
956 1167 980 1195 e
1009 1153 1221 1195 Vaticanis
1251 1152 1467 1193 codicibus
1501 1152 1631 1193 edito-

132 1240 226 1270 rum
258 1229 374 1269 Tom.
406 1228 458 1275 1.‚
488 1228 645 1268 Romae
679 1224 822 1274 1828„
855 1237 897 1275 p.
935 1222 1196 1263 414—425.
1232 1233 1285 1262 ex
1322 1220 1425 1271 ipsis
1464 1220 1630 1261 schedis

132 1295 343 1339 Vaticanis
377 1296 609 1344 evulgaret,
655 1305 881 1347 earumque
925 1290 1279 1333 accuratissimum
1309 1294 1351 1329 et
1388 1289 1546 1330 affabre
1576 1290 1632 1328 fa·

133 1368 243 1405 ctum
288 1362 535 1414 'exemplum
586 1362 716 1402 tribus
758 1360 908 1401 tabulis
956 1360 1097 1400 aeneis
1142 1358 1406 1399 incidendum
1456 1361 1632 1398 curaret.

133 1432 388 1482 Quamquam
445 1436 582 1470 autem
631 1429 764 1470 Maius
813 1430 1049 1479 complura,
1103 1427 1145 1467 in
1190 1426 1339 1477 quibus
1383 1425 1633 1466 extricandis

133 1498 376 1539 Niebuhrius
424 1497 577 1536 frustra
616 1497 866 1545 laborasset,
911 1498 1128 1536 oculorum
1166 1494 1256 1534 acie
1293 1499 1335 1534 et
1371 1494 1634 1544 antiquorum

136 1565 324 1606 codicum
359 1565 631 1614 legendorum
667 1575 827 1604 summa
860 1564 1005 1615 peritia
1040 1563 1199 1604 felicius
1226 1562 1352 1611 eruit,
1386 1573 1468 1612 quo
1499 1561 1635 1612 impri-

135 1633 212 1674 mis
239 1633 321 1673 hoc
349 1632 546 1672 effectum
575 1638 661 1684 est,
693 1636 739 1672 ut
768 1632 821 1671 de
850 1643 960 1672 nexu
989 1633 1206 1672 columnae
1237 1629 1404 1680 quintae
1434 1629 1633 1677 divulsae,

136 1711 260 1751 quem
293 1699 562 1750 Kreyssigius
597 1699 835 1740 coniectura
872 1705 1092 1741 assecutus
1130 1700 1285 1747 fuerat,
1316 1698 1397 1738 iam
1424 1698 1537 1737 nulla
1564 1698 1637 1737 du-

134 1767 277 1815 bitatio
295 1800 298 1805 .
314 1766 634 1817 relinqueretur,
672 1766 714 1806 in
748 1767 894 1808 ordine
930 1774 1066 1808 tamen
1105 1768 1445 1817 Fragmentorum
1470 1764 1637 1805 consti-

134 1835 289 1881 tuendo
317 1839 402 1874 tam
423 1834 634 1875 sinistrum
653 1846 701 1875 se
722 1841 763 1876 et
790 1836 954 1886 ingenio
984 1837 1176 1877 hebetem
1205 1833 1405 1882 ostendit,
1435 1838 1482 1872 ut
1501 1832 1637 1873 omnia

136 1903 426 1956 confunderet,
452 1914 613 1943 summa
634 1903 727 1944 imis
756 1904 966 1953 misceret,
1001 1910 1044 1945 et
1078 1916 1104 1944 a
1133 1915 1233 1943 vero
1264 1902 1411 1942 mirum
1439 1906 1638 1951 quantum

136 1971 360 2011 aberraret.
417 1972 519 2010 Nam
547 1981 600 2010 ex
629 1973 821 2010 columna
848 1972 980 2022 prima
1004 1972 1099 2012 fecit
1130 1971 1333 2022 quintam,
1369 1980 1422 2008 ex
1452 1968 1638 2008 secunda

137 2042 320 2087 sextam,
351 2048 405 2076 ex
437 2037 557 2076 tertia
594 2038 830 2088 septimam,
868 2050 921 2078 ex
953 2046 1101 2089 quarta
1138 2044 1347 2085 octavam,
1388 2048 1442 2077 ex
1471 2036 1638 2087 quintae

138 2103 283 2144 lacinia
324 2102 492 2144 sinistra
525 2116 696 2154 nonam,
736 2117 790 2145 ex
832 2107 999 2157 quintae
1034 2108 1180 2148 lacinia
1216 2108 1363 2147 dextra
1397 2106 1637 2153 secundam,

139 2182 193 2211 ex
220 2174 340 2211 sexta
366 2170 546 2221 tertiam,
582 2183 635 2212 ex
662 2173 838 2224 septima
867 2181 1073 2225 quartam,
1113 2187 1166 2216 ex
1203 2179 1379 2228 octavae
1406 2173 1553 2214 lacinia
1580 2173 1635 2214 si-

138 2237 268 2278 nistra
307 2237 497 2288 primam,
541 2249 595 2278 ex
638 2245 809 2282 octavae
850 2243 997 2283 lacinia
1046 2245 1193 2284 dextra
1237 2242 1451 2282 decimam.
1524 2243 1638 2292 Quos

139 2305 229 2346 eius
259 2316 424 2346 errores
461 2310 508 2345 ut
544 2307 749 2349 refelleret
784 2322 833 2350 ac
861 2311 983 2352 simul
1013 2311 1188 2361 cognitis
1225 2310 1469 2351 certioribus
1499 2310 1639 2350 lectio-

139 2373 259 2413 nibus
302 2373 356 2412 ad
402 2373 660 2418 emendanda
704 2376 886 2418 Sallustii
937 2380 1067 2420 verba
1106 2384 1312 2427 uteretur,
1366 2378 1636 2428 Kreyssigius

139 2440 234 2481 Maii
259 2441 313 2480 de
341 2439 550 2480 Vaticanis
582 2441 837 2492 Fragmentis
870 2446 1191 2498 disputationem
1218 2445 1331 2497 typis
1366 2446 1635 2496 repetendam

141 2508 311 2560 curavit,
342 2507 638 2558 succinctoque
666 2514 958 2555 commentario
980 2514 1222 2555 instructam
1251 2513 1373 2553 simul
1399 2525 1494 2553 cum
1525 2513 1636 2553 codi-

140 2574 199 2615 cis
234 2575 422 2615 Vaticani
458 2578 648 2626 exemplo
687 2580 813 2630 lapidi
850 2582 1050 2633 inscripto
1087 2581 1231 2629 edidit,
1276 2580 1462 2621 Misenae
1514 2579 1635 2620 1830.

138 2643 265 2683 Paulo
305 2648 404 2694 post
446 2654 484 2682 a.
532 2642 652 2684 1831.
699 2647 854 2696 prodiit
901 2649 1192 2689 Gerlachianae
1234 2647 1425 2688 editionis
1471 2647 1637 2688 maioris

139 2710 235 2749 Vol.
268 2711 355 2759 111„
387 2722 470 2760 quo
496 2713 812 2755 commentarius
848 2729 974 2766 quum
1001 2718 1055 2757 ad
1083 2721 1222 2755 cetera
1246 2717 1509 2765 Fragmenta,
1554 2720 1638 2754 tum

140 2776 195 2817 ad
242 2777 345 2817 haec
383 2778 583 2818 Vaticana
625 2779 867 2823 continetur.
934 2782 1032 2824 Eius
1080 2783 1173 2823 libri
1210 2781 1430 2834 peculiaris
1472 2782 1636 2824 indoles
