1774 3002
463 153 794 193 HISTORIARUM
822 150 1133 189 FRAGMENTA.
1192 150 1278 186 LIB.
1308 149 1356 185 V.
1538 141 1620 186 36⁷

320 282 388 328 18.
445 278 592 326 Video
614 275 898 339 indigentiam
921 275 1038 321 dona
1056 271 1301 335 quaesitum
1321 271 1490 332 gratiae
1511 285 1623 331 pro-

184 365 422 424 perantem.

185 503 247 537 tae
265 497 472 537 modestiae
495 497 636 545 pariter
656 499 766 544 atque
787 505 955 532 summae
975 491 1212 540 arrogantiae
1228 491 1343 538 plena
1360 490 1539 537 populum
1566 501 1624 526 ro—

186 556 310 604 gavit.
339 559 379 592 ut
396 555 539 602 ipsum,
571 553 709 600 quippe
728 552 935 590 honoribus
965 551 1038 586 iam
1060 548 1231 586 satiatum
1256 548 1521 594 laboribusque
1554 558 1622 594 pro

184 613 379 660 republica
393 610 582 658 susceptis
596 609 850 657 defatigatum,
871 619 971 644 novo
991 606 1064 643 hoc
1082 605 1236 652 imperio
1256 615 1331 640 non
1346 606 1533 648 ornarent,
1554 603 1624 640 sed

187 669 344 708 aliorum
358 667 538 706 rationem
552 660 744 703 haberent.
766 666 864 702 Inter
878 666 953 701 alia
969 664 1079 711 igitur
1095 666 1187 698 teste
1204 662 1320 698 Dione
1336 659 1445 698 Cass.
1455 659 1625 705 XXXVI,

185 727 223 788 8,.
245 737 294 789 μ’
302 723 363 764 91.
382 724 502 787 Regm.
522 723 618 785 haec
640 722 753 760 dixit:
778 712 848 786 0¹3-
858 716 931 770 μέν
947 732 1007 757 τοι
1021 708 1127 785 33³³,
1136 709 1245 812 13qu
1252 714 1395 781 νρμίζω
1415 708 1626 811 expugnatur

186 781 514 888 ..mmfiffi
531 790 699 880 '‘ffi-
715 777 1633 885 {522‘3'32‘ffl0ffi2522mfflm02

186 890 256 932 aaut
271 890 363 944 περὶ
382 885 473 938 τοὺς
492 885 635 938 ἄλλως
654 885 898 937 σπουδάζειν.
932 879 1062 926 'Heni
1083 883 1345 937 μέμνησθε
1363 879 1451 924 ὅσα
1468 881 1556 936 μὲν
1573 881 1625 924 ἐν

186 949 251 1002 τῷ
272 940 399 1002 πρός
416 940 502 987 τὸν
522 945 711 986 Κίνναν
728 943 923 1000 πολέμῳ
944 937 1324 996 ἐταλαιπώρησα
1346 942 1429 981 καί
1451 954 1527 980 τοι
1548 954 1625 980 κο-

186 1004 273 1054 μιδ
289 1005 309 1014 ”
335 1001 445 1051 νέος
464 998 548 1051 ὄις
568 996 665 1042 ὅσα
685 1000 736 1042 δὲ
757 1000 812 1042 ἔν
830 1015 877 1042 τε
896 1002 952 1057 τῇ
969 999 1179 1053 Σικελίᾳ
1203 996 1287 1038 καὶ
1314 997 1366 1038 ἐν
1383 999 1441 1052 τῇ
1464 990 1624 1049 'Ampa—

186 1061 251 1117 κῇ
294 1074 477 1111 sapuit,
496 1056 697 1111 μηδέπω
724 1059 964 1110 καθαρῶς
991 1054 1039 1105 ἐς
1065 1055 1293 1109 ἐφήβους
1320 1056 1492 1102 vetem
1519 1057 1623 1101 Quae

187 1131 301 1167 quum
321 1120 359 1156 in
378 1119 536 1166 gratiam
556 1117 683 1155 Sullae
705 1122 880 1164 suscepta
898 1121 1046 1161 essent,
1075 1116 1142 1153 vix
1164 1115 1317 1152 dubium
1337 1118 1416 1158 est,
1447 1114 1537 1161 quin
1563 1113 1625 1150 his

187 1176 249 1215 vel
270 1176 406 1213 talibus
435 1186 482 1212 ea
500 1175 722 1220 subiecerit,
754 1185 852 1222 quae
870 1174 944 1210 hoc
967 1173 1191 1221 Fragmento
1212 1173 1457 1208 continentur.
1518 1169 1624 1206 Certe

186 1234 304 1270 verba
320 1232 449 1280 qmbus
468 1231 514 1268 de
527 1232 668 1268 caussis
687 1232 863 1269 evincunt
876 1231 1136 1278 praecessisse
1156 1228 1311 1276 aliquid,
1331 1227 1433 1276 quod
1456 1227 1627 1263 meritum

190 1288 344 1336 aliquod
365 1288 533 1336 Pompeii
551 1289 589 1324 in
615 1287 756 1324 Sullam
780 1288 996 1324 contineret.

299 1345 361 1382 Fr.
386 1346 443 1383 17.
484 1343 599 1390 [cort.
622 1355 660 1391 p.
682 1346 765 1384 997.
814 1344 912 1380 Gerl.
938 1343 999 1380 ed.
1020 1343 1109 1379 mai.
1129 1342 1176 1387 V,
1196 1344 1231 1380 6.
1264 1341 1326 1377 ed.
1357 1340 1446 1376 min.
1471 1340 1517 1385 V,
1533 1343 1566 1378 5.
1586 1351 1626 1386 p.

190 1404 275 1447 235,
297 1404 336 1440 8.
358 1400 470 1438 Debr.
493 1400 541 1446 V,
560 1401 637 1445 50.]
695 1401 908 1438 Priscianus
922 1399 1059 1446 XVIII,
1077 1402 1113 1444 4,
1132 1401 1191 1437 42.
1212 1410 1248 1445 p.
1269 1400 1351 1436 123.
1371 1397 1435 1432 Kr.
1488 1396 1628 1443 Magna

189 1463 247 1495 est
272 1457 384 1494 huius
411 1461 448 1494 et
476 1458 666 1504 sequentis
687 1457 899 1505 Fragmenti
928 1457 1136 1493 obscuritas
1155 1466 1201 1491 ac
1227 1454 1391 1490 difficilis
1413 1453 1626 1500 explicatio.

188 1514 245 1551 Ex
266 1513 387 1553 Catuli
405 1514 576 1551 oratione
594 1514 825 1562 rogationem
847 1514 1040 1550 Gabiniam
1062 1510 1318 1548 dissuadentis
1339 1511 1456 1547 verba
1475 1509 1627 1545 desum-

187 1575 253 1617 pta
274 1574 405 1608 censet
423 1570 670 1615 Debrossius;
694 1570 764 1607 sed
783 1571 818 1606 ei
837 1571 1044 1607 sententiae
1063 1572 1247 1616 repugnat
1265 1568 1326 1604 Fr.
1348 1570 1421 1612 19„
1445 1565 1546 1613 quod
1563 1577 1627 1601 no-

189 1627 335 1664 tissima
354 1627 541 1674 quaedam
562 1627 678 1664 verba
697 1626 816 1664 Catuli
837 1628 888 1663 ita
906 1626 1031 1671 habet,
1047 1630 1087 1662 ut
1105 1629 1286 1673 appareat
1305 1628 1417 1661 totam
1438 1624 1521 1677 eius
1544 1634 1627 1659 ora-

189 1684 326 1720 tionem
353 1684 504 1731 obliqua
523 1687 708 1720 structura
728 1694 751 1720 a
768 1682 948 1720 Sallustio
974 1683 1092 1719 fuisse
1113 1683 1279 1719 relatam.
1306 1681 1493 1717 Universa
1512 1680 1629 1726 Frag-

188 1739 301 1777 menti
321 1739 441 1778 forma
463 1751 576 1788 quum
597 1740 733 1787 prodat
748 1751 824 1776 non
838 1740 961 1787 ipsum
971 1739 1187 1777 Sallustium
1202 1738 1317 1785 loqui,
1332 1737 1404 1774 sed
1421 1737 1626 1772 orationem

190 1796 348 1834 alicuius
368 1797 624 1834 concionantis
645 1797 797 1842 reterre,
820 1797 980 1833 coniicio
997 1795 1094 1832 haec
1116 1807 1162 1831 ex
1171 1795 1318 1832 Gabinii
1337 1795 1506 1831 oratione
1526 1803 1626 1836 esse,

190 1863 265 1899 qua
291 1853 509 1900 Pompeium
537 1854 678 1899 populo
707 1852 977 1889 commendans
1008 1852 1047 1887 in
1076 1856 1247 1888 senatum
1277 1855 1388 1897 atque
1416 1851 1627 1897 optimates,

190 1908 375 1956 rogationi
395 1920 487 1946 suae
509 1913 619 1955 atque
640 1909 816 1955 Pompeio
836 1908 948 1945 valde
966 1909 1172 1945 obnitentes
1184 1937 1195 1952 ,
1225 1907 1466 1943 vehementer
1486 1904 1630 1942 invehi-

191 1968 263 2000 tur.
297 1963 408 2008 Quod
427 1965 460 2003 si
480 1976 503 2002 a
522 1964 848 2002 verisimilitudine
867 1976 943 2000 non
967 1964 1161 2010 abhorret,
1184 1964 1373 2000 celebritas
1397 1964 1553 1999 nonnim's
1572 1965 1632 1996 est

191 2020 370 2067 Pompeii,
390 2021 569 2057 timentem
590 2024 713 2058 autem
733 2023 794 2058 vel
814 2021 865 2058 ad
888 2021 1102 2058 universam
1120 2020 1338 2057 nobilitatem
1364 2020 1537 2067 pertinet,
1568 2018 1631 2055 vel

192 2076 244 2113 ad
261 2076 505 2124 praecipuum
524 2078 686 2124 aliquem
708 2078 877 2125 Pompeii
904 2077 1187 2123 adversarium,
1217 2078 1321 2114 velut
1338 2077 1514 2113 Pisonem
1543 2086 1632 2112 con·

193 2133 314 2170 sulem
332 2137 397 2168 aut
414 2133 529 2170 alium
550 2145 672 2181 quem.
711 2134 760 2170 V.
784 2134 836 2170 ad
851 2135 912 2171 Fr.
930 2146 988 2181 sq.

303 2189 366 2225 Fr.
384 2192 443 2228 18.
468 2188 583 2235 [cort.
598 2192 728 2237 p.997.
754 2190 854 2227 Gerl.
874 2191 935 2227 ed.
957 2191 1047 2227 mai.
1070 2190 1114 2235 V,
1134 2192 1168 2229 7.
1190 2189 1254 2227 ed.
1275 2190 1363 2227 min.
1384 2189 1479 2234 V,6.
1497 2190 1629 2236 p.235,

192 2246 229 2284 9.
247 2244 361 2282 Debr.
376 2245 425 2290 V,
446 2243 520 2294 52]
558 2246 771 2284 Priscianus
790 2246 920 2292 XVIII,
938 2250 975 2292 4,
995 2250 1052 2285 42.
1072 2259 1112 2295 p.
1134 2249 1215 2285 123.
1239 2247 1303 2284 Kr.
1324 2246 1421 2283 haec
1442 2247 1559 2282 verba
1577 2245 1629 2281 ita

193 2300 314 2347 affert,
333 2305 374 2337 ut
400 2302 640 2348 praecedenti
665 2303 888 2351 Fragmento
914 2303 1091 2351 contigua
1118 2304 1235 2340 fuisse
1265 2303 1477 2340 videantur.
1521 2300 1631 2346 Quod

194 2368 307 2404 quum
325 2358 436 2394 etiam
456 2359 574 2396 torma
593 2359 771 2397 orationis
791 2360 843 2397 illi
858 2362 970 2408 plane
989 2370 1058 2407 par
1076 2360 1282 2405 confirmet,
1302 2359 1406 2396 haud
1424 2358 1629 2396 absurdum

194 2414 303 2450 ruerit
331 2414 518 2451 coniicere
542 2415 638 2453 haec
669 2427 815 2464 quoque
846 2428 895 2453 ex
920 2417 1067 2454 Gabinii
1095 2417 1263 2453 oratione
1284 2428 1386 2453 esse.
1443 2415 1569 2463 Vulgo
1592 2415 1629 2451 in

194 2470 374 2507 Prisciani
401 2474 438 2507 et
465 2469 630 2508 Sallustii
659 2472 749 2509 edd.
775 2474 911 2521 legitur
936 2474 1038 2511 video
1056 2474 1275 2521 inqentia
1292 2473 1398 2509 -dona
1428 2473 1630 2520 quaesitum

191 2527 265 2562 ire
283 2530 570 2574 properantem,
600 2538 711 2575 quam
735 2530 906 2566 vitiosam
934 2530 1156 2577 scripturam
1177 2529 1351 2565 Krehlius
1373 2528 1545 2565 codicum
1565 2539 1629 2565 au-

193 2583 363 2620 ctoritate
382 2583 628 2621 emendavit..
650 2583 869 2632 Indiyentia,
890 2597 1003 2633 quam
1025 2585 1155 2634 Cicero
1185 2585 1320 2622 Tusce.
1338 2585 1402 2631 IV,
1422 2588 1458 2631 9,
1476 2588 1535 2624 21.
1567 2596 1630 2620 ex-

192 2639 307 2684 plicat
328 2639 509 2676 libidmem
530 2640 793 2688 inexplebilem,
817 2641 858 2678 h.
869 2643 894 2679 1.
914 2653 982 2678 eos
1002 2641 1200 2689 significat,
1222 2642 1284 2688 qui
1311 2642 1524 2690 inexplebili
1544 2640 1628 2685 (ho-

194 2696 344 2740 norum)
364 2695 517 2733 libidine
536 2697 783 2744 exagitantur,
802 2699 989 2737 abstracto
1008 2709 1077 2746 pro
1098 2702 1274 2734 concreto
1293 2699 1431 2745 posito,
1450 2697 1629 2745 quemad-

195 2750 347 2788 modum
375 2752 436 2789 Fr.
455 2753 515 2801 111,
535 2756 595 2798 82,
614 2757 674 2792 20.
703 2754 841 2791 man-ia
860 2754 994 2792 dicitur
1014 2755 1061 2790 de
1085 2755 1151 2801 iis,
1183 2755 1245 2800 qui
1271 2755 1440 2791 iniuriam
1477 2754 1627 2790 faciunt.
