1734 2996
556 621 924 665 FRIDERICUS
954 620 1238 664 KRITZIUS

804 745 842 776 S.
872 745 913 775 P.
935 745 983 775 D.

341 849 719 906 ERNESTO
778 849 1448 903 WUESTEMANNO.

264 1006 361 1070 Non
409 1030 467 1069 Te
507 1030 629 1083 fugit,
671 1032 999 1071 Wuestemanne
1039 1028 1272 1077 carissime,
1328 1027 1473 1078 viginti
1514 1038 1646 1079 paene

147 1097 297 1137 abhinc
343 1097 461 1138 annis
512 1109 577 1138 me
624 1098 804 1149 agitasse
848 1096 1063 1137 eonsilium
1110 1095 1359 1138 Sallustiana
1399 1097 1646 1146 Fragmenta

147 1165 286 1204 edere.
343 1165 396 1205 Ut
438 1170 573 1205 autem
604 1178 690 1207 rem
719 1166 790 1205 vix
827 1164 1060 1204 inchoatam
1096 1164 1229 1216 primo
1268 1164 1498 1214 differrem,
1548 1177 1645 1205 mox

147 1231 395 1282 omitterem,
420 1233 569 1282 quibus
593 1234 750 1275 caussis
782 1234 933 1273 sactum
963 1232 1028 1281 sit,
1058 1232 1142 1273 noli
1170 1243 1392 1283 quaerere;
1421 1234 1645 1273 nonnullae

145 1299 254 1340 enim
280 1299 472 1341 fortuitae
502 1302 616 1342 fuere
647 1313 695 1341 ac
724 1303 858 1350 leves,
893 1303 1034 1352 plures
1065 1301 1203 1352 paullo
1233 1300 1468 1351 graviores,
1499 1312 1644 1341 omnes

146 1378 247 1408 vero
277 1369 395 1416 tales,
424 1379 597 1417 quarum
625 1369 860 1409 meminisse
892 1369 1005 1408 haud
1034 1367 1158 1408 iuvet.
1218 1369 1277 1408 Ita
1306 1380 1431 1418 quum
1458 1373 1545 1409 tota
1575 1380 1643 1409 res

144 1433 240 1476 mihi
269 1434 478 1486 paullatim
506 1436 547 1476 in
566 1436 813 1477 oblivionem
839 1436 1043 1484 venisset,
1069 1446 1207 1486 neque
1233 1436 1408 1487 amplius
1439 1438 1492 1478 de
1522 1438 1643 1488 Frag-

144 1507 374 1543 mentorum
399 1503 567 1553 negotio
598 1504 835 1555 cogitarem,
865 1509 960 1544 ante
986 1509 1071 1544 tres
1102 1515 1233 1544 annos
1264 1504 1405 1545 amIcis
1434 1505 1642 1546 nonnullis

144 1571 326 1622 graviter
354 1581 418 1610 me
448 1571 782 1624 adhortantibus,
813 1577 859 1612 ut
887 1584 974 1612 rem
1006 1572 1101 1612 olim
1132 1573 1337 1622 inceptam
1374 1584 1641 1624 exsequerer,

144 1639 197 1679 ad
238 1637 485 1679 Sallustiana
528 1639 664 1679 studia
706 1640 786 1680 hoc
834 1640 1013 1690 impulsu
1049 1651 1269 1691 regressus
1308 1641 1428 1681 enixe
1473 1653 1643 1692 operam

144 1707 263 1755 dedi,
304 1712 351 1746 ut
396 1706 559 1746 illorum
604 1708 804 1747 voluntati
847 1707 1141 1748 satisfacerem.
1199 1708 1507 1758 Exspectationi
1544 1721 1642 1749 num

145 1773 438 1822 satisfecerim,
477 1773 567 1825 ipse
604 1774 768 1823 nesci03
817 1786 1066 1825 quamquam
1110 1775 1190 1814 hoc
1220 1775 1435 1816 affirmare·
1455 1789 1537 1817 non
1570 1777 1641 1817 du-

142 1842 241 1891 bito,
272 1852 427 1882 moram
457 1840 576 1889 illam,
605 1853 710 1891 quae
739 1842 843 1882 inter
870 1843 1074 1894 inceptam
1103 1847 1144 1882 et
1166 1843 1398 1883 absolutam
1419 1843 1640 1884 editionem

142 1908 398 1956 intercessit,
429 1909 533 1948 libro
563 1920 647 1948 non
677 1911 812 1950 solum
840 1922 923 1950 non
955 1911 1201 1951 detrimento
1231 1911 1379 1958 fuisse,
1404 1912 1499 1959 sed,
1531 1922 1639 1951 com—

144 1977 332 2029 pluribus
361 1976 519 2015 interea
547 1976 792 2016 adiumentis
819 1978 1125 2025 accedentibus,
1158 1978 1307 2027 quibus
1337 1978 1432 2017 olim
1456 1978 1553 2018 mihi
1575 1990 1638 2019 ca-

144 2043 318 2083 rendum
346 2042 503 2090 ruisset,
533 2053 722 2092 magnam
751 2045 938 2085 attulisse
960 2045 1183 2084 utilitatem.
1218 2046 1363 2095 Neque
1380 2045 1462 2086 hoc
1475 2058 1638 2096 vereor,

145 2121 199 2150 ne
237 2109 409 2150 edendis
449 2109 630 2149 Sallustii
666 2110 921 2161 Fragmentis
969 2112 1150 2153 inutilem
1187 2113 1371 2153 laborem
1408 2125 1457 2154 ac
1495 2126 1637 2166 super-

146 2188 373 2218 vacaneum
402 2177 677 2227 susceperim,
711 2178 864 2230 quippe
894 2192 1021 2231 quae,
1052 2180 1240 2230 quamvis
1275 2181 1637 2230 praestantissimis

145 2243 393 2295 antiquitatis
412 2244 595 2295 reliquiis
619 2249 928 2288 annumeranda
943 2253 1219 2298 accurataque
1236 2247 1470 2298 cognitione
1487 2249 1637 2300 dignis-

145 2312 267 2362 sima,
307 2312 441 2352 adhuc
477 2314 623 2353 eodem
657 2314 743 2354 rere
779 2320 886 2355 statu
924 2315 1026 2363 sint,
1066 2326 1148 2365 quo
1184 2315 1346 2355 Cortius
1383 2327 1433 2355 ea
1460 2316 1635 2367 reliquit,

145 2381 187 2420 id
216 2386 290 2429 est,
318 2380 359 2420 in
391 2391 549 2420 summa
577 2382 820 2422 confusione
847 2387 1044 2434 tantaque
1071 2383 1339 2431 obscuritate,
1372 2388 1418 2422 ut
1446 2383 1635 2434 exiguam

144 2453 214 2488 aut
251 2449 401 2488 nullam
440 2453 650 2498 praestent
674 2449 888 2490 utilitatem
925 2451 1176 2501 legentibus,
1210 2462 1258 2490 ac
1291 2451 1514 2491 litterarum
1551 2452 1635 2492 lati-

143 2527 288 2556 narum
317 2515 582 2564 Sallustiique
610 2517 821 2558 studiosos
849 2519 1107 2558 absterreant
1135 2519 1264 2569 magis
1292 2530 1413 2570 quam
1444 2519 1634 2559 alliciant.

145 2584 276 2633 Quum
313 2582 434 2633 igitur
462 2582 636 2623 dubitari
662 2596 745 2625 non
781 2586 932 2636 possit,
971 2586 1068 2637 quin
1101 2586 1150 2627 iis
1181 2586 1412 2637 religiosius
1444 2587 1634 2637 colligen-

147 2650 209 2690 dis
240 2661 289 2690 ac
317 2650 470 2690 maiore
501 2661 593 2691 cum
622 2661 720 2692 cura
750 2655 1036 2704 emendandis,
1066 2654 1320 2705 explicandis
1347 2654 1633 2706 disponendis-

147 2729 228 2767 que
256 2723 342 2758 tum
372 2718 527 2769 egregii
554 2716 732 2760 auctoris
761 2722 909 2763 honori
938 2725 1194 2771 consulatur,
1226 2728 1307 2763 tum
1335 2724 1476 2773 plures
1510 2734 1631 2772 quam

144 2784 225 2826 huc
249 2797 384 2838 usque
411 2787 463 2826 ad
493 2797 543 2828 ea
571 2787 795 2830 studiosius
831 2792 1046 2834 tractanda
1070 2791 1309 2841 invitentur,
1351 2802 1400 2831 eo
1432 2789 1532 2831 satis
1564 2801 1632 2830 ex·
