1774 3002
166 139 221 181 18
562 175 564 177 ,
651 140 689 177 C.
719 138 950 178 SALLUSTI
978 139 1129 179 CRISPI

303 271 370 313 16.
414 266 561 327 Atque
589 266 730 311 omnis
758 265 881 311 Italia
906 265 1061 312 animis
1087 259 1285 311 discedit.

302 353 368 397 17.
414 349 523 395 Post
548 348 837 395 defectionem
869 349 1090 396 sociorum
1121 351 1163 395 et
1186 348 1295 394 Lati.

163 489 308 525 sublato
338 487 472 524 eadem
492 489 610 524 verba
630 486 774 532 haberi,
798 498 893 534 quae
910 486 1066 525 Servius
1091 487 1229 533 attulit,
1259 486 1332 524 hae
1367 486 1449 522 sola
1470 485 1612 523 discre-

159 546 301 593 pantia,
319 544 419 592 quod
435 544 633 580 maioribus
646 548 732 591 post
747 549 851 592 yente
867 546 1015 592 legitur,
1034 544 1108 592 fuit
1124 549 1247 580 autem
1268 544 1387 588 deest,
1408 542 1511 580 haud
1526 554 1612 579 rara

160 613 234 647 res,
268 603 329 638 ubi
350 601 584 649 grammatici
611 601 832 649 scriptorum
856 604 974 638 verba
994 602 1207 637 memoriter
1230 600 1414 638 laudant..
1440 599 1611 637 Ceterum

159 660 298 695 Fronto
319 659 366 695 de
399 651 602 695 insolenter
623 663 804 705 usurpata
826 659 1050 706 antiquitatis
1080 669 1177 695 voce
1206 663 1307 694 recte
1330 657 1492 702 iudicat;
1523 668 1610 693 nam

161 719 291 752 contra
314 714 493 762 loquendi
515 714 828 750 consuetudinem
857 713 1059 751 Sallustius
1082 716 1315 752 substantivo
1341 725 1424 750 eam
1443 715 1520 752 vim
1547 714 1611 749 tri-

159 775 248 817 buit,
270 784 365 819 quae
388 770 644 808 tantummodo
666 772 703 806 in
728 771 905 808 adiectivi
922 772 1052 807 formis
1070 772 1254 818 antiquius
1275 775 1312 808 et
1325 772 1611 818 antiquassinmm

160 830 268 874 inest,
289 840 461 876 quaeque
486 839 531 864 eo
553 831 712 873 constat,
733 827 835 874 quod
850 828 924 863 non
942 829 1114 875 temporis
1130 829 1261 863 remoti
1281 839 1324 864 ac
1346 827 1488 863 dudum
1503 838 1611 875 prae-

159 887 335 933 terlapsi,
360 885 429 922 sed
451 885 520 921 loci
533 888 642 932 alque
656 885 798 921 ordinis
815 886 1008 932 prioris
1033 889 1068 920 et
1082 888 1233 931 propter
1253 885 1292 920 id
1313 885 1437 931 ipsum
1461 886 1611 931 gravio-

156 944 208 978 ris
230 954 274 978 ac
296 943 466 978 melioris
487 942 601 986 notio,
627 953 673 977 ex
694 945 779 977 ante
797 952 892 978 voce
913 941 1133 988 repetenda,
1157 952 1228 977 usu
1249 942 1426 987 obtinuit3
1448 941 1494 977 cs.
1515 941 1611 977 Doe-

158 999 293 1035 derlin.
320 998 531 1046 Synonym.
561 993 639 1034 Lat.
665 999 751 1034 Vol.
773 998 837 1034 IV.
859 1010 898 1044 p.
928 1001 975 1036 82
997 1003 1032 1034 et
1063 998 1228 1035 Gronov.
1260 1009 1303 1034 ac
1323 997 1608 1047 Drakenborch.

157 1056 207 1092 ad
227 1055 310 1093 Liv.
331 1055 358 1100 I,
382 1058 443 1100 32,
465 1059 501 1092 2.
519 1056 579 1101 qui
605 1056 720 1090 multa
743 1056 916 1101 exempla
937 1055 1182 1102 collegerunt.
1242 1053 1387 1091 Sensus
1412 1055 1609 1102 fragmenti

156 1117 231 1148 est:
255 1112 464 1159 Tantopere
486 1112 649 1148 maiores
666 1114 917 1159 respexerunt
934 1115 1043 1157 atque
1058 1115 1240 1152 ,curarunt
1261 1116 1410 1158 gentem
1429 1111 1607 1148 Italicam.

156 1169 266 1214 Quod
289 1180 364 1205 non
386 1172 582 1205 assecutus
604 1168 732 1204 Douza
753 1179 821 1215 pro
847 1169 1070 1216 antiquitatis
1098 1169 1259 1204 coniecit
1287 1169 1504 1214 anxietatis,
1533 1168 1608 1203 De-

155 1227 326 1263 brossius
348 1237 440 1263 vero
462 1226 675 1273 aequitatis,
717 1229 914 1271 utrumque
938 1225 1069 1272 pingui
1103 1225 1287 1262 Minerva.
1346 1225 1478 1272 Neque
1507 1232 1608 1261 com-

155 1283 354 1319 mendatur
374 1283 552 1319 Gronovii
576 1283 601 1317 l.
626 1282 650 1317 l.
677 1282 876 1329 explicatio
889 1311 897 1326 ‚
924 1282 986 1328 qui
1007 1281 1167 1329 figuram
1181 1278 1229 1318 ἓν
1245 1272 1312 1318 διὰ
1330 1278 1446 1318 δυοῖν
1463 1283 1501 1318 in
1523 1292 1608 1318 ver-

154 1339 211 1375 bis
238 1350 453 1387 agnoscens
477 1340 737 1385 interpretatur
759 1342 896 1375 lantum
919 1340 1092 1385 antiquae
1112 1342 1146 1375 et
1163 1340 1313 1386 primae
1328 1348 1456 1375 curae.
1515 1337 1608 1375 Sen-

154 1397 269 1432 tentia
291 1400 420 1443 aperte
443 1395 611 1432 declarat
630 1394 848 1431 Sallustium
870 1395 966 1431 haec
989 1395 1147 1440 dixisse,
1178 1407 1291 1442 quum
1313 1395 1361 1431 de
1382 1395 1530 1432 caussis
1554 1399 1607 1431 at-

155 1464 226 1499 que
257 1457 340 1489 ortu
361 1453 448 1490 belli
476 1452 592 1488 It-alici
614 1453 696 1489 sive
720 1453 872 1488 socialis
903 1455 1045 1498 ageret.
1105 1452 1211 1496 Quae
1233 1463 1346 1500 quum
1368 1462 1513 1488 summa
1533 1451 1607 1487 Ro-

152 1520 348 1546 manorum
369 1510 563 1556 iniquitate
587 1514 815 1553 constarent,
836 1509 974 1545 Italicis
999 1510 1160 1555 superbe
1181 1509 1410 1557 negantium,
1431 1507 1533 1555 quod
1554 1509 1604 1544 illi

153 1577 222 1602 suo
248 1567 328 1602 iure
355 1567 591 1613 postularent
613 1567 669 1610 (v.
692 1566 829 1602 Vellei.
851 1565 894 1610 II,
927 1568 970 1603 15
992 1569 1027 1610 2,
1056 1566 1155 1600 Flor.
1178 1566 1248 1611 III,
1272 1567 1334 1611 18,
1361 1565 1431 1611 3.),
1462 1569 1604 1610 auctor,

153 1633 225 1669 quo
260 1623 383 1670 magis
417 1622 513 1659 haec
552 1622 731 1668 iniquitas
767 1625 936 1670 pateret,
977 1633 1061 1658 cum
1093 1623 1276 1659 maiorum
1306 1623 1492 1669 aequitate
1521 1633 1604 1658 eam

152 1679 401 1727 comparavit.
462 1678 654 1715 Putandus
697 1683 753 1714 est
792 1679 905 1725 igitur
946 1679 984 1714 in
1015 1679 1084 1722 iis,
1123 1690 1220 1725 quae
1253 1679 1326 1715 hoc
1354 1679 1603 1725 fragmentum

148 1740 463 1783 praecesserunt,
497 1739 633 1772 cuncta
666 1735 919 1771 Romanorum
954 1735 1120 1771 instituta
1146 1739 1256 1782 atque
1280 1735 1386 1783 leges
1409 1735 1458 1772 de
1488 1736 1603 1772 sociis
1637 1730 1641 1739 ⁸

149 1792 268 1830 Italici
301 1793 463 1829 nominis
485 1792 656 1840 tetigisse
670 1821 679 1837 ,
715 1793 849 1839 quibus
881 1796 1051 1828 sanctum
1072 1792 1138 1827 suit
1151 1820 1160 1836 ,
1194 1796 1233 1828 ut
1253 1793 1316 1828 alii
1335 1802 1471 1828 revera
1488 1792 1604 1840 plena

150 1850 302 1887 civitate
347 1860 432 1886 cum
465 1848 649 1896 suffragio
689 1849 940 1894 donarentur,
982 1849 1068 1884 aliis
1103 1853 1203 1900 certe
1243 1848 1366 1886 aditus
1395 1849 1444 1885 ad
1473 1849 1603 1886 civita-

149 1911 223 1943 tem
258 1907 412 1944 -sacilius
453 1909 623 1954 pateret:
665 1917 761 1953 quae
789 1906 992 1943 maximam
1020 1909 1166 1953 partem
1186 1907 1306 1943 verba
1334 1909 1420 1942 sunt
1450 1905 1601 1941 Linkeri

149 1963 356 2000 acutissimi
395 1962 442 1999 de
472 1962 565 2000 Sall.
593 1962 752 1999 Historr.
781 1963 942 1999 Prooem
971 1973 1010 2009 p.
1043 1964 1102 2001 57.
1133 1961 1375 2007 Gerlachius,
1408 1963 1468 1999 cui
1491 1963 1601 1998 etiam

149 2021 421 2057 obscurissima
459 2016 669 2067 fragmenta
709 2020 930 2067 plerumque
968 2019 1052 2055 luce
1091 2023 1177 2056 sunt
1209 2019 1389 2064 clariora,
1426 2019 1513 2055 Vol.
1540 2018 1601 2054 ΙΙΙ.

148 2089 186 2124 p.
212 2079 292 2115 126.
356 2078 510 2122 „Quem
525 2106 534 2121 ,
575 2077 714 2123 inquit,
753 2076 840 2113 huic
864 2078 1073 2124 fragmento
1094 2076 1219 2113 locum
1240 2076 1434 2123 assignem
1454 2076 1599 2112 neseio.

146 2134 267 2180 potuit
301 2134 587 2169 commemorari
619 2134 655 2169 in
686 2134 835 2169 caussis
865 2133 953 2169 belli
989 2133 1111 2174 civilis
1142 2132 1384 2178 enarrandis,
1430 2132 1493 2171 ubi
1517 2132 1600 2168 eius

124 2223 126 2225 ,
147 2190 328 2238 temporis
348 2190 638 2236 perversitatem
661 2200 745 2225 cum
762 2191 918 2236 priscae
944 2191 1072 2225 aetatis
1093 2190 1299 2226 innocentia
1316 2190 1598 2237 comparabat.“

126 2241 131 2245 ⁹
260 2247 322 2283 Fr.
342 2248 400 2285 16.
435 2245 566 2291 [Deest
587 2246 689 2292 apud
710 2245 807 2281 Cort.
830 2250 866 2281 et
886 2246 998 2282 Debr.
1028 2265 1084 2270 —
1104 2245 1203 2282 Gerl.
1232 2246 1294 2283 ed.
1318 2247 1411 2283 mai.
1427 2245 1515 2283 Vol.
1535 2245 1598 2281 111.

118 2332 123 2335 .
146 2314 184 2351 p.
210 2305 292 2342 146.
314 2313 351 2345 n.
366 2304 449 2340 232.
473 2301 541 2338 ed:
559 2302 657 2338 min.¹
671 2303 697 2347 Ι,
721 2305 780 2340 25.
797 2313 836 2348 p.
859 2304 938 2345 184,
964 2303 1038 2347 18.]
1071 2302 1198 2339 Verba
1220 2303 1301 2339 sine
1322 2303 1406 2340 libri
1427 2306 1516 2339 nota
1536 2312 1599 2338 ex-

148 2362 249 2397 stant
269 2358 521 2407 apud'Schol.
544 2357 594 2395 ad
616 2359 756 2394 Lucan.
778 2357 911 2394 Phars.
931 2357 996 2403 III,
1023 2361 1107 2397 632.
1165 2358 1270 2395 Idem
1291 2370 1337 2396 ea
1359 2359 1409 2396 ad
1427 2359 1492 2404 VI,
1513 2359 1594 2396 348.

148 2417 205 2453 sic
225 2415 355 2452 affert:
394 2418 504 2463 atque
529 2416 645 2452 omnis
666 2414 778 2457 Italia
800 2414 1032 2451 discessit
1056 2417 1249 2462 animis,
1273 2427 1384 2463 ,quae
1405 2415 1501 2454 levis
1521 2414 1597 2450 dis-

146 2474 343 2520 crepantia
370 2472 575 2509 memoriae
597 2473 707 2519 lapsu
731 2471 860 2508 deberi
884 2471 1047 2508 videtur.
1106 2472 1306 2509 Discedere
1331 2482 1444 2519 quum
1468 2470 1595 2508 Schol.

146 2531 184 2566 ll.
205 2529 245 2566 ll.
269 2529 431 2577 explicet
459 2529 579 2575 dividi,
602 2529 796 2576 separari,
827 2538 963 2564 sensus
982 2530 1185 2565 verborum
1206 2533 1285 2579 est:
1316 2538 1447 2564 omnes
1467 2522 1594 2563 Italiae

144 2586 275 2634 populi
299 2596 445 2627 summa
474 2586 683 2622 animorum
711 2585 960 2621 commotione
994 2585 1031 2621 in
1055 2585 1228 2623 diversas
1257 2588 1383 2634 partes
1412 2585 1593 2628 abierunt,
1630 2623 1633 2626 ⁴

147 2654 218 2680 seu
247 2644 422 2680 diversas
455 2643 494 2678 in
527 2643 641 2679 armis
669 2641 842 2679 civilibus
869 2645 996 2690 partes
1030 2644 1147 2679 secuti
1184 2646 1282 2679 sunt.
1341 2640 1451 2686 Quod
1481 2651 1594 2688 quum

147 2701 245 2738 bello
266 2700 398 2746 socIali
422 2700 560 2736 factum
582 2700 647 2745 sit,
672 2699 843 2736 omnibus
864 2698 942 2734 fere
963 2699 1099 2735 Italicis
1124 2711 1147 2736 a
1161 2699 1414 2737 Romanorum
1435 2697 1592 2745 imperio

146 2756 457 2802 desciscentibus,
480 2759 545 2796 vix
561 2756 719 2795 dubitari
743 2761 878 2805 potest,
903 2758 989 2803 quin
1011 2755 1106 2794 haec
1122 2756 1238 2794 verba
1260 2755 1308 2794 ibi
1331 2756 1426 2794 lecta
1445 2754 1591 2805 suerint,
