1774 3002
108 185 164 229 58
518 161 520 163 ’
591 188 630 226 c.
667 188 896 227 SALLusrl
929 187 1080 227 crustu

109 330 230 362 arma
257 313 476 361 conditam
501 331 527 361 a
546 314 784 361 maioribus
812 314 927 371 suis,
961 315 1110 377 utique
1130 315 1226 361 iura
1247 316 1291 360 et
1309 313 1469 360 iudicia
1491 313 1562 359 si-
1600 314 1609 320 ’

109 401 241 446 bimet
258 401 596 461 extorquerent,
631 400 819 461 egregia
838 400 1002 445 scilicet
1028 401 1250 456 mercede,
1280 412 1415 460 quum
1441 398 1562 445 rele-

109 484 201 546 gati
228 484 271 529 in
289 484 476 544 paludes
496 486 539 529 et
564 465 700 530 silras
723 484 1029 530 contumeliam
1047 485 1179 545 atque
1197 483 1403 529 invidiam
1418 493 1557 539 suam,

107 569 301 630 praemia
318 581 456 628 penes
474 581 642 628 paucos
661 567 977 629 intellegerint.·
1014 568 1160 624 Quare
1180 567 1316 628 igitur
1332 569 1454 612 tanto
1472 562 1562 628 agi-⁵
1571 579 1620 615 24

107 653 222 699 mine
250 654 382 714 atque
408 651 562 697 animis
594 652 786 698 incedit?
842 652 954 708 Quia
981 652 1202 698 secundae
1229 665 1301 696 res
1330 651 1436 696 mire
1458 654 1561 696 sunt

108 737 225 783 vitiis
245 735 469 794 obtentui3
495 735 655 797 quibus
675 735 916 794 labefactiS,
937 750 1069 799 quam
1088 734 1348 783 formidatus
1367 735 1449 791 est,
1470 735 1559 782 talu

99 886 243 923 parum
260 872 380 923 fidere
393 874 521 922 possit.
559 893 615 899 -—
645 873 799 922 Aymine
819 887 895 912 non
918 880 976 913 est
997 876 1153 922 impetu,
1181 876 1221 909 ut
1240 873 1419 910 Wassius
1447 875 1560 911 inter-

107 936 295 979 pretatur,
323 931 393 968 sed
421 933 592 968 comitatu
619 933 812 969 satellitum
833 936 868 969 et
894 934 1145 976 asseclarum,
1166 941 1262 977 quae
1283 941 1345 967 res
1371 931 1559 968 invidiose

107 991 264 1037 agminis
289 989 474 1024 vocabulo
503 991 674 1036 augetur.
710 1010 768 1015 —
798 990 921 1026 Animi
943 991 989 1026 de
1018 999 1092 1024 uno
1122 987 1274 1023 homine
1298 987 1437 1024 dictum
1459 989 1562 1025 valet

105 1047 270 1094 fastum,
299 1047 554 1093 arroyantiam
577 1048 611 1081 et
629 1045 830 1092 ferociam:
870 1047 918 1082 cf.
939 1048 1090 1093 Fragm.
1112 1043 1176 1088 ΙΙΙ,
1207 1046 1267 1089 82,
1290 1049 1346 1082 10.
1385 1045 1561 1081 Lucullus

106 1104 302 1151 superiore
330 1113 428 1138 anno
461 1103 653 1149 quantis
691 1104 860 1139 animis
905 1105 990 1140 ierit
1016 1104 1055 1139 in
1082 1101 1125 1136 L.
1153 1099 1375 1147 Quinc-tcum,
1411 1101 1558 1138 vidistis.

107 1161 190 1197 Liv.
211 1158 386 1203 XXXIII,
410 1162 474 1203 46,
492 1162 528 1196 4.
570 1157 751 1203 Quaestor
777 1162 851 1196 iam
868 1172 944 1208 pro
960 1160 1102 1208 futuris
1126 1168 1214 1193 mox
1235 1158 1363 1205 opibus
1382 1159 1561 1195 animos

105 1216 267 1265 gerebat.
296 1228 336 1253 v.
365 1215 649 1252 Drakenborch.
678 1216 726 1252 ad
750 1218 801 1262 II,
823 1219 882 1262 27,
911 1221 968 1255 12.
996 1221 1031 1252 et
1063 1214 1112 1251 ad
1133 1214 1205 1258 VI,
1233 1216 1297 1259 23,
1327 1217 1364 1253 8.
1415 1214 1559 1251 Eodem

108 1284 224 1310 sensu
245 1273 355 1309 etiam
373 1273 526 1320 spiritus
543 1273 767 1309 vocabulum
786 1277 985 1321 usurpatur
996 1285 1006 1319 ;
1030 1285 1069 1310 v.
1086 1270 1278 1308 Matthiam
1299 1271 1350 1307 ad
1371 1270 1450 1307 Cic.
1465 1275 1559 1309 orat.

106 1343 145 1379 p.
168 1331 244 1377 leg.
261 1330 363 1366 Man.
384 1341 417 1365 c.
439 1329 552 1374 XXII,
573 1331 632 1367 66.
665 1334 701 1365 et
724 1330 885 1378 Herzog.
908 1330 957 1366 ad
979 1330 1088 1367 Caes.
1114 1328 1157 1363 B.
1181 1327 1223 1363 G.
1246 1328 1273 1372 l,
1303 1330 1372 1373 333
1395 1328 1442 1363 de
1462 1331 1561 1364 utro-

108 1398 180 1435 que
201 1386 278 1434 egit
296 1386 440 1433 Zumpt.
463 1385 627 1422 Gramm.
655 1381 733 1422 Lat.
754 1398 786 1423 c.
808 1391 872 1432 22,
905 1388 975 1436 111,
1004 1392 1036 1426 1.
1059 1388 1135 1435 not.
1154 1395 1196 1432 p.
1215 1386 1275 1423 89-
1303 1383 1364 1420 ed.
1386 1385 1483 1421 vlu.
1504 1405 1560 1411 —

106 1443 270 1490 Incedit,
296 1443 397 1490 quod
411 1445 455 1478 et
474 1443 598 1490 ipsum
619 1443 738 1480 fastus
761 1444 951 1480 notionem
970 1444 1093 1488 habet,
1127 1442 1199 1477 iam
1221 1441 1489 1478 illustravimus
1511 1441 1560 1477 ad

107 1503 187 1549 lug.
209 1512 243 1536 c.
266 1499 400 1546 XXXI,
427 1504 485 1539 10.
505 1518 564 1525 ——
581 1499 709 1536 Verba
722 1501 908 1538 secundae
928 1511 990 1538 res
1012 1501 1105 1536 mire
1133 1501 1221 1535 sunt
1233 1499 1326 1535 vitiis·
1343 1498 1562 1535 obtentui

108 1557 254 1594 Coruus
275 1559 372 1593 bene
393 1557 447 1593 sic
470 1557 753 1603 interpretatur:
778 1558 1013 1603 „Secundae
1034 1569 1095 1593 res
1121 1554 1340 1603 impediuut,
1361 1557 1560 1603 quominus

107 1614 199 1651 vitia
232 1614 425 1651 hominum
455 1613 584 1650 *statim
615 1615 913 1661 perspiciantur;
955 1626 1051 1662 quae
1087 1614 1118 1649 si
1155 1613 1192 1648 in
1213 1611 1317 1650 Sulla
1339 1623 1362 1648 a
1383 1612 1559 1650 militibus

106 1672 438 1719 cognoscerentur,
462 1670 583 1707 statim
605 1671 764 1707 sortasse
785 1672 888 1708 illum
911 1671 1168 1708 dese1·erent.“
1215 1669 1382 1706 obtentui
1397 1675 1478 1705 esse
1497 1680 1559 1703 eo-

108 1727 193 1764 dem
215 1727 328 1764 modo
352 1726 498 1772 dicitur,
521 1730 560 1762 ut
579 1729 734 1764 ostentat
749 1737 847 1773 esse,
870 1728 917 1764 de
939 1739 1011 1775 quo
1031 1741 1069 1765 v.
1091 1726 1141 1762 ad
1160 1727 1242 1772 lug.
1266 1736 1298 1761 c.
1322 1724 1457 1770 XXIV,
1478 1730 1557 1769 10.;

107 1795 193 1822 nam
214 1787 254 1821 ut
279 1783 352 1821 hoc
373 1785 475 1820 valet
504 1784 658 1820 alicuius
678 1786 737 1821 rei
753 1781 941 1832 aspectum
957 1783 1161 1832 praebere,
1193 1783 1242 1818 ita
1272 1781 1345 1818 hoc
1372 1782 1558 1829 signifieat

107 1843 268 1890 aliquam
287 1851 367 1878 rem
394 1844 514 1889 teyere
533 1843 567 1877 et
589 1842 697 1888 quasi
714 1844 881 1889 aspectui
901 1841 1140 1881 subtrahere5
1173 1840 1220 1876 cf.
1243 1838 1445 1875 Botticheri
1466 1840 1555 1876 Lex.

106 1899 225 1936 Tacit.
239 1912 247 1919 ·
255 1910 293 1946 p.
310 1900 394 1938 327.
410 1916 412 1918 v
443 1898 550 1934 Hunc
568 1898 691 1935 locum
706 1897 876 1935 Sallustii
896 1899 1063 1936 laudavit
1083 1896 1266 1944 Porphyr.
1285 1895 1334 1932 ad
1349 1895 1437 1931 Hor.
1459 1895 1555 1943 Epp.

106 1957 142 2001 I,
166 1958 230 2001 18,
250 1958 336 2001 29.;
370 1954 532 1991 eundern
556 1953 703 1991 Seneca
734 1957 905 1993 tractavit
926 1955 1166 1992 Controvers.
1189 1953 1252 1998 IV,
1281 1953 1340 1990 24.
1370 1953 1488 1989 verba
1509 1963 1557 1988 ex

107 2012 332 2076 Thucydide
363 2022 547 2059 expressa
578 2011 729 2057 dicens,
767 2016 803 2048 et
835 2013 988 2049 Graecis
1017 2011 1199 2061 brevitate
1229 2012 1435 2057 praestare.
1477 2008 1557 2047 Sed

107 2069 312 2105 memoriae
352 2070 463 2115 lapsu
499 2068 633 2116 Thue3
635 2068 762 2105 didem
805 2070 1011 2107 nominavit
1048 2079 1117 2116 pro
1146 2065 1417 2110 Demosthene,
1456 2066 1557 2113 apud

107 2136 219 2173 quem
239 2125 316 2173 illa,
340 2136 436 2188 quae
457 2136 541 2162 cum
563 2125 800 2163 Sallustianis
822 2126 1067 2189 comparavit,
1088 2126 1262 2172 leguntur
1287 2122 1324 2158 in
1341 2122 1494 2169 Olynth.
1512 2123 1556 2167 ΙΙ,

106 2194 145 2230 p.
175 2184 234 2220 23.
292 2177 353 2217 Αἰ
382 2193 460 2232 γαρ
491 2172 696 2231 εὐπραξίαι
733 2178 858 2220 δειναὶ
896 2174 1127 2233 συγκρυψαι
1160 2175 1229 2217 καὶ
1264 2171 1477 2216 συσκιάσαι
1508 2171 1559 2216 τὰ

106 2235 269 2276 τοιαῦτα
297 2227 441 2286 ὀνείδη.
468 2258 525 2263 —-
544 2238 753 2286 Labefactis
774 2251 857 2275 cum
880 2238 1076 2276 Gerlachio
1099 2241 1134 2272 et
1156 2236 1294 2274 Orellio
1316 2246 1364 2272 ex
1384 2235 1556 2274 omnibus

108 2294 222 2332 codd.
243 2294 418 2358 reposui;
444 2294 544 2341 apud
562 2293 723 2330 Cortium
746 2300 781 2331 et
797 2296 833 2331 in
850 2296 1036 2343 prioribus
1052 2293 1140 2330 edd.
1164 2294 1298 2341 legitur
1313 2291 1555 2340 labefactatis.

106 2372 163 2378 —-
188 2351 243 2387 De
262 2351 300 2389 vi
321 2351 585 2398 particularum
618 2362 729 2398 quam
749 2372 806 2377 -—
835 2355 908 2388 tam
933 2365 969 2390 v.
1001 2351 1050 2387 ad
1072 2351 1151 2398 lug.
1185 2362 1216 2386 c.
1241 2349 1382 2395 XXXI,
1406 2353 1460 2388 14.
1498 2369 1556 2376 —-

107 2409 196 2445 Post
213 2407 438 2456 formidatus
457 2409 495 2444 in
518 2407 642 2450 multis
663 2407 750 2444 edd.
786 2410 899 2456 antiq.
926 2408 1060 2455 legitur
1083 2410 1213 2451 antea,
1244 2407 1345 2454 quod
1372 2418 1421 2443 ex
1450 2417 1554 2443 mera

107 2465 395 2512 interpolatione
414 2465 564 2502 illatum
577 2469 646 2500 est.
666 2485 722 2490 —
747 2465 851 2509 Quae
869 2469 1073 2513 sequuntur
1094 2465 1210 2500 verba
1229 2465 1302 2500 nisi
1317 2463 1417 2511 forte
1433 2465 1556 2511 specie

106 2519 267 2559 condet
281 2532 372 2569 pac.
396 2523 570 2566 alteram,
599 2520 776 2558 sedcum
803 2522 923 2559 ironia
943 2522 1126 2569 prolatam
1155 2521 1441 2568 responsionem
1467 2531 1554 2556 con-
1590 2567 1593 2570 s

107 2579 225 2615 tinent
244 2578 295 2614 ad
326 2579 656 2626 interrogationem
676 2588 794 2627 quare
815 2582 912 2616 tanto
942 2580 1084 2626 aymine
1110 2581 1218 2626 atque
1238 2578 1368 2614 animis
1395 2576 1555 2613 incedit?

109 2635 370 2683 Supplendum
392 2638 449 2671 est
470 2636 581 2682 igitur
604 2637 866 2683 tanto'aqmine
887 2636 1033 2672 incedit.
1073 2641 1123 2660 -’-
1163 2636 1234 2670 Pro
1262 2634 1384 2683 specie
1405 2634 1443 2669 in
1463 2645 1553 2670 non-

109 2692 220 2729 nullis
243 2692 328 2728 edd.
350 2692 487 2739 antiqq.
515 2697 550 2728 et
571 2692 672 2740 apud
692 2693 900 2729 Weissium
932 2694 1056 2739 inepto
1081 2702 1197 2728 sensu
1227 2693 1263 2726 et
1290 2693 1418 2727 contra
1443 2690 1552 2726 codd.

109 2750 243 2797 legitur
261 2759 349 2797 spe;
378 2749 482 2787 Sulla
505 2750 602 2785 enim
624 2760 699 2786 non
726 2759 884 2798 sperare
912 2750 1063 2786 iubebat
1090 2758 1220 2796 pacem
1242 2749 1279 2783 et
1298 2746 1551 2793 concordiam,

111 2804 180 2849 sed
203 2817 246 2843 se
274 2806 483 2844 restituisse
513 2817 557 2843 ac
587 2805 832 2844 confirmasse
861 2807 1122 2857 gloriabatur.'
1143 2825 1200 2831 —-
1235 2803 1445 2842 Parricidia
1469 2804 1492 2840 i.
1521 2815 1554 2842 e.
