1774 3002
500 173 830 214 HISTORIARUM
858 171 1170 219 FRAGMENTA.
1229 171 1318 208 LIB.
1349 171 1413 207 IV.
1581 164 1665 208 321

174 315 219 352 ιι
225 302 544 363 pulcherruma.
581 298 715 359 Apud
735 297 941 358 Cyzicum
966 310 1130 357 magno
1159 309 1258 341 cum
1284 295 1489 340 exercitu.
1509 294 1552 340 in
1580 295 1668 340 ob-

225 385 340 431 sidio
373 384 557 430 moranti
593 384 856 429 frumentum
887 381 1046 435 defuit,
1076 379 1199 424 nullo
1226 378 1386 423 circum
1420 377 1664 435 annitente3

224 469 355 533 simul
390 467 529 513 hiems
564 466 672 512 mari
714 464 983 524 prohibebat.
1044 461 1107 507 lta
1137 461 1232 506 sine
1270 461 1316 506 vi
1359 460 1551 506 hostium
1589 475 1665 506 re-

224 550 350 612 gredi
388 552 573 609 conatus
607 549 652 594 in
689 547 877 608 patrium
912 559 1100 607 regnum
1135 543 1381 604 naufragiis
1420 544 1538 604 apud
1572 544 1665 590 Pa-

223 635 334 680 rium
363 637 408 678 et
427 632 682 678 Heracleam
706 630 890 676 militum
916 632 1123 689 optumos
1154 643 1251 673 cum
1276 627 1496 673 classibus
1523 628 1662 674 amisi.

172 716 441 762 15Restituto
472 715 628 760 deinde
652 714 769 774 apud
800 712 958 759 Cabira
986 712 1203 766 exercitu,
1231 714 1275 756 et
1301 710 1435 756 variis
1462 711 1575 757 inter
1593 727 1663 758 me

224 804 355 860 atque
396 799 624 844 Lucullum
660 797 860 857 proeliis,
904 796 1050 855 inopia
1092 808 1246 840 rursus
1279 794 1433 839 ambos
1470 795 1661 842 incessit.

222 882 288 928 Illi
318 881 496 928 suberat
525 878 711 942 regnum
730 863 1042 925 Ariobarzanis
1062 875 1177 923 bello
1208 876 1438 944 intactum,
1466 893 1555 939 ego
1577 894 1662 926 va-

335 1023 370 1063 S.
395 1022 453 1058 14.
489 1018 590 1055 nullo
611 1019 750 1068 circum
770 1016 974 1060 armitente)
991 1015 1016 1052 i.
1035 1026 1071 1052 e.
1088 1016 1189 1051 nullo
1211 1015 1412 1060 sociorum,
1435 1016 1497 1062 qui
1518 1017 1659 1054 circum

223 1081 350 1124 erant,
377 1077 474 1112 vires
498 1076 692 1111 mtentente
711 1073 764 1110 ad
789 1084 851 1109 me
870 1071 1098 1117 iuvandum;
1121 1072 1169 1107 cf.
1192 1070 1299 1107 Catil.
1326 1083 1359 1110 c.
1378 1071 1478 1116 XIX,
1497 1076 1534 1111 2.
1570 1073 1659 1110 Piso

221 1135 260 1169 in
275 1133 496 1179 Hispaniam
515 1135 688 1179 quaestor
703 1132 837 1166 missus
854 1133 910 1165 es!
929 1130 1172 1165 annitente
1192 1128 1339 1165 Crasso.
1376 1129 1458 1176 lug.
1478 1129 1658 1175 LXXXV,

222 1191 284 1228 47.
321 1189 602 1225 ,innitimini
622 1197 775 1231 mecum,
795 1190 831 1221 et
846 1187 1024 1232 capessite
1041 1185 1315 1232 rempublicam.
1336 1205 1392 1210 ——
1414 1185 1542 1222 Hiems
1562 1190 1662 1223 mari

216 1245 445 1307 prolabebat,
478 1256 533 1280 sc.
572 1245 793 1280 frumentum
831 1242 981 1287 afferri;
1015 1243 1065 1303 σιξ
1097 1242 1261 1288 Appian.
1296 1241 1342 1277 B.
1375 1242 1498 1278 Mithr.
1531 1254 1566 1279 c.
1599 1245 1656 1282 76.

224 1293 507 1364 Μιθριδάτου
514 1295 557 1336 δὲ
586 1291 730 1349 χειμὼν
756 1288 1065 1348 ἕπιγενόμενος’
1041 1291 1223 1348 αφῄρητο
1245 1293 1312 1334 καὶ
1331 1289 1405 1346 τὴν
1424 1294 1468 1334 ἐκ
1486 1297 1556 1347 τῆς
1576 1299 1656 1335 θα-

224 1351 362 1407 lat-rm·
380 1347 564 1411 ἇγιιράν.
571 1376 630 1382 -
656 1356 819 1403 Reyredi
840 1359 1046 1391 conatus
1069 1355 1218 1392 Vat.1.
1250 1358 1286 1390 et
1312 1358 1348 1391 2.
1377 1360 1477 1391 recte
1504 1358 1658 1402 praebet

223 1425 296 1462 pro
320 1415 471 1461 vulgato
498 1423 596 1460 reqr.
625 1416 841 1455 coactus;
873 1411 974 1461 quod
1005 1421 1228 1457 quamquam
1258 1412 1404 1448 veritati
1434 1416 1491 1447 est
1519 1423 1657 1449 conve-

155 1487 158 1489 ·
226 1471 353 1515 niens,
382 1474 512 1506 tamen
534 1468 646 1505 illud
657 1467 879 1504 Mithridatis
909 1468 1066 1505 consilio
1095 1468 1289 1503 veritatem
1316 1468 1503 1514 speciosis
1529 1470 1655 1506 verbis

224 1526 375 1575 tegendi
401 1527 511 1562 unice
540 1524 756 1572 respondet.
782 1543 839 1550 —
866 1524 920 1560 De
942 1524 1139 1571 naufragio
1160 1522 1261 1570 apud
1279 1523 1434 1560 Parium
1454 1536 1492 1561 v.
1512 1525 1575 1562 Fr.
1594 1526 1655 1570 111,

222 1587 284 1622 35.
324 1583 449 1630 Vulgo
470 1593 607 1619 nomen
627 1586 800 1628 corrupte
820 1581 997 1628 scriptum
1018 1584 1076 1617 est
1095 1580 1237 1617 Parum
1259 1581 1320 1616 vel
1337 1581 1514 1617 Parvum.

221 1643 226 1646 “
333 1643 447 1682 s.15.
487 1639 591 1687 apud
617 1638 769 1682 cabira)
807 1638 848 1672 In
883 1636 997 1673 codd.
1030 1637 1202 1674 omnibus
1237 1641 1295 1673 est
1327 1638 1435 1685 apud
1463 1637 1654 1684 Caberam,

220 1708 331 1744 quam
352 1697 523 1739 formam,
545 1696 591 1732 ab
611 1694 763 1739 Orellio,
784 1693 983 1730 Gerlaehio
1002 1698 1038 1729 et
1055 1694 1084 1729 F
1085 1695 1177 1730 abro
1198 1698 1407 1756 receptam,
1434 1706 1546 1741 quum
1568 1707 1655 1732 con-

221 1754 331 1790 stanti
351 1753 518 1789 omnium
539 1753 762 1799 scrIptorum
783 1762 855 1787 usu
877 1761 1015 1786 nomen
1035 1751 1137 1787 urbis
1160 1751 1206 1787 sit
1225 1742 1274 1787 τὰ
1292 1743 1473 1801 Κάβειρα
1487 1753 1544 1797 (v.
1558 1753 1592 1788 F
1593 1764 1653 1788 or

218 1810 340 1857 biger.
363 1809 500 1856 Geogr.
520 1809 634 1855 antiq.
652 1808 739 1844 Vol.
760 1807 821 1843 111.
839 1819 879 1855 p.
900 1804 1024 1855 426.‚)
1046 1808 1251 1843 scribarum
1271 1808 1505 1854 ignorantiae
1527 1809 1654 1846 deberi

222 1866 380 1902 dubitari
408 1866 548 1911 nequit.
587 1864 665 1901 Sed
691 1875 738 1899 ne
760 1864 902 1900 Cabera
929 1863 1080 1909 quidem
1110 1868 1241 1899 neutro
1262 1875 1400 1911 genere
1419 1865 1654 1911 probandum

220 1919 381 1966 videtur,
397 1921 572 1967 quoniam
590 1931 624 1956 ει
644 1919 901 1966 diphthongus
925 1920 1075 1955 nonnisi
1094 1924 1272 1966 sequente
1291 1921 1414 1956 vocali
1431 1921 1468 1956 in
1488 1930 1508 1960 ξ
1534 1926 1655 1959 trans-

220 1977 276 2013 ire
309 1978 424 2020 solet,
455 1977 504 2012 cf.
533 1975 643 2012 Conr.
671 1977 787 2022 Leop.
807 1974 1028 2012 Schneideri
1058 1975 1220 2012 Gramm.
1242 1977 1302 2011 lat.
1323 1976 1410 2012 Vol.
1431 1978 1459 2021 Ι,
1482 1982 1515 2015 l.
1533 1989 1574 2025 p.
1593 1981 1651 2024 69,

222 2045 280 2080 sq.
319 2033 442 2078 Quare
470 2031 632 2068 Cortium
659 2036 760 2068 recte
794 2031 926 2068 Gaba-a
955 2032 1156 2078 scripsisse
1182 2037 1370 2079 putamus.
1399 2053 1457 2058 ——
1501 2034 1654 2072 Varum·

224 2101 336 2136 quum
357 2089 520 2131 dicatur,
550 2087 651 2134 quod
671 2098 786 2135 saepe
805 2091 965 2123 mutatur
984 2092 1020 2123 et
1045 2088 1120 2124 hue
1146 2089 1233 2125 illuc
1254 2088 1407 2126 fluctuat
1424 2091 1492 2135 (cf.
1513 2091 1597 2138 lug.
1617 2103 1651 2128 c.

224 2147 271 2190 V,
297 2149 332 2183 l.
354 2151 391 2182 et
408 2157 448 2182 v.
464 2143 691 2180 Dietschium
711 2144 762 2180 ad
783 2144 906 2188 XLIII,
926 2147 963 2182 3.
978 2156 1016 2191 p.
1031 2146 1148 2190 3160,
1166 2146 1366 2186 verborum
1385 2148 1541 2183 variis
1559 2149 1655 2184 buter

224 2211 282 2238 me
302 2206 411 2249 atque
434 2200 625 2236 Lucullum
644 2201 852 2247 proeliis
882 2211 1018 2237 sensus
1048 2205 1107 2237 est
1132 2202 1238 2238 modo
1259 2212 1336 2247 me,
1366 2203 1470 2239 modo
1499 2204 1653 2241 Lucullo

223 2260 396 2295 virwente.
445 2255 620 2293 Consulto
636 2255 772 2292 'autem
790 2256 1023 2308 Mithridates
1048 2258 1100 2293 ita
1117 2258 1278 2304 loquitur
1300 2258 1351 2294 ad
1373 2261 1652 2297 consessionem

224 2314 343 2351 cladis
375 2312 576 2351 vitandam.
620 2313 724 2348 Hunc
760 2314 883 2349 locum
917 2312 1061 2349 Charis.
1089 2314 1118 2358 1,
1144 2318 1206 2359 21,
1235 2317 1294 2353 14.
1329 2327 1369 2363 p.
1393 2318 1454 2356 68.
1482 2317 1649 2353 Lindem.

223 2373 281 2418 (p.
300 2373 360 2410 95.
379 2368 548 2412 Putsch.)
567 2379 615 2403 ex
634 2369 687 2404 IV
707 2374 881 2416 corrupte
902 2370 957 2406 sic
977 2369 1107 2406 affert:
1130 2370 1236 2408 Inter
1254 2381 1312 2407 me
1333 2376 1443 2419 atque
1459 2373 1649 2410 Lucullum

214 2436 374 2474 prope
391 2426 515 2472 inopia
533 2434 668 2460 rursus
685 2425 808 2462 ambos
825 2427 983 2462 incessit.
1015 2425 1182 2474 Regnum
1193 2428 1649 2477 AriobarzamsuitCap-

222 2483 396 2530 padocia,
405 2482 443 2517 in
458 2491 576 2530 quam
583 2477 645 2516 ille
660 2491 772 2527 quum
788 2476 999 2518 aRomanis
1015 2483 1206 2519 restitutus
1226 2488 1338 2528 esset,
1353 2485 1410 2529 (v.
1425 2485 1587 2532 Appian.
1606 2486 1649 2522 Β.

223 2539 344 2575 Mithr.
356 2550 391 2574 c.
406 2540 465 2583 60,
472 2537 599 2581 extr.)
607 2535 781 2573 fidelem
773 2539 819 2574 tis
834 2538 1047 2575 societatem
1062 2550 1175 2586 praes
1156 2540 1264 2583 stitit3
1282 2552 1319 2576 v.
1329 2542 1500 2587 supraad
1510 2541 1573 2578 Fr.
1586 2542 1648 2587 IV,

224 2600 283 2634 10.
296 2594 483 2640 Quaesitis
503 2593 657 2639 argutiis
671 2595 786 2629 secuti
800 2596 956 2632 verbum
974 2594 1091 2641 adme
1106 2597 1261 2631 relatum
1273 2597 1427 2643 propria
1440 2598 1653 2644 insequendi

225 2655 405 2698 potestate
430 2649 615 2696 positum,
641 2648 692 2685 ad
717 2660 854 2687 morem
874 2661 980 2687 samm
1006 2652 1162 2687 relatum
1185 2652 1400 2688 translatam
1422 2652 1534 2690 habet
1560 2655 1648 2700 vim,

226 2719 299 2754 qua
322 2708 424 2744 valet
450 2706 659 2741 retinentem
684 2714 764 2741 esse
790 2708 922 2752 mnn's,
947 2708 1113 2743 hamster-e
1139 2709 1247 2743 mori.
1284 2708 1382 2755 Apte
1410 2709 1532 2746 Faber
1561 2720 1648 2745 con·

224 2764 305 2800 tulit
324 2763 405 2800 Liv.
423 2761 520 2806 XXI,
540 2764 601 2809 32,
620 2765 655 2799 2.
703 2761 770 2798 Ubi
788 2762 931 2799 deserta
950 2765 1189 2809 munimenta,
1214 2774 1283 2800 nec
1307 2764 1423 2811 facile
1442 2776 1483 2802 se
1510 2770 1647 2802 tantum

281 2841 447 2868 smusn
473 2842 611 2868 mou.
867 2876 872 2881 .
1320 2829 1374 2873 21
