1774 3002
150 138 231 180 138
630 141 670 179 C.
699 142 929 181 SALLUSTI
958 142 1110 180 CRISPI

285 269 352 312 27.
408 265 678 326 Saguntini,
712 267 799 313 fide
845 270 976 329 atque
1027 266 1247 312 aerumnis
1287 266 1435 313 incluti
1485 284 1590 328 prae

148 348 425 404 mortalibus,
452 349 596 395 studio
622 350 785 396 maiore
805 366 932 411 quam
959 350 1116 411 opibus
1138 349 1317 410 (quippe
1339 352 1455 410 apud
1477 367 1590 412 quos

149 430 275 476 etiarn
318 434 408 476 tum
439 432 647 477 semiruta
680 434 872 487 moenia,
911 435 1067 480 domus
1098 434 1283 478 intectae
1311 434 1588 496 parietesque

146 516 408 575 templorum
432 516 618 560 ambusti
645 530 800 561 manus
827 518 1009 576 punicas
1039 517 1333 578 ostentabant)
1365 554 1374 563 .
1404 553 1413 563 .
1441 553 1450 564 .

284 602 350 644 28.
410 586 685 659 Saguntium.

146 772 184 808 p.
204 763 286 799 204.
315 764 373 799 21.
413 763 522 809 Debr.
544 763 594 808 H,
617 765 715 808 136]
774 763 913 808 Verba,
936 773 1031 809 quae
1053 766 1203 799 exstant
1218 762 1316 809 apud
1334 762 1517 798 Donatum
1539 760 1588 797 ad

147 817 294 853 Terent.
317 817 435 854 Andr.
464 820 506 864 ΙΙ,
539 824 773 865 1,10.‚non
796 820 948 855 multum
968 819 1141 857 videntur
1164 821 1210 856 ab
1234 819 1279 855 iis
1295 822 1437 854 remota
1457 819 1586 862 fuisse,

146 885 241 920 quae
258 875 500 911 antecedente
521 877 743 924 Fragmento
765 876 1017 921 continentur;
1041 880 1138 912 certe
1156 876 1364 959 argumenti
1384 874 1587 911 similitudo

147 942 222 966 non
251 933 340 967 obes
325 935 376 976 st,
406 934 604 979 quominus
635 938 830 979 utrumque
858 933 958 969 iuxta
980 934 1196 970 collocetur.

258 989 318 1023 Fr.
338 990 394 1025 27.
430 989 546 1034 [Cort.
565 1002 600 1036 p.
622 991 723 1028 1007.
765 990 860 1025 Gerl.
880 989 942 1025 ed.
961 990 1047 1025 mai.
1078 990 1150 1024 Ine.
1173 992 1252 1027 119.
1276 988 1338 1024 ed.
1359 987 1445 1022 min.
1467 986 1511 1031 11,
1528 988 1586 1024 59.

144 1056 182 1091 p.
204 1045 648 1090 204‚6.Debr.11.132.]
681 1046 960 1092 Fragmentum,
983 1046 1084 1092 quod
1107 1045 1348 1082 conservavit
1371 1043 1586 1089 Hieronym.

144 1100 194 1136 ad
213 1101 404 1137 Habacuc.
429 1113 460 1138 c.
481 1106 530 1147 9.,
551 1113 730 1149 perquam
747 1106 922 1149 corrupte
943 1102 1030 1137 olim
1052 1103 1105 1138 sic
1122 1102 1322 1138 edebatur:
1350 1099 1585 1147 ‚,Saguntini,

143 1157 218 1193 fide
249 1162 358 1204 atque
389 1159 578 1195 aerumnis
608 1159 756 1202 incluti,
788 1170 856 1205 per
874 1159 1084 1194 mortalium
1105 1157 1267 1194 studium
1291 1157 1452 1193 maiores
1476 1167 1586 1202 quam

144 1215 299 1261 opibus3
336 1215 474 1262 quippe
502 1215 564 1262 qui
591 1216 803 1251 etiamtum
839 1216 1018 1251 semiruta
1053 1215 1221 1259 moenia,
1264 1213 1397 1249 domus
1428 1213 1587 1249 intectae

142 1271 380 1317 parietesque
410 1273 629 1318 templorum
661 1272 818 1308 ambusti
845 1282 977 1307 manus
998 1271 1159 1307 Punicas
1187 1270 1466 1307 ostentabant.“
1514 1269 1587 1305 Ex-

142 1327 270 1374 iguam
295 1326 354 1363 his
385 1327 566 1364 afferebat
599 1327 783 1363 medelam
805 1328 970 1363 Putschii
1005 1327 1216 1363 emendatio
1245 1327 1381 1374 quippe
1412 1326 1513 1373 quis,
1549 1325 1585 1361 in

143 1394 217 1430 qua
236 1384 366 1419 relicui
388 1384 553 1421 editores
575 1395 705 1420 omnes
727 1385 1004 1431 acquieverunt.
1062 1385 1206 1420 Primus
1224 1382 1441 1420 Gerlachius
1471 1383 1588 1419 verba

142 1441 227 1487 ipsa
247 1440 393 1477 mendis
422 1446 581 1488 purgata
608 1452 655 1476 ex
675 1441 891 1478 melioribus
911 1441 1130 1488 Hieronymi
1154 1441 1260 1477 libris
1291 1438 1478 1483 exhibuit,
1517 1438 1586 1474 sed

141 1507 324 1543 perversa
346 1497 654 1544 interpunctione,
677 1502 871 1542 commate,
897 1508 969 1544 quo
995 1501 1081 1544 post
1101 1496 1313 1534 mortalibus
1333 1495 1585 1539 distinximus,

141 1557 228 1600 post
252 1554 379 1590 incluti
402 1555 547 1601 posito,
582 1557 802 1591 structuram
832 1565 950 1600 aeque
981 1565 1024 1590 ac
1052 1555 1273 1590 sententiam
1301 1563 1432 1588 rursus
1453 1551 1586 1588 mirum

140 1613 317 1656 quantum
343 1612 569 1647 obscuravit.
627 1612 720 1647 Nam
743 1610 930 1656 quomodo
944 1620 1045 1657 prae
1063 1610 1275 1647 mortalibus
1300 1620 1385 1646 cum
1406 1606 1586 1656 sequente

141 1666 326 1702 sententia
345 1668 603 1713 comparativa
623 1667 799 1713 coniungi
825 1667 957 1713 possit,
990 1678 1112 1710 nemo,
1135 1678 1179 1702 ac
1196 1666 1347 1702 minime
1367 1665 1584 1701 Gerlachius

142 1723 223 1770 ipse
246 1722 400 1768 dixerit;
423 1728 459 1759 at
481 1723 616 1759 iisdem
632 1723 758 1760 verbis
780 1723 828 1758 ad
847 1724 972 1758 incluti
988 1723 1115 1758 relatis
1136 1723 1262 1758 existit
1279 1721 1585 1757 commodissima

142 1779 328 1815 sententia
352 1778 466 1816 haec:
489 1780 579 1827 fidei
597 1785 703 1826 atque
722 1788 987 1815 aerumnarum
1013 1779 1122 1826 fama
1146 1779 1318 1815 mortales
1336 1778 1440 1824 lonqe
1464 1787 1582 1824 prae-

139 1836 320 1872 cedentes,
381 1836 562 1881 Quamvis
582 1837 674 1872 liber
692 1836 936 1872 Historiarum
967 1837 1012 1872 ab
1031 1835 1261 1882 Hieronymo
1293 1845 1368 1870 non
1400 1833 1584 1870 indicatus

143 1894 201 1938 sit,
224 1883 347 1928 tamen
368 1893 433 1929 vix
455 1893 609 1928 dubium
631 1896 707 1936 est,
742 1892 830 1938 quin
850 1893 967 1928 verba
990 1892 1028 1927 in
1053 1892 1264 1928 narratione
1296 1890 1344 1926 de
1363 1901 1493 1937 pugna
1513 1889 1584 1925 Tu-

142 1949 281 1993 riensi,
311 1960 407 1996 quae
427 1951 537 1985 etiam
559 1948 693 1985 dicitur
715 1949 816 1995 apud
839 1947 1047 1995 Saguntum
1070 1950 1125 1993 (v.
1145 1947 1194 1984 ad
1214 1947 1282 1992 III,
1314 1950 1350 1990 l,
1379 1948 1457 1990 6.)‚
1489 1947 1585 1982 lecta

142 2006 290 2042 fuerint.
350 2006 533 2050 Quoniam
555 2005 811 2052 praedicatum
832 2005 956 2050 deest,
988 2004 1140 2041 difficile
1167 2008 1224 2040 est
1245 2002 1466 2039 sententiam
1497 2013 1585 2038 con—

144 2062 320 2107 stituere;
346 2062 415 2098 sed
435 2073 547 2109 quum
566 2073 642 2097 non
665 2061 910 2108 improbabile
932 2062 980 2097 sit
997 2062 1187 2097 Metellum
1206 2063 1292 2107 post
1310 2070 1477 2106 pugnam
1501 2069 1586 2095 cum

139 2122 245 2165 parte
262 2120 454 2165 copiarum
471 2118 678 2166 Saguntum
701 2129 741 2154 se
762 2119 965 2164 recepisse,
995 2118 1154 2153 coniieio
1172 2116 1390 2153 Sallustium
1413 2116 1489 2151 rere
1510 2116 1584 2151 tale

141 2174 232 2222 quid
252 2174 418 2210 dixisse:
450 2173 660 2221 Saguntini,
681 2174 855 2211 fidissimi
876 2174 1128 2210 Romanorum
1151 2173 1265 2217 socii,
1294 2168 1417 2208 studio
1442 2173 1584 2208 maiore

142 2242 253 2278 quam
283 2231 418 2277 opibus
446 2231 604 2277 (quippe
632 2231 694 2277 qui
724 2242 771 2266 ex
802 2230 943 2277 ingenti
971 2230 1179 2266 calamitate
1202 2239 1271 2265 sua
1292 2228 1393 2265 vires
1418 2227 1582 2264 nondum

142 2287 380 2334 receperant)
400 2297 468 2333 pro
490 2286 669 2322 Romanis
696 2288 904 2322 nitebantur
932 2297 975 2322 ac
1005 2286 1156 2322 saucios
1175 2285 1310 2321 milites
1333 2288 1369 2321 et
1394 2285 1583 2321 laboribus

141 2343 332 2380 confectos
353 2343 572 2378 reficiebant
599 2344 863 2388 curabantque.
923 2341 1000 2378 Sed
1035 2347 1220 2389 utcunque
1250 2345 1308 2378 est
1335 2342 1439 2386 (nam
1473 2340 1583 2376 etiam

140 2400 243 2437 aliud
270 2399 343 2436 dici
363 2400 530 2447 potuisse
551 2399 660 2435 facile
682 2398 889 2442 concedo),
915 2398 988 2434 hoc
1008 2403 1132 2435 tamen
1152 2402 1296 2435 constat
1315 2399 1431 2435 verba
1450 2397 1584 2445 quippe

140 2456 244 2504 apud
264 2467 354 2504 quos
372 2475 430 2482 —-
449 2454 677 2493 ostentabant
699 2455 737 2490 in
752 2455 966 2501 parenthesi
985 2456 1113 2498 fuisse,
1135 2455 1193 2491 cui
1214 2453 1433 2490 inferendae
1451 2453 1584 2500 quippe

143 2513 368 2560 saepissime
388 2513 564 2557 inservit3
596 2522 636 2547 v.
657 2522 753 2558 quae
775 2511 1035 2548 annotavimus
1058 2511 1106 2547 ad
1129 2511 1227 2546 Vell.
1247 2510 1290 2555 Il,
1313 2514 1370 2553 15,
1393 2513 1426 2547 1.
1446 2519 1482 2554 p.
1503 2511 1582 2546 135.

257 2570 318 2605 Fr.
340 2571 400 2607 28.
439 2567 553 2613 [Cort.
577 2579 616 2615 p.
639 2570 741 2606 1003.
784 2567 881 2604 Gerl.
907 2567 967 2602 ed.
991 2568 1076 2603 mai.
1097 2568 1170 2603 Inc.
1191 2569 1251 2605 28.
1271 2566 1329 2601 ed.
1349 2565 1436 2600 min.
1458 2564 1502 2608 II,
1524 2566 1583 2608 54,

140 2639 175 2674 p.
200 2628 289 2670 203,
317 2628 376 2663 28.
413 2625 524 2661 Debr.
545 2625 596 2668 ΙΙ,
615 2626 673 2663 96.
702 2628 738 2659 et
757 2624 808 2668 ΙΙ,
830 2625 926 2668 131.]
967 2624 1123 2659 Unicum
1139 2623 1211 2659 hoc
1233 2621 1455 2658 vocabulum
1472 2620 1586 2655 refert

142 2682 272 2719 Charis
297 2682 323 2716 I.
345 2685 403 2724 21,
424 2683 500 2718 191.
531 2693 570 2727 p.
592 2683 649 2718 82.
668 2679 773 2716 Lind.
798 2681 854 2726 (p.
878 2684 953 2718 115.
976 2678 1162 2727 Putsch.],
1193 2688 1264 2725 quo
1287 2677 1417 2724 probet
1437 2674 1584 2723 Sayun-

142 2741 229 2775 tium
249 2749 316 2785 pro
342 2737 629 2786 Sayzmtinorum
649 2748 670 2772 a
685 2735 861 2772 Sallustio
886 2735 1024 2771 dictum
1046 2747 1145 2772 esse.
1188 2732 1405 2770 Gerlachius
1430 2732 1512 2768 Vol.
1522 2731 1581 2776 111,
