1774 3002
145 160 228 203 292
656 164 696 202 C.
728 164 959 203 SALLUSTI
991 164 1142 205 CRISPI

151 289 371 350 praesenti
394 289 576 351 ignavia
601 258 874 347 mutavistis,
899 291 1073 337 abunde
1099 292 1341 339 libertatem
1365 295 1470 352 rati,
1497 296 1602 358 quia

149 374 291 435 tergis
329 374 593 430 abstinetur,
634 378 677 420 et
710 375 796 420 huc
836 375 898 420 ire
944 374 1043 420 licet
1078 378 1211 438 atque
1249 378 1374 434 illuc,
1418 392 1598 425 munera

150 458 301 504 ditium
328 458 617 504 dominorum.
669 459 815 519 Atque
839 458 947 503 haec
978 459 1130 505 eadem
1156 477 1245 507 non
1273 465 1376 509 suut
1399 463 1652 522 agresti-27

148 541 252 597 bus,
291 542 368 587 sed
407 543 650 587 caeduntur
685 541 796 587 inter
823 542 1066 601 potentium
1096 544 1360 601 inimicitias,
1393 545 1599 607 donoque

147 624 307 670 dantur
332 624 374 669 in
397 626 649 685 provincias
674 625 1018 686 magistratibus.
1084 627 1148 672 Ita
1170 630 1397 689 pugnatur
1426 631 1469 675 et
1491 629 1653 681 vin-28

145 707 257 753 citur
292 708 466 768 paucis3
492 709 670 769 plebes,
707 711 1015 772 quodcumque
1041 710 1218 767 accidit,
1246 726 1328 771 pro
1354 711 1482 758 victis
1513 716 1595 769 est,

145 793 188 837 et
221 791 265 837 in
295 793 389 838 dies
416 793 561 854 magis
598 794 700 851 erit,
740 794 955 856 siquidem
980 794 1145 840 maiore
1181 809 1287 841 cura
1307 802 1309 804 ’
1328 795 1596 842 dominatio-

147 889 244 921 nem
271 875 332 922 illi
362 876 641 934 retinuerint,
672 893 803 940 quam
834 893 917 924 vos
947 878 1241 939 repetiveritis
1268 879 1523 927 libertatem.

141 1024 263 1060 genus
286 1013 432 1051 duobus
454 1015 495 1051 fit
525 1015 660 1060 modis,
675 1021 794 1066 'prout
816 1019 984 1062 verbum,
1015 1017 1116 1064 quod
1136 1016 1342 1064 praecedit,
1373 1018 1436 1054 vel
1457 1017 1593 1055 intran-

141 1071 292 1107 sitivum
312 1076 370 1107 est
393 1075 455 1108 aut
473 1073 681 1118 passivum,
708 1074 767 1110 vel
798 1075 1053 1118 transitivum3
1075 1072 1168 1110 illud
1197 1075 1469 1121 appositionem
1499 1086 1592 1111 casu

141 1128 371 1165 nominativo
391 1128 516 1173 habet,
544 1128 616 1164 hoc
637 1131 868 1175 accusativo,
889 1142 933 1166 eo
958 1141 1094 1167 sensus
1116 1130 1344 1176 discrimine,
1367 1135 1405 1166 ut
1424 1132 1591 1167 nomina-

138 1185 238 1220 tivus
258 1195 338 1220 rem
365 1185 547 1232 designet,
572 1186 692 1232 qualis
715 1186 772 1230 sit,
794 1188 1047 1232 accusativus,
1070 1189 1190 1234 qualis
1212 1187 1407 1224 efficiatur.
1453 1187 1510 1224 Ex
1526 1189 1589 1224 illo

139 1251 277 1287 genere
310 1246 367 1277 est
395 1247 522 1278 noster
549 1243 676 1286 locus;
716 1243 765 1278 ad
801 1244 957 1280 alterum
984 1245 1144 1290 pertinet
1172 1245 1266 1280 Hist.
1294 1244 1356 1280 Fr.
1377 1244 1440 1288 w,
1475 1248 1532 1289 19,
1550 1248 1588 1283 8.

137 1297 339 1334 Eumenem
358 1297 555 1344 (Romani)
574 1300 672 1334 initio
687 1299 892 1345 prodidere
919 1301 1115 1346 Antiocho,
1143 1302 1287 1347 pacis
1314 1301 1587 1346 mercedem,

137 1373 194 1379 --
208 1356 231 1393 i.
253 1366 288 1390 e.
308 1360 349 1391 ut
361 1357 471 1402 pacis
492 1365 634 1392 merces
654 1360 759 1391 esset.
780 1356 807 1400 Ι,
827 1360 887 1401 45,
899 1361 957 1395 12.
993 1357 1114 1394 Plebis
1132 1358 1308 1394 innoxiae
1318 1359 1469 1403 patrias
1483 1358 1588 1394 sedes

135 1421 366 1458 occupavere
384 1414 506 1459 pauci
530 1413 721 1457 satellites,
760 1414 1022 1449 mercedem
1054 1415 1300 1450 scelerum.
1331 1414 1379 1450 cs.
1403 1414 1586 1462 Kruegeri

137 1467 301 1505 Gramm.
322 1470 385 1504 lat.
409 1472 442 1511 §—
465 1472 546 1515 296,
565 1472 603 1506 2.
625 1474 698 1512 not.
721 1473 757 1508 6.
779 1481 816 1516 p.
834 1473 916 1509 389.
939 1475 973 1506 et
989 1470 1150 1508 Gramm.
1172 1472 1237 1507 lat.
1258 1474 1376 1522 nostr.
1399 1474 1432 1514 S.
1452 1474 1534 1518 120,
1549 1473 1584 1509 4.

135 1529 211 1561 not.
237 1530 295 1564 11.
316 1525 432 1562 addit.
456 1526 493 1562 d.
516 1538 553 1573 p.
575 1529 657 1565 296.
715 1526 813 1562 Ante
834 1526 997 1572 Cortium
1024 1530 1063 1564 in
1087 1527 1176 1564 edd.
1197 1532 1371 1574 corrupte
1391 1529 1586 1575 legebatur

133 1592 297 1628 munere,
323 1594 395 1629 quo
416 1584 553 1619 acerba
574 1583 696 1618 ironia
716 1594 874 1630 prorsus
896 1585 1045 1621 tollitur.
1483 1614 1488 1617 .

246 1670 281 1710 S.
297 1670 355 1707 27.
376 1668 470 1703 haee
490 1667 635 1711 eadem)
660 1667 685 1702 i.
703 1667 855 1704 e.·haec
878 1669 1004 1705 tenuia
1026 1673 1062 1704 et
1079 1669 1230 1715 exigua,
1253 1669 1377 1715 qualia
1394 1669 1479 1705 sunt
1498 1678 1581 1705 ver-

131 1724 496 1760 berum'immunitas
518 1729 554 1759 et
571 1725 664 1760 liber
686 1724 871 1761 incessus.
886 1725 1169 1772 —Aqrestibus‚
1189 1723 1274 1760 h.e.
1289 1724 1390 1772 plebi
1407 1725 1581 1769 rusticae,

131 1791 227 1827 quae
250 1780 412 1818 durioris
439 1785 518 1817 erat
538 1780 792 1826 condicionis,
825 1793 936 1828 quam
964 1783 1123 1827 urbana,
1156 1780 1360 1818 delectibus
1383 1781 1581 1818 acerbissi-

129 1838 200 1873 mis
223 1839 442 1882 vexabatur,
467 1839 568 1886 agris
591 1837 669 1874 suis
693 1839 913 1884 pellebatur,
935 1842 1010 1884 aut,
1030 1849 1141 1885 quum
1165 1837 1370 1874 seditiones
1390 1842 1427 1874 et
1446 1837 1578 1874 civiles

131 1895 259 1931 turbae
277 1900 511 1940 exarserant,
534 1898 646 1942 prout
665 1894 852 1931 adversae
870 1896 967 1942 parti
991 1894 1144 1931 addicta
1168 1895 1307 1940 suerat,
1337 1894 1578 1935 caedebatur.

126 1951 300 1998 Ayrestes
322 1958 442 1998 vocat,
465 1963 558 1999 quos
577 1951 681 1988 Catil.
703 1963 737 1988 c.
757 1951 943 1998 XXXVII,
959 1954 993 1992 7.
1023 1953 1257 1997 iuventutem,
1286 1961 1382 2000 quae
1409 1953 1447 1988 in
1477 1953 1580 1999 ayris

128 2019 301 2045 manuum
330 2010 498 2045 mercede
517 2010 678 2056 inopiam
698 2009 893 2055 tolerabat,
923 2013 959 2045 et
980 2009 1107 2045 Livius
1134 2007 1252 2054 XXV,
1274 2013 1307 2053 1,
1328 2010 1366 2046 8.
1401 2010 1578 2046 rusticam

121 2065 264 2111 plebem
286 2065 390 2102 dixit.
421 2065 558 2102 CORT.
594 2086 649 2090 —
683 2065 789 2102 Inter
798 2067 1004 2113 potentium
1023 2066 1247 2111 inimicitias,
1282 2065 1319 2101 h.
1340 2075 1375 2101 e.
1396 2064 1483 2102 dum
1506 2076 1576 2112 po-

128 2125 246 2158 tentes
283 2123 397 2159 armis
419 2123 591 2159 civilibus
616 2123 710 2158 inter
731 2135 772 2158 se
794 2127 956 2168 certant3
985 2115 1083 2158 adeo
1104 2133 1172 2158 nec
1203 2126 1330 2170 terga,
1363 2132 1432 2158 nec
1462 2122 1574 2159 vitam

127 2179 247 2225 ipsam
269 2180 385 2215 libera
406 2180 556 2216 habent.
579 2179 717 2215 CORT.
742 2201 790 2205 --
813 2180 918 2216 Dono
940 2180 1077 2215 dantur
1095 2180 1133 2215 in
1146 2179 1363 2226 provincias
1382 2180 1577 2226 mayislra-

124 2235 236 2280 tibus,
273 2235 311 2271 h.
340 2247 374 2270 e.
404 2236 682 2283 magistratibus
714 2236 973 2283 assignantur,
1007 2237 1140 2283 quibus
1173 2235 1221 2272 ad
1247 2234 1463 2283 provincias
1485 2234 1576 2272 obti-

126 2291 271 2327 nendas
282 2292 458 2328 militibus
480 2304 575 2340 opus
593 2297 671 2338 est;
694 2293 865 2339 adeoque
888 2294 961 2329 illis
983 2304 1056 2328 non
1077 2292 1149 2329 huc
1170 2293 1224 2328 ire
1241 2292 1329 2346 licet
1345 2295 1455 2340 atque
1473 2291 1573 2329 illuc.

129 2347 265 2385 CORT.

237 2437 271 2476 S.
293 2437 350 2473 28.
363 2435 518 2481 paucis)
542 2434 594 2469 Ita
619 2438 718 2469 recte
743 2438 864 2470 exstat
888 2434 924 2469 in
947 2434 1032 2470 Vat.
1054 2438 1090 2472 1.
1114 2438 1149 2470 et
1166 2438 1225 2478 2.;
1265 2433 1379 2470 ceteri
1400 2431 1512 2470 codd.
1533 2434 1570 2470 et

124 2490 212 2527 edd.
240 2492 441 2527 nonnullae
463 2494 610 2526 veteres
631 2501 677 2525 ex
705 2491 986 2536 interpolatione
1007 2491 1100 2526 sutili
1122 2494 1247 2530 tenent
1264 2492 1446 2538 apauois.
1476 2489 1567 2527 Sen-

123 2559 206 2583 sum
229 2558 343 2583 verae
363 2547 533 2584 lectionis
556 2546 701 2583 Cortius
726 2551 825 2582 recte
847 2548 1039 2594 perspexit
1058 2558 1144 2584 esse
1165 2547 1286 2583 hunc:
1307 2547 1344 2583 in
1363 2556 1567 2594 paucorum

121 2604 278 2650 gratiam
301 2609 336 2640 et
359 2604 595 2640 commodum
616 2607 803 2650 pugnatur
825 2607 861 2638 et
880 2604 1062 2648 vincitur,
1088 2605 1112 2639 i.
1132 2615 1168 2640 e.
1188 2615 1256 2650 pro
1279 2613 1485 2650 paucorum
1502 2612 1568 2647 po·

121 2661 236 2696 tentia
257 2665 467 2707 pugnatur,
491 2665 549 2705 et,
577 2661 608 2695 si
635 2660 815 2703 vincitur,
846 2660 895 2695 illi
922 2660 1119 2696 commoda
1143 2660 1191 2696 ad
1212 2671 1299 2696 sese
1329 2659 1488 2705 rapiunt.
1511 2677 1566 2683 -—

121 2716 200 2753 Pro
218 2718 319 2753 m’ctis
337 2728 405 2763 per
426 2717 582 2764 synesin
612 2717 842 2752 tritissimam
870 2717 997 2751 referri
1022 2715 1069 2752 ad
1086 2716 1213 2763 plebes
1239 2717 1275 2751 in
1295 2719 1468 2762 promptu
1496 2720 1566 2751 est.

119 2772 163 2809 Et
182 2778 305 2810 tamen
328 2775 364 2808 in
385 2775 574 2810 nonnullis
595 2773 683 2809 edd.
704 2777 791 2809 vett.
825 2777 860 2807 et
887 2784 1005 2819 nuper
1028 2773 1062 2807 in
1085 2773 1279 2809 Weisiana
1299 2783 1347 2809 ex
1367 2772 1566 2819 interpola-
