1774 3002
46 177 51 181 ’
108 184 189 227 198
606 188 644 229 e.
677 189 907 228 SALszri
937 189 1088 228 cmsm

108 314 271 376 quippe
308 314 381 375 qui
409 313 584 360 nomine
610 313 743 359 modo
779 314 931 374 imperi
971 331 997 360 a
1029 315 1157 361 vobis
1189 317 1370 375 accepto
1401 315 1556 361 diebus

107 397 402 459 quadraginta
447 396 688 443 exercitum
732 397 907 457 paravi,
950 398 1179 460 hostisque
1226 398 1269 443 in
1312 398 1556 444 cervicibus

107 481 192 526 iam
233 481 383 527 Italiae
422 480 598 542 agentis
637 481 692 526 ab
726 480 915 541 Alpibus
953 483 995 528 in
1032 482 1285 542 Hispaniam
1324 481 1555 527 summovi.

106 564 193 610 Per
217 579 293 610 eas
321 564 404 610 iter
429 563 547 609 aliud
578 565 709 624 atque
730 563 969 621 Hannibal,
991 565 1119 611 nobis
1144 565 1450 626 opportunius,
1471 580 1557 625 pa—

104 649 246 695 tefeci.
304 647 468 708 Recepi
497 646 702 702 Galliam,
725 647 1022 707 Pyrenaeum,
1049 647 1336 705 Laletaniam,
1375 648 1595 710 Indige-5

218 804 251 843 §.
273 805 308 838 5.
349 800 597 844 Laletaniam)
628 800 682 836 Ita
703 801 787 836 Vat.
810 805 843 839 1.
867 804 902 836 et
923 800 1052 836 relicui
1077 799 1205 844 codd„
1229 805 1380 848 praeter
1400 801 1485 836 Vat.
1507 804 1558 846 2.,

107 859 145 893 in
168 868 241 904 quo
264 861 322 893 est
342 857 606 901 Lacettam'am,
638 856 739 892 unde
764 858 801 893 in
831 857 954 893 multis
971 857 1081 902 edd.,
1112 857 1223 893 etiam
1254 857 1291 893 in
1313 858 1502 895 Orelliana
1523 868 1559 893 a.

107 917 210 958 1840,
238 915 414 961 vulgatur
434 914 683 949 Lacetaniam.
743 913 820 950 Sed
846 913 918 950 hoc
950 925 1085 949 nomen
1113 914 1248 949 falsmn
1279 925 1364 951 esse
1393 915 1559 950 locorum

107 971 200 1006 ratio
223 971 376 1006 evincit.
434 970 607 1006 Laletani
629 970 748 1015 enim,
781 981 937 1017 quorum
971 974 1084 1017 caput
1110 970 1272 1006 Barcino
1294 968 1558 1020 (Barcelona)

107 1027 194 1071 suit,
226 1027 340 1063 maris
361 1037 467 1062 oram
494 1027 734 1071 accolebant;
767 1027 947 1063 Lacetani
973 1031 1116 1071 autem,
1149 1038 1374 1074 quamquam
1402 1026 1560 1063 eandem

105 1083 311 1130 Hispaniae
334 1087 480 1131 partem
507 1083 731 1127 obtinenteS,
755 1085 876 1131 magis
898 1084 1079 1119 introrsus
1102 1082 1216 1120 sedes
1231 1083 1420 1120 habebant
1441 1084 1479 1119 in
1504 1094 1560 1119 re-

106 1141 219 1187 gione
240 1144 439 1176 montuosa
463 1140 744 1188 Pyrenaeisque
769 1141 947 1180 subiecta.
989 1140 1189 1187 Pompeius
1211 1143 1333 1176 autem
1355 1151 1468 1186 quum
1491 1141 1559 1176 iter

106 1198 226 1243 magis
252 1196 461 1233 secundum
484 1197 598 1233 maris
623 1208 726 1232 oram
757 1196 949 1244 dirigeret,
972 1197 1225 1244 quippevquae
1245 1197 1464 1244 plerumque
1485 1196 1558 1232 Ro-

105 1264 302 1289 manorum
331 1255 368 1290 in
397 1252 472 1288 fide
503 1264 546 1289 ac
576 1253 716 1290 ditione
745 1254 1016 1300 permansisset
1044 1254 1161 1298 (cs.§.
1186 1254 1262 1300 9.),
1291 1263 1448 1299 eamque
1471 1256 1556 1290 ante

105 1310 230 1345 onmia
251 1310 473 1346 confirmare
497 1314 532 1345 et
550 1310 586 1344 in
607 1314 793 1357 potestate
814 1310 973 1346 retinere
995 1309 1173 1354 studeret,
1197 1310 1364 1356 profecto
1381 1320 1455 1345 non
1471 1321 1558 1346 con-

105 1371 326 1403 sentaneum
347 1370 415 1410 est,
433 1367 673 1403 Lacetaniam
695 1368 742 1403 ab
763 1378 808 1403 eo
830 1370 1050 1413 occupatam
1068 1367 1198 1402 fuisse.
1214 1385 1271 1391 ——
1285 1365 1462 1413 Indiyetis
1481 1378 1558 1402 om-

105 1423 207 1458 nium
232 1422 345 1459 codd.
368 1423 477 1459 lectio
502 1427 578 1467 est,
605 1435 674 1470 pro
705 1434 778 1470 qua
800 1424 836 1459 in
865 1422 955 1459 edd.
978 1427 1065 1459 vett.
1091 1422 1216 1470 inepta
1237 1422 1472 1469 interpolatio
1491 1422 1557 1458 ha-

103 1481 209 1516 betur
239 1479 437 1528 Ileryetum
459 1481 520 1515 vel
543 1479 733 1527 Ileryetes.
774 1479 949 1516 Confines
970 1480 1087 1515 ruisse
1110 1479 1307 1515 Laletanos
1326 1478 1557 1526 Indigetibus

103 1540 206 1583 patet
228 1537 339 1572 etiam
361 1548 409 1572 ex
429 1536 521 1571 Plin.
542 1537 585 1572 H.
618 1537 662 1572 N.
687 1536 745 1578 ΙΙΙ,
765 1538 801 1574 3.
820 1557 875 1561 -
896 1537 967 1578 Pro
988 1537 1089 1572 novis
1108 1535 1290 1580 militibus,
1307 1535 1409 1582 quod
1425 1546 1556 1572 omnes

103 1592 216 1628 codd.
241 1597 375 1637 tenent,
398 1593 436 1628 in
461 1593 732 1638 antiquioribus
754 1592 844 1628 edd.
870 1604 916 1627 ex
938 1593 1221 1639 interpolatione
1243 1592 1436 1639 legebatur
1456 1593 1558 1628 novis

103 1649 288 1696 quidem
311 1650 398 1694 mil„
421 1659 531 1694 quam
548 1650 620 1684 iam
644 1649 788 1694 Cottius
810 1653 910 1684 recte
934 1649 1227 1695 repudiavit.-—
1243 1649 1295 1685 Et
1312 1652 1396 1684 ante
1417 1649 1556 1684 multo

104 1706 326 1741 sententiam
357 1705 527 1751 adiungit
569 1705 766 1751 superiora
804 1706 920 1740 verba
958 1705 1191 1740 accuratiore
1222 1704 1439 1740 definitione
1478 1704 1558 1740 illu-

105 1766 281 1798 strantem
307 1766 418 1808 atque
445 1760 758 1807 amplificantem;
786 1760 887 1807 quod
908 1761 968 1797 ubi
991 1760 1050 1804 fit,
1072 1761 1277 1797 vernacula
1301 1759 1461 1796 dicimus
1481 1760 1559 1796 und

105 1829 220 1862 zmar‚
246 1819 357 1854 latine
379 1818 519 1865 pariter
540 1820 574 1853 et
592 1818 746 1864 quidem,
768 1818 828 1853 vel
848 1821 883 1853 et
901 1818 953 1861 is,
988 1820 1096 1863 atque
1115 1818 1160 1862 is,
1187 1818 1289 1864 isque
1313 1816 1388 1852 dici
1408 1820 1552 1863 potest;

105 1875 154 1910 cs.
178 1875 287 1919 Frsl,
309 1879 368 1922 51,
391 1879 422 1913 1.
481 1873 721 1911 Seditionibus
739 1875 861 1909 omm'a
881 1874 1026 1920 turbata
1045 1877 1141 1919 sunt,
1160 1877 1203 1909 et
1217 1873 1263 1908 ab
1281 1874 1336 1919 iis,
1358 1883 1450 1921 quos
1462 1883 1554 1921 pro—

103 1931 228 1967 hibere
252 1933 368 1979 mayis
389 1930 550 1967 decebat.
568 1930 630 1965 Fr.
652 1931 716 1974 IV,
739 1932 795 1975 18,
818 1934 852 1968 5.
872 1928 1052 1966 Romanis
1072 1941 1147 1965 una
1168 1933 1212 1966 et
1235 1939 1289 1965 ea
1305 1934 1404 1966 vetus
1421 1939 1555 1966 caussa

103 1988 264 2023 bellandi
276 1992 340 2024 est.
384 1988 464 2034 lug.
483 1999 517 2023 c.
537 1986 719 2031 LXXXV,
740 1989 774 2024 3.
818 1986 929 2023 Domi
941 1986 1108 2034 forisque
1122 1987 1244 2022 omnia
1272 1995 1421 2031 curare,
1440 1990 1482 2022 et
1509 1996 1554 2022 ea

103 2054 215 2091 ayere
234 2046 328 2080 inter
355 2045 507 2091 invidos,
527 2044 696 2090 opinione
720 2045 892 2090 asperius
916 2048 980 2079 est.
1021 2053 1059 2077 v.
1078 2042 1127 2078 ad
1147 2050 1184 2078 c:
1202 2041 1351 2087 XXXII,
1367 2045 1402 2080 2.
1422 2053 1460 2089 p.
1472 2044 1553 2081 196.

104 2101 269 2136 Kiihner.
301 2100 362 2136 ad.
388 2100 463 2136 Cic.
487 2099 622 2136 Tusce.
638 2100 683 2147 ΙΙ,
706 2100 739 2144 7,
765 2101 820 2137 17.
844 2099 964 2135 Hand.
987 2099 1033 2135 de
1054 2099 1213 2135 Particc.
1233 2099 1325 2134 Latt.
1344 2099 1430 2134 Vol.
1446 2098 1489 2133 11.
1514 2110 1551 2145 p.

102 2158 186 2195 477.
215 2177 268 2182 -—
297 2157 534 2203 Hiememque
552 2157 686 2192 castris
708 2156 927 2203 scripsimus
948 2155 1164 2192 auctoritate
1186 2156 1272 2191 Vat.
1293 2158 1327 2192 1.
1375 2154 1552 2191 Orellium

104 2217 139 2248 et
166 2213 326 2249 Fabrum
348 2214 490 2256 secuti3
526 2213 655 2248 relicui
676 2212 788 2247 codd.
811 2216 847 2248 et
867 2211 955 2247 edd.
976 2211 1115 2247 habent
1134 2211 1173 2247 h.
1188 2213 1226 2247 in
1248 2211 1395 2247 castris.
1423 2210 1551 2247 Solum

105 2268 307 2305 ablativum
329 2280 403 2304 non
433 2265 602 2313 localem,
627 2268 697 2304 sed
727 2267 915 2303 modalem
937 2269 1012 2304 vim
1036 2267 1189 2315 habere,
1232 2268 1352 2303 Faber
1375 2271 1476 2303 reete
1497 2267 1550 2303 iu-

103 2324 202 2361 dicat
214 2336 223 2370 ;
250 2325 361 2371 igitur
382 2325 516 2360 castris
535 2324 686 2360 hiemem
704 2333 816 2371 ayere
837 2324 1024 2371 significat
1042 2327 1168 2360 castra
1186 2323 1392 2361 habandei.
1414 2333 1448 2358 e.
1471 2334 1548 2359 mu-

103 2382 246 2427 niendo,
267 2381 410 2426 tuendo,
431 2379 671 2427 defendendo,
687 2381 845 2427 aliaque,
875 2390 969 2428 quae
991 2381 1028 2416 in
1052 2382 1185 2416 castris
1200 2390 1270 2416 usu
1289 2380 1444 2425 veniunt,
1467 2378 1549 2415 obe-

102 2439 199 2474 undo
223 2438 376 2474 hiemem
395 2437 621 2484 transiyerae
648 2437 928 2483 praepositione
950 2438 988 2473 in
1008 2448 1099 2472 vero
1122 2436 1252 2472 addita
1282 2435 1415 2471 eadem
1434 2435 1550 2470 verba

105 2495 321 2540 simpliciter
343 2493 555 2541 significant
574 2502 648 2540 per
667 2492 819 2529 hiemem
838 2495 876 2529 in
897 2494 1030 2530 castris
1052 2494 1199 2529 versari
1213 2493 1289 2528 sive
1310 2500 1401 2528 esse.
1445 2490 1548 2535 Quae

104 2561 329 2598 quamquam
351 2561 390 2586 re
414 2549 548 2586 eodem
568 2549 646 2585 sere
666 2549 845 2595 redeunt,
874 2550 965 2586 illud
990 2554 1126 2597 tamen,
1155 2549 1331 2596 quoniam
1350 2549 1549 2583 consuetu-

103 2607 200 2644 dinis
222 2608 426 2645 castrensis
446 2606 759 2654 significationem
780 2606 904 2653 habet,
919 2605 1238 2643 accommodatius
1252 2608 1308 2640 est
1324 2602 1372 2640 ad
1387 2606 1547 2638 mentem

103 2663 270 2710 Poinpeii
291 2663 588 2710 exprimendam.
610 2683 666 2689 -—
694 2663 821 2699 Verba
839 2673 956 2710 neque
985 2672 1035 2699 ex
1063 2662 1253 2698 ambitione
1280 2669 1361 2696 mea
1387 2657 1546 2702 Cottius,

105 2730 127 2755 a
147 2731 219 2766 quo
240 2731 315 2755 non
339 2721 491 2756 multum
513 2719 683 2756 dissentit
711 2718 930 2755 Gerlachius
952 2720 1036 2754 Vol.
1049 2719 1109 2754 111.
1129 2729 1168 2766 p.
1187 2720 1260 2761 87.,
1282 2715 1380 2763 capit
1402 2714 1449 2751 de
1471 2725 1546 2751 am-

104 2777 243 2813 bitione
258 2776 419 2822 militari,
439 2777 661 2824 imperatore
682 2775 730 2813 ad
746 2776 912 2812 savorem
930 2776 1083 2812 militum
1103 2772 1327 2822 captandum
1344 2771 1545 2808 exercitum
