1774 3002
463 177 791 217 uls‘romnnum
819 176 1131 214 FRAGMENTA.
1191 177 1279 213 1.u3.
1304 176 1364 213 ιη.
1542 170 1630 214 297

188 300 269 352 sibi
298 305 487 366 quisque
517 303 807 350 carissumum
842 302 959 348 domi
990 301 1232 357 recordari,
1263 301 1495 363 cunctique
1528 316 1628 346 om-

190 389 308 435 nium
335 388 534 443 ordinum
570 389 765 432 extrema
800 387 948 432 munia
982 386 1121 447 sequi.

325 475 394 518 90.
449 471 645 530 Namque
680 469 748 516 his
777 473 952 530 praeter
985 469 1117 515 solita
1147 467 1318 514 vitiosis
1355 467 1631 528 magistrati-

193 555 300 610 bus,
333 568 465 614 quum
503 567 583 612 per
617 567 790 599 omnem
828 552 1099 613 provinciam
1133 550 1444 597 infecunditate
1486 550 1630 596 bienni

191 636 395 701 proxumi
425 651 566 700 grave
592 635 782 698 pretium
806 636 1019 682 fructibus
1055 637 1188 682 esset.

191 798 377 835 Extrema
395 799 520 834 munia
538 809 625 835 cum
643 797 768 834 Cortio
791 796 1037 843 intelligenda
1062 800 1147 833 sunt
1171 795 1218 831 de
1239 798 1449 831 testamento
1477 794 1638 839 m'litari,

194 866 217 890 a
237 854 412 901 militibus
439 854 475 889 in
498 866 643 891 summo
673 865 797 891 rerum
823 852 1038 888 discrimine
1069 864 1113 889 ac
1149 853 1214 889 vix
1244 851 1357 888 dubia
1382 855 1499 886 morte
1521 850 1639 887 immi-

197 914 306 946 nente
326 910 408 946 fieri
424 911 549 955 solito,
569 911 711 947 omisso
732 913 1035 946 testamentorum
1055 910 1127 945 ritu
1146 908 1316 951 solenni;
1337 909 1385 943 es.
1407 907 1566 954 Herzog.
1587 907 1638 943 ad

198 966 306 1004 Caes.
324 967 371 1004 B.
390 966 433 1003 G.
450 967 478 1011 Ι,
496 970 556 1006 39.
580 966 812 1003 Freinshem.
832 965 882 1001 ad
895 966 924 1001 F
926 966 997 1002 lor.
1015 966 1076 1010 111,
1100 970 1159 1009 10,
1180 969 1236 1003 12.
1260 969 1298 1001 et
1312 964 1495 1011 imprimis
1515 963 1638 1000 Reinii

197 1024 260 1060 lus
279 1023 376 1070 priv.
396 1022 506 1058 Rom.
523 1034 564 1069 p.
589 1025 672 1062 374.
718 1022 852 1059 Mania
875 1023 1011 1068 sequi
1036 1026 1160 1058 autem
1188 1021 1380 1068 significat
1405 1030 1446 1057 se
1474 1021 1571 1059 dare
1589 1020 1642 1056 ad

195 1079 362 1116 obeunda
378 1080 526 1120 κακία,-
544 1080 594 1116 cl'.
609 1079 672 1115 Fr.
692 1080 740 1123 V,
760 1081 797 1116 8.
858 1078 977 1115 Ceteri
997 1079 1192 1125 negotia
1220 1077 1546 1124 sequebantur
1565 1077 1638 1125 sa-

196 1136 410 1173 niliart'a
429 1136 642 1183 leyatormn.
680 1135 823 1172 Eodem
844 1134 956 1170 modo
985 1134 1087 1182 apud
1107 1135 1256 1171 Terent-
1276 1133 1442 1180 Adelph.
1460 1134 1504 1177 Π,
1523 1138 1559 1178 2,
1579 1135 1639 1171 40.

196 1193 275 1229 lices
292 1193 398 1239 sequi
413 1196 471 1228 est
489 1192 542 1228 ad
560 1192 770 1240 litigandum
788 1201 829 1227 se
846 1190 1035 1238 conferre.
1095 1191 1226 1228 Ubiubi
1247 1195 1370 1227 autem
1397 1201 1459 1228 res
1481 1194 1566 1227 acta
1584 1195 1643 1226 est

199 1251 305 1292 (nam
332 1248 451 1294 potuit
479 1249 541 1285 vel
559 1249 597 1284 in
621 1249 814 1295 Hispania,
836 1249 897 1283 vel
922 1248 958 1283 in
979 1248 1215 1292 Macedonia,
1247 1248 1309 1283 vel
1339 1248 1376 1283 in
1403 1247 1539 1294 quovis
1566 1247 1641 1283 alio

198 1305 300 1341 illius
322 1306 501 1351 temporis
518 1305 618 1341 bello
642 1305 757 1349 fieri),
776 1305 849 1340 hoc
869 1304 1123 1340 tantummodo
1144 1309 1285 1340 certum
1307 1308 1376 1347 est,
1398 1303 1446 1339 de
1472 1303 1642 1339 Romano

200 1360 365 1397 exercitu
389 1360 483 1396 haee
503 1361 592 1405 dici,
613 1362 745 1407 procul
765 1373 789 1397 a
808 1361 929 1407 patria
950 1361 987 1396 in
1007 1362 1170 1396 maximo
1189 1360 1359 1407 periculo
1389 1364 1426 1395 et
1451 1361 1580 1396 mortis
1602 1361 1646 1396 ti-

200 1427 304 1454 more
326 1421 514 1453 versante.
578 1417 689 1453 Aliud
708 1416 905 1453 Gerlachio
929 1417 1088 1464 placuit,
1122 1418 1186 1464 qui
1211 1417 1297 1453 Vol.
1316 1417 1375 1452 Ill.
1394 1428 1432 1463 p.
1454 1418 1513 1454 90.
1541 1418 1648 1464 sequi

200 1472 419 1509 mutandum
438 1477 568 1509 censet
587 1473 625 1509 in
643 1474 814 1521 exsequi,
841 1476 879 1508 et
901 1476 1117 1509 extrema
1145 1475 1270 1510 munia
1293 1474 1554 1522 interpretatus
1582 1474 1643 1510 vi-

201 1530 387 1572 lissima
410 1529 559 1577 officia,
582 1528 854 1577 Cyzicenorum
886 1530 1059 1569 virtutem
1079 1534 1117 1566 et
1143 1530 1390 1566 constantiam
1419 1529 1482 1566 his
1510 1530 1644 1567 ¹verbis

203 1586 366 1623 describi
386 1587 478 1631 vult,
499 1597 595 1633 quae
616 1587 647 1622 F
649 1586 830 1634 ragmenti
858 1586 1059 1632 explicatio
1085 1590 1274 1623 extremae
1303 1586 1544 1622 absurditatis
1573 1591 1643 1623 est.

202 1643 264 1679 An
279 1654 357 1679 non
374 1642 578 1679 absurdum
598 1647 679 1688 est,
708 1647 748 1679 ut
766 1643 814 1679 de
835 1643 1034 1679 verborum
1054 1654 1239 1690 perversa
1266 1643 1568 1689 iuterpretatione
1592 1646 1645 1679 ta-

202 1710 321 1744 ceam,
341 1698 443 1746 quod
463 1698 651 1746 Cyziceni,
672 1700 732 1746 qui
755 1710 861 1735 suam
882 1700 1010 1735 urbem
1030 1699 1286 1743 defenderent,
1310 1700 1469 1746 quisque
1490 1700 1560 1736 sibi
1584 1711 1646 1736 ea-

202 1756 392 1798 tissimum
413 1755 512 1791 domi
543 1755 729 1792 recordati
759 1766 846 1792 esse
877 1754 1079 1796 dicuntur?
1137 1756 1289 1793 Scilicet
1306 1756 1503 1802 ‘ignoravit
1528 1756 1578 1792 V.
1600 1755 1643 1791 D.

203 1823 315 1859 quam
331 1813 409 1848 vini
428 1812 527 1848 domi
548 1823 625 1848 vox
643 1812 745 1859 apud
760 1812 954 1848 Romanos
973 1811 1149 1857 haberet,
1178 1823 1299 1859 neque
1321 1811 1413 1848 illud
1433 1812 1530 1858 vidit
1545 1812 1646 1848 ordi—

203 1878 270 1904 nes
286 1867 325 1904 h.
342 1869 368 1904 l.
385 1879 473 1904 esse
493 1869 715 1907 vocabulum
745 1869 897 1904 militiae
918 1879 1108 1913 romanae,
1129 1880 1202 1916 quo
1220 1868 1313 1904 varii
1334 1867 1477 1915 gradus
1492 1858 1647 1907 militum

205 1923 523 1973 discernerentur.
551 1925 608 1967 (v.
630 1924 792 1971 Herzog.
817 1924 867 1959 ad
888 1923 993 1960 Caes.
1017 1924 1060 1960 B.
1080 1926 1126 1961 G.
1141 1925 1169 1970 1,
1192 1927 1250 1969 40,
1272 1929 1307 1962 l.
1339 1929 1375 1959 et
1396 1924 1550 1971 Ruperti
1565 1924 1648 1961 An-

206 1980 296 2026 tiqq'.
315 1990 410 2017 rom.
431 1979 519 2014 Vol.
540 1979 602 2016 111.
619 1991 656 2026 p.
675 1979 799 2025 875.);
820 1979 860 2015 hi
880 1979 1033 2015 ordines
1053 1985 1176 2017 autem
1197 1980 1286 2027 quid
1307 1980 1357 2016 ad
1378 1979 1614 2027 Cyzicenos?

318 2036 378 2071 Fr.
399 2037 457 2074 90.
499 2033 615 2079 [Cort.
634 2047 673 2082 p.
694 2038 775 2075 966.
807 2035 907 2072 Gerl.
928 2035 991 2072 ed.
1012 2038 1100 2073 mai.
1115 2037 1176 2082 111,
1198 2040 1256 2075 12.
1275 2035 1337 2072 ed.
1361 2035 1449 2073 min.
1470 2037 1531 2082 111,
1555 2039 1590 2077 7.
1607 2049 1646 2084 p.

206 2096 287 2135 215,
306 2094 366 2130 28.
386 2090 496 2127 Debr.
515 2091 560 2136 11,
581 2089 677 2140 141.]
736 2092 832 2128 Non.
851 2092 915 2137 IV,
932 2094 1014 2130 218.
1034 2105 1074 2140 p.
1092 2096 1173 2138 314,
1192 2097 1250 2132 23.
1272 2091 1334 2129 ed.
1355 2093 1471 2131 Mei-c.
1511 2093 1647 2138 Quam-

209 2159 321 2196 quam
341 2151 443 2190 eerta
460 2148 660 2184 verborum
686 2149 884 2196 explicatio
899 2149 1008 2184 nullo
1028 2150 1141 2186 modo
1160 2153 1285 2196 potest
1305 2149 1402 2194 iniri,
1432 2154 1558 2186 tamen-
1583 2150 1648 2186 vix

211 2205 363 2241 dubium
382 2197 451 2248 est,
479 2204 568 2250 quin
586 2205 834 2251 pertinuerint
864 2204 914 2241 ad
940 2215 1001 2241 res
1022 2206 1245 2254 Hispanicas
1275 2208 1358 2243 sive
1390 2205 1548 2244 Sertorii
1571 2208 1648 2244 bel-

210 2263 299 2305 lum,
320 2259 361 2296 id
383 2258 485 2306 quod
504 2261 699 2297 coniicitur
718 2272 767 2297 ex
777 2262 996 2308 provirwiae
1015 2262 1367 2300 commemoratione
1373 2273 1449 2310 per
1465 2264 1649 2300 bietmium

206 2318 316 2366 gravi
337 2327 486 2352 annona
514 2317 726 2364 laborantis.
747 2318 796 2354 el.
815 2318 964 2365 Fragm.
987 2319 1048 2365 ΙΙΙ,
1070 2324 1103 2364 l,
1125 2323 1160 2357 1·.
1180 2323 1217 2356 et
1242 2320 1425 2366 imprimis
1445 2323 1480 2363 S.
1494 2323 1529 2359 9.
1565 2315 1648 2356 Plu-

210 2372 328 2410 tarch.
351 2373 389 2408 in
409 2373 539 2420 Pomp.
558 2385 595 2410 c.
612 2373 702 2418 XX,
732 2378 826 2411 extr.
847 2375 883 2411 in
908 2373 1005 2411 Sert.
1027 2387 1060 2411 c.
1081 2376 1181 2420 XXl,
1202 2380 1295 2412 extr.
1354 2376 1438 2418 Non
1464 2377 1649 2423 improba-

208 2431 282 2467 bile
306 2429 418 2476 igitur
447 2429 617 2474 videtur,
638 2430 725 2469 huic
743 2431 966 2478 Fragmento
985 2433 1196 2479 proximum
1220 2437 1310 2479 post
1323 2433 1490 2479 Pompeii
1511 2433 1649 2480 episto-

209 2488 283 2523 lam
303 2486 420 2522 fuisse
441 2486 586 2531 locum,
610 2497 723 2532 quum
749 2491 1040 2524 consentaneum
1070 2489 1138 2533 sit,
1173 2488 1390 2525 Sallustium
1422 2489 1470 2525 dc
1502 2490 1649 2526 caussis

210 2542 359 2589 inopiae
375 2546 411 2577 et
432 2542 553 2586 samis,
574 2541 624 2590 de
643 2543 923 2591 quaPompeius
944 2549 1140 2592 tantopere
1159 2546 1338 2591 queritur,
1360 2545 1547 2590 quaedam
1564 2547 1649 2581 sub-

210 2599 366 2642 iecisse,
398 2602 435 2633 et
462 2598 543 2633 eius
574 2599 628 2642 rei
654 2599 801 2645 culpam
828 2599 931 2636 haud
962 2602 1135 2648 exiguam
1164 2601 1445 2648 magistratuum
1468 2603 1559 2638 vitio
1590 2602 1651 2637 tri-

210 2655 351 2692 buisse.
379 2655 483 2690 Hunc
497 2654 596 2689 enim
614 2665 766 2690 sensum
780 2655 918 2692 habere
932 2656 1106 2693 videntur
1123 2659 1237 2693 verba
1253 2658 1481 2705 namquehis
1491 2663 1650 2705 praeter

210 2711 317 2748 solita
333 2712 467 2747 vitiosis
485 2710 764 2758 magistr-auom,
785 2712 871 2748 licet
890 2723 965 2749 non
984 2718 1128 2750 constet
1148 2718 1267 2750 utrum
1285 2714 1412 2751 his—
1428 2715 1649 2762 mayn'strati-

210 2767 276 2805 bus
296 2765 426 2813 dativi,
448 2778 495 2803 an
516 2767 668 2805 ablativi
692 2768 879 2816 temporis,
901 2773 964 2806 aut
983 2771 1142 2806 absoluti
1163 2770 1247 2806 sint.
1314 2770 1442 2807 Vitiosi
1457 2771 1650 2818 mayerh-a·
