1774 3002
0 0 185 106 Γπςν
199 2 203 3 ⁷
212 0 221 9 ,›

43 20 51 34 ‚⁵
98 25 107 32 ε

0 110 6 118 .

0 157 4 165 .

481 116 811 177 fflsronmnuu
837 138 1150 177 FRAGMENTA.
1209 139 1298 176 Lm.
1331 139 1389 174 111.
1563 130 1647 172 2³5

308 297 310 300 -
343 230 412 311 55.
467 264 720 324 Nomenque
750 263 996 308 Danubium
1026 262 1169 308 babet.

342 351 411 394 56.
468 345 669 393 Omnium
706 345 952 400 fluminum,
979 360 1093 406 quae
1120 345 1163 390 in
1192 343 1348 398 maria,
1389 357 1476 403 qua
1506 342 1649 400 impe-

209 431 320 477 rium
355 430 598 496 Romanum
626 431 715 483 est,
756 428 919 483 fluunt,
953 442 1082 489 quam
1118 427 1273 474 Graeci
1302 419 1386 487 τὴν
1416 426 1523 471 εἴσω
1552 419 1650 470 θά-

213 591 340 626 solens
355 616 365 633 ‚
398 593 436 625 ut
459 589 554 625 salso
587 588 637 624 ad
665 587 746 634 lug.
773 598 807 623 c.
830 586 953 631 CVIII,
968 589 1005 625 3.
1033 598 1072 633 p.
1092 588 1175 624 585.
1194 583 1470 621 contendimus.
1491 585 1538 619 es.
1565 583 1651 620 Ter.

211 645 328 682 Andr.
352 645 415 689 lv,
444 649 474 691 1,
493 646 550 683 57.
609 644 772 680 Res-time
793 644 839 679 in
866 652 999 690 quem
1028 652 1085 678 me
1114 642 1290 688 acceptato·
1312 641 1479 685 locum,
1508 641 1531 676 i.
1553 651 1588 678 e.
1613 641 1653 676 in

211 712 292 738 eum
316 702 451 745 locum,
469 711 540 748 quo
560 711 619 736 me
640 700 830 746 accepisti.
861 699 909 734 V.
930 698 1080 735 Walch.
1100 697 1283 734 Emendd.
1304 697 1386 732 Liv.
1406 708 1438 732 c.
1459 697 1519 732 lV.
1539 707 1576 743 p.
1592 698 1653 735 81.

213 762 250 794 et
269 758 449 804 Krueger.
471 756 518 792 de
541 756 695 793 Attract.
715 756 802 803 ling.
829 756 891 791 lat.
909 758 941 797 S.
964 758 1044 793 112
1075 765 1111 801 p.
1131 755 1199 793 277
1222 764 1303 800 sqq.
1363 752 1454 789 Cum
1488 752 1651 789 Sallustii

214 815 296 849 loco
323 810 433 860 plane
463 813 636 859 congruit
662 811 959 858 Xenophonteus
991 811 1029 846 in
1048 811 1168 846 Anah
1194 810 1220 853 Ι,
1236 812 1272 853 9,
1293 813 1350 847 25.
1409 807 1541 858 Κῦρος
1557 807 1653 844 πολ-

213 862 325 913 λᾰκις
342 866 479 918 βίκους
497 865 610 906 οἴνου
628 860 835 929 {studetis-’¹
813 878 954 914 επεμπε
972 866 1053 910 τοῖς
1067 864 1195 913 φίλοις
1216 861 1422 914 ἐπιλέγων,
1440 862 1563 901 δεῖται
1581 873 1655 901 σου

214 924 351 962 τοῦτον
370 920 519 961 εκπιεῐν
539 918 708 974 τήμερον
733 914 824 960 σὺν
842 916 916 968 οἷς
938 915 1106 971 μάλιστα
1125 921 1309 970 φιλεῖς,
1338 923 1363 957 i.
1387 933 1422 956 e.
1452 912 1527 957 σὺν
1554 916 1652 957 ἐκεί-

215 992 309 1029 νοις,
332 992 414 1025 ους
441 973 608 1029 μάλιστα
631 979 809 1027 φιλεῖς.

323 1037 385 1072 Fr.
398 1041 463 1075 55.
503 1037 617 1082 [Cort.
637 1047 676 1083 p.
698 1038 801 1075 1004.
834 1035 932 1072 Gerl.
950 1035 1013 1070 ed.
1040 1034 1128 1070 mai.
1158 1034 1236 1070 lnc.
1256 1035 1313 1071 57.
1335 1032 1396 1069 ed.
1421 1033 1509 1068 min.
1530 1033 1575 1076 Il,
1598 1034 1655 1071 75

214 1105 250 1140 p.
268 1097 350 1137 205,
368 1097 403 1131 5.
428 1093 538 1129 Debr.
559 1093 618 1137 ΙΙΙ,
644 1095 720 1131 108.
751 1092 811 1137 ΙΙΙ,
832 1089 927 1140 158.]
965 1092 1084 1127 Locus
1106 1091 1188 1126 sine
1209 1090 1290 1126 libri
1317 1089 1455 1125 indicio
1477 1092 1535 1125 est
1554 1089 1655 1136 apud

215 1150 353 1185 Acron.
386 1149 435 1185 ad
455 1149 581 1185 Horat.
598 1121 643 1184 Ᾰ.
666 1150 705 1184 Ρ.
729 1150 807 1192 18.;
829 1147 990 1183 cundem
1007 1158 1053 1183 ex
1073 1147 1177 1183 tertio
1197 1146 1323 1182 laudat
1343 1146 1454 1184 Arus.
1473 1157 1512 1181 v.
1526 1155 1656 1182 nomen

215 1206 267 1242 iun·
282 1209 346 1251 est,
367 1217 405 1252 p.
424 1208 506 1243 248.
528 1205 711 1248 Linde-m„
733 1215 843 1250 quam
865 1204 1112 1240 certissimam
1131 1203 1363 1250 grammatici
1398 1203 1655 1238 auctoritatem

217 1261 313 1297 adeo
342 1262 562 1307 contempsit
582 1260 813 1304 Cauchius,
836 1265 874 1295 ut
899 1261 935 1296 in
965 1259 1025 1295 ed.
1045 1259 1134 1294 min.
1160 1269 1229 1295 suo
1250 1259 1420 1294 acumine
1437 1258 1603 1295 confisus
1619 1259 1656 1294 in

214 1318 411 1353 secundum
437 1319 666 1353 transferret.
698 1316 757 1352 Ad
778 1317 904 1352 brevis
917 1316 944 1351 F
948 1315 1128 1362 rag-menti
1151 1315 1331 1350 rationem
1352 1314 1655 1361 cognoscendam

217 1374 384 1419 apprime
406 1373 491 1409 lacit
509 1373 609 1409 Sext.
634 1373 714 1408 Ruf.
740 1384 774 1408 c.
795 1373 830 1409 7.
888 1372 1089 1407 Dardanos
1108 1376 1141 1406 et
1167 1370 1311 1406 Moesos
1330 1370 1438 1406 Curio
1456 1371 1661 1417 procoma

216 1429 363 1476 subegit,
391 1434 427 1465 et
445 1431 632 1475 primus
661 1429 972 1464 Romanorum
1011 1428 1071 1463 acl
1091 1427 1352 1463 Danubium
1385 1436 1532 1474 usque
1551 1437 1657 1474 per-

218 1486 352 1521 venit.
387 1484 491 1520 Idem
512 1489 665 1521 testatur
694 1485 844 1530 Eutrop.
866 1484 928 1528 VI,
950 1488 985 1522 2.
1021 1483 1159 1519 Missus
1178 1483 1276 1530 App.
1299 1482 1447 1519 Claudio
1466 1493 1659 1520 successor

217 1541 256 1577 C.
267 1540 480 1577 Scribonius
489 1541 599 1577 Curio
612 1545 699 1588 post
718 1541 957 1576 consulatum.
988 1539 1029 1576 Is
1049 1539 1251 1575 Dardanos
1273 1540 1355 1574 vicit
1372 1543 1408 1575 et
1434 1549 1582 1586 usque
1599 1540 1660 1575 ad

217 1597 478 1633 Danubium
493 1597 785 1644 penetravit.
844 1597 1023 1632 Nimirum
1044 1606 1157 1642 quum
1176 1595 1370 1631 Danubius
1397 1596 1558 1642 primum
1579 1596 1658 1632 adi-

219 1658 276 1689 tus
302 1653 480 1689 Romanis
500 1653 603 1689 haud
632 1652 743 1688 dubie
772 1664 834 1688 res
858 1663 996 1700 magna
1025 1656 1134 1698 atque
1165 1653 1267 1687 clara
1294 1651 1506 1696 videretur,
1538 1651 1658 1689 Sallu-

218 1709 323 1752 stius,
346 1709 408 1756 qui
428 1714 526 1745 amat
551 1709 598 1744 de
621 1714 798 1744 terrarum
815 1714 851 1744 et
871 1709 1039 1744 locorum
1062 1709 1134 1744 situ
1153 1712 1189 1743 et
1207 1712 1339 1744 natura
1358 1719 1402 1744 ac
1422 1708 1470 1744 de
1491 1709 1656 1755 gentium

218 1769 443 1801 remotarum
472 1765 622 1812 ingenio
645 1765 882 1811 moribusque
902 1775 1106 1811 exponere,
1126 1775 1201 1799 non
1218 1765 1382 1800 alienum
1405 1765 1550 1811 putavit
1566 1776 1660 1800 non-

217 1821 318 1856 nulla
338 1825 415 1856 tum
437 1821 483 1856 de
507 1821 660 1857 flumine
680 1822 776 1867 ipso,
799 1826 871 1856 tum
896 1820 943 1856 de
962 1822 1099 1856 accolis
1120 1821 1292 1867 gentibus
1314 1831 1438 1855 rerum
1454 1831 1476 1855 a
1498 1820 1658 1856 Curione

219 1881 410 1923 gestarum
442 1878 644 1913 narrationi
667 1876 892 1912 interiicere.
950 1876 1011 1911 Ad
1042 1877 1199 1912 Danubii
1228 1878 1340 1923 igitur
1369 1876 1658 1922 descriptionem

220 1936 258 1967 et
283 1931 356 1968 hoc
378 1932 526 1979 Fragm.
548 1937 583 1967 et
604 1943 765 1978 sequens
786 1933 967 1977 pertinet;
1010 1943 1131 1978 neque
1157 1933 1229 1967 alio
1263 1943 1308 1968 ea
1336 1942 1447 1978 quam
1478 1932 1550 1969 hoc
1573 1934 1656 1969 loco

220 1986 388 2023 exhiberi
407 1998 521 2034 posse
544 1989 682 2023 nemini
704 1987 854 2023 dubium
876 1988 965 2031 erit,
994 1989 1065 2023 nisi
1086 1988 1147 2034 qui
1171 1989 1207 2023 in
1228 1989 1329 2023 clara
1353 1989 1437 2023 luce
1459 1989 1658 2025 coecutiat.

221 2063 277 2069 —
296 2042 406 2087 Quod
425 2043 474 2078 ad
493 2044 772 2090 grammaticam
797 2045 993 2079 verborum
1014 2044 1193 2079 rationem
1215 2044 1361 2089 attinet,
1391 2044 1492 2080 Acro
1518 2046 1659 2092 pariter

223 2103 332 2146 atque
370 2099 579 2135 Arusianus
609 2100 704 2136 falso
734 2099 963 2136 contendunt
989 2100 1198 2136 Danubium
1232 2104 1364 2136 neutro
1389 2112 1529 2148 genere
1570 2113 1659 2138 esse

219 2155 401 2202 positum,.
415 2166 489 2190 non
503 2156 666 2191 assecuti
687 2156 942 2192 accusativum
966 2156 1003 2192 vi
1025 2156 1271 2203 appositionis
1291 2156 1340 2193 ad
1360 2167 1489 2193 namen
1506 2159 1657 2203 reserri3

222 2212 270 2247 cf.
291 2211 450 2258 Krugeri
471 2211 633 2248 Gramm.
655 2213 718 2248 lat.
738 2215 773 2255 s.
794 2215 876 2256 299,
899 2216 931 2250 1.
950 2224 988 2259 p.
998 2215 1082 2251 395.
1111 2212 1280 2248 Eandem
1299 2217 1521 2250 structuram
1540 2215 1658 2251 habes

222 2266 326 2314 apud
350 2266 460 2303 Ovid.
481 2268 596 2303 Fastt.
619 2268 680 2312 111,
689 2271 772 2306 245.
815 2268 930 2313 Adde,
944 2269 1043 2315 quod
1061 2269 1237 2305 eaecubn‘as
1261 2271 1342 2317 reyi
1359 2270 1552 2308 Romanus
1570 2282 1657 2319 aye-

222 2323 293 2368 bal,
324 2322 405 2366 Qua
423 2334 523 2359 nunc
541 2324 788 2371 Esquilias
806 2326 994 2360 nomina
1018 2326 1119 2361 collate
1138 2325 1289 2361 habet.

333 2379 393 2414 Fr.
415 2382 474 2417 56.
503 2378 620 2424 [Cort.
639 2383 742 2419 1009.
763 2380 861 2417 Gerl.
882 2381 943 2417 ed.
966 2381 1053 2416 mai.
1072 2382 1148 2418 Inc.
1170 2385 1248 2420 190.
1271 2381 1332 2418 ed.
1354 2382 1445 2418 min.
1469 2382 1512 2426 ΙΙ,
1537 2384 1595 2421 76.
1617 2395 1655 2429 p.

221 2439 302 2480 205,
323 2438 360 2474 6.
379 2434 490 2470 Debr.
505 2435 565 2479 111,
587 2436 682 2480 157.]
739 2436 819 2473 Hoc
848 2437 1125 2484 Fragmentum,
1155 2449 1177 2473 a
1197 2438 1315 2474 Gellio
1334 2438 1382 2482 X,
1404 2440 1440 2475 7.
1468 2439 1549 2474 sine
1575 2439 1658 2475 libri

221 2496 312 2527 nota
333 2496 523 2540 servatum
544 2501 767 2538 quamquam
789 2493 1009 2528 sententiam
1037 2494 1178 2540 magis,
1207 2505 1318 2540 quam
1350 2495 1468 2531 verba
1491 2494 1657 2531 Sallustii

220 2549 385 2594 praebet,
412 2546 562 2582 abunde
583 2551 706 2582 tamen
725 2548 900 2592 ostendit,
921 2548 1022 2596 quod
1043 2550 1236 2596 superiore
1257 2551 1482 2596 Fragmento
1511 2551 1654 2598 signifi-

221 2603 403 2648 cavimus,
425 2603 672 2639 auctoremin
686 2603 859 2640 Historiis
879 2604 926 2640 de
948 2605 1116 2644 Danubio
1147 2607 1303 2652 eiusque
1325 2607 1487 2651 nomine,
1511 2608 1656 2654 magni-

220 2658 346 2695 tudine
377 2662 414 2694 et
448 2670 562 2695 cursu
585 2663 756 2695 accurate
784 2661 922 2707 egisse.
978 2661 1037 2696 Ex
1065 2661 1198 2697 eodem
1226 2663 1309 2697 loco
1337 2661 1534 2709 desumpta
1566 2674 1653 2699 esse

219 2716 346 2761 verba,
368 2714 468 2751 unde
496 2715 650 2762 petitum
677 2719 735 2750 est
757 2715 815 2752 Fr.
840 2720 908 2763 55.,
928 2728 990 2753 res
1019 2718 1103 2766 ipsa
1130 2718 1311 2765 loquitur3
1341 2729 1461 2767 eoque
1490 2718 1655 2755 concidit
