1774 3002
141 139 225 181 236
551 123 554 125 Α
627 145 678 183 e..
700 145 932 185 SALLUSTI
962 145 1113 185 cmsm

137 269 315 314 λασσαν
342 269 583 330 appellant,
607 271 843 318 maximum
864 287 966 318 esse
987 272 1130 319 Nilum
1160 275 1451 334 consentitur3
1477 292 1588 337 pro-

139 352 258 399 xima
285 353 587 414 magnitudine
616 369 717 401 esse
752 356 948 415 Histrum
976 356 1192 418 [sempsit
1224 357 1504 421 Sallustius]

138 478 323 515 Gerlachii
358 480 484 527 opinio
516 480 601 516 Vol.
625 481 743 528 111.p.
776 485 854 520 144.
886 481 1096 526 declarata,
1130 481 1366 531 Sallustium,
1396 498 1508 533 quum
1539 488 1586 525 de

138 535 240 571 Ponti
257 537 328 572 situ
350 541 490 583 ageret,
510 536 556 572 de
567 537 736 574 Danubio
759 539 994 585 exposuisse.
1016 559 1065 564 —-
1084 511 1136 574 De
1153 542 1268 576 maris
1282 515 1417 579 inici-ni
1435 545 1586 581 nomine

138 603 278 639 graeco
306 584 331 640 ἡ
354 589 445 629 εἴσω
470 586 656 629 θάλασσα
682 607 720 631 ν.
745 595 939 642 Forbigeri
966 594 1102 642 Geogr.
1134 597 1247 643 antiq.
1283 599 1368 635 Vol.
1400 601 1444 635 II.
1478 605 1586 647 p.13

137 660 232 696 sqq.
256 650 318 695 qui
338 649 477 685 ibidem
499 649 546 685 de
572 651 687 686 variis
710 651 789 687 eius
812 653 981 699 partibus
1007 657 1178 688 accurate
1203 656 1391 700 exposuit.
1432 657 1493 692 Ad
1514 657 1585 694 has

131 709 261 752 partes
283 707 491 752 respiciens
510 705 592 743 sive
614 706 813 744 Sallustius
839 709 920 744 sive
941 707 1081 744 Gellius
1103 710 1224 745 maria
1247 709 1354 756 dicit,
1388 723 1484 759 quae
1510 717 1584 750 sta-

135 762 198 797 tim
217 766 304 808 post
324 763 526 810 singularis
544 765 683 799 numeri
700 766 882 801 vocabulo
905 764 1175 810 significantur.
1198 785 1252 791 ——
1283 767 1364 812 Qua
1377 770 1584 815 particulae

137 818 212 855 vim
233 823 268 854 et
289 830 398 855 usum
419 820 606 866 tetigimus
631 820 679 856 ad
701 821 780 867 lug.
803 832 835 856 c.
857 820 989 865 XVIII,
1009 825 1044 859 2.
1067 833 1106 868 p.
1123 825 1202 860 108.
1222 825 1308 860 coll.
1329 837 1362 860 c.
1379 825 1583 872 XXXVIII,

134 878 169 914 6.
193 886 230 922 p.
250 879 332 914 221.
363 876 409 911 V.
443 876 554 912 etiam
597 877 658 912 Fr.
681 882 714 921 1,
734 880 768 915 9.
790 882 826 913 et
846 878 906 922 III,
929 879 1054 916 59.—
1073 878 1125 913 De
1149 879 1296 917 relativi
1313 892 1424 928 quam
1443 893 1583 930 genere
1635 922 1638 923 ⁷

134 943 208 967 non
229 944 311 968 cum
328 933 579 979 praecedente
597 935 847 978 substantivo,
867 933 935 970 sed
951 945 1036 969 cum
1054 935 1141 970 eius
1152 936 1325 980 attributo
1341 944 1583 986 congruente,

133 1000 172 1023 v.
193 988 354 1024 Gramm.
387 989 451 1024 lat.
487 995 651 1025 nostram
679 994 712 1033 §-
739 994 819 1035 145,
844 993 879 1028 3.
916 995 993 1025 not.
1011 994 1047 1029 2.
1073 1002 1108 1027 a.
1128 1004 1167 1038 p.
1188 995 1271 1031 484.
1311 1014 1360 1026 ψ-
1401 994 1524 1031 Histri
1547 1001 1583 1032 et

130 1045 294 1081 Danubii
310 1045 472 1090 nomina,
494 1057 717 1093 quamquam
739 1058 854 1093 saepe
874 1047 1087 1093 promiscue
1103 1054 1302 1094 ponuntur,
1326 1051 1375 1087 ita
1395 1051 1582 1098 differunt,

133 1106 172 1138 ut
195 1101 287 1138 illud
308 1101 355 1137 de
378 1103 555 1138 Inferiore
586 1108 621 1138 et
641 1103 689 1139 ad
709 1104 806 1139 ostia
830 1115 898 1139 sua
911 1109 1142 1149 properante
1166 1104 1331 1151 flumine,
1352 1107 1424 1143 hoc
1449 1109 1494 1144 de
1521 1121 1581 1145 su-

130 1158 291 1205 periore,
324 1158 412 1194 dum
435 1159 670 1196 Germaniam
692 1165 728 1208 et
748 1160 977 1196 Pannoniam
1000 1165 1181 1206 permeat,
1210 1167 1430 1210 usurpetur3
1450 1178 1482 1202 v.
1493 1166 1581 1201 For-

130 1215 251 1262 bigeri
273 1214 410 1262 Geogr.
432 1222 507 1251 ant.
529 1216 614 1251 Vol.
636 1216 695 1252 III.
716 1228 753 1263 p.
773 1219 855 1255 325.
878 1219 1019 1255 not.16.
1036 1236 1081 1242 -—
1107 1217 1177 1262 Qui
1195 1220 1309 1266 vulgo
1327 1220 1580 1268 diciturIsler‚

131 1283 207 1307 non
231 1271 354 1307 minus
376 1276 477 1308 recte
497 1272 626 1308 Hister
655 1274 846 1318 scribitur,
879 1278 916 1309 ut
942 1272 1273 1311 Grammaticorum
1303 1276 1514 1314 testimonio
1546 1283 1581 1314 et

130 1329 240 1364 bonis
277 1329 501 1374 optimorum
527 1330 750 1376 scriptorum
780 1329 974 1366 codicibus
999 1332 1281 1377 comprobatur:
1309 1334 1358 1369 cs.
1386 1333 1579 1382 Forbiger.

130 1385 203 1422 1.-1.
226 1388 261 1420 et
285 1383 395 1421 Gonr.
418 1386 533 1432 Leop.
557 1385 779 1422 Schneideri
800 1386 962 1423 Gramm.
980 1387 1062 1432 Lat.
1093 1387 1121 1431 I,
1137 1390 1171 1425 1.
1191 1399 1229 1434 p.
1246 1390 1329 1427 194.

223 1442 302 1490 Fr.
323 1444 382 1481 57.
407 1441 521 1488 [Cort.
542 1454 579 1489 p.
601 1446 705 1481 1002.
729 1443 827 1479 Gerl.
852 1442 912 1478 ed.
934 1441 1023 1480 mai.
1044 1443 1121 1480 Inc.
1156 1442 1214 1482 18.
1245 1442 1309 1481 ed.
1331 1445 1421 1482 min.
1442 1447 1504 1493 III,
1522 1451 1580 1486 29.

129 1510 167 1546 p.
187 1500 268 1543 217,
289 1501 325 1536 9.
346 1499 457 1536 Debr.
477 1499 521 1543 ΙΙ,
539 1500 636 1544 153.]
686 1500 756 1544 Qui
778 1499 992 1536 loeus-huic
1011 1500 1248 1547 Fragmento‚
1271 1502 1373 1549 quod
1393 1503 1494 1550 apud
1514 1504 1580 1540 Isi-

129 1555 211 1591 dor.
240 1555 371 1602 Origg.
393 1555 492 1600 XIX,
514 1559 574 1600 23,
594 1558 630 1593 4.
653 1567 690 1602 p.
713 1556 931 1595 662.*Lind.
966 1557 1047 1592 sine
1078 1557 1161 1593 libri
1192 1563 1279 1595 nota
1309 1563 1450 1605 exstat,
1485 1561 1580 1596 assi-

127 1611 303 1659 gnandus
330 1612 389 1656 sit,
415 1613 643 1658 aliquantum
664 1613 778 1649 habet
798 1612 1051 1657 dubitationis,
1071 1625 1184 1660 quum
1212 1614 1315 1650 haud
1336 1616 1445 1652 facile
1471 1616 1578 1654 dicas

128 1669 189 1704 ubi
200 1668 399 1705 Sallustius
423 1668 469 1704 de
490 1669 686 1704 Germanis
705 1670 835 1716 egerit,
857 1669 970 1715 idque
991 1670 1108 1705 obiter
1129 1674 1282 1715 tantum,
1296 1682 1344 1707 an
1360 1672 1578 1720 dataopera

127 1725 267 1761 fecerit.
308 1726 349 1760 In
369 1736 408 1760 re
441 1720 616 1772 ambigua
637 1737 709 1761 non
726 1726 981 1772 improbabilis
1007 1726 1156 1762 videtur
1171 1727 1363 1764 Debrossii
1382 1730 1576 1774 sententia,

128 1783 189 1829 qui
214 1781 254 1818 id
273 1782 311 1817 in
331 1781 544 1818 enarranda
563 1781 690 1829 aliqua
700 1781 870 1818 Curionis
893 1781 1131 1828 expeditione
1149 1783 1283 1819 sactum
1301 1795 1387 1820 esse
1404 1786 1575 1830 coniecit,

128 1849 353 1886 quamquam
383 1842 420 1874 et
447 1839 485 1874 in
513 1840 596 1874 loco
618 1839 701 1875 libri
723 1838 1006 1883 constituendo,
1043 1843 1079 1874 et
1103 1839 1140 1874 in
1170 1843 1336 1886 tempore
1359 1840 1574 1878 definiendo

127 1900 164 1931 et
183 1895 221 1931 in
245 1895 379 1931 ceteris
400 1895 634 1942 Fragmentis
654 1895 727 1932 huc
749 1896 874 1931 tractis
896 1896 1050 1931 multum
1075 1907 1097 1931 a
1127 1907 1219 1932 vero
1242 1897 1442 1934 aberravit.
1464 1899 1574 1935 Nullo

128 1953 225 1988 enim
246 1951 361 1988 modo
377 1952 458 1988 fieri
477 1953 619 1999 potuit,
650 1953 779 1988 utiam
798 1951 958 1988 secundo
980 1952 1095 1996 libro,
1127 1963 1200 1999 quo
1222 1952 1296 1990 duo
1317 1954 1463 2000 priores
1487 1956 1572 1991 anni

128 2009 311 2053 Curionis,
333 2009 356 2045 i.
375 2020 407 2044 e.
428 2010 485 2047 75.
509 2012 545 2044 et
565 2011 621 2047 74.
639 2020 674 2045 a.
688 2008 784 2049 Chr.
807 2020 844 2044 n.
866 2009 1103 2044 continentur
1124 2010 1181 2054 (v.
1206 2009 1255 2045 ad
1274 2010 1333 2046 Fr.
1350 2011 1393 2055 ΙΙ,
1413 2011 1504 2056 41.)‚
1526 2012 1575 2048 de

127 2066 321 2102 Germanis
343 2070 528 2112 ageretur,
554 2067 656 2102 nulla
676 2066 763 2101 dum
785 2066 865 2102 eius
883 2066 936 2101 rei
956 2065 1094 2101 idonea
1110 2066 1314 2102 occasione
1330 2067 1467 2104 oblata.
1496 2068 1574 2105 Sed

126 2134 238 2168 quum
261 2124 362 2158 tertio
384 2123 477 2158 libro
509 2122 618 2158 Curio
649 2122 698 2158 ad
728 2122 939 2158 Danubium
971 2133 1090 2168 usque
1114 2133 1343 2169 progressus
1364 2135 1457 2160 -esse
1488 2135 1572 2162 nar-

126 2183 226 2214 retur
248 2180 306 2222 (v,
323 2179 384 2214 Fr.
405 2179 466 2223 III,
486 2181 576 2222 55),
602 2179 803 2214 admodum
826 2178 1019 2224 probabile
1042 2182 1100 2213 est
1122 2178 1358 2222 Sallustium,
1393 2179 1572 2227 fluminis,

126 2235 227 2282 quod
249 2239 323 2270 tum
340 2235 501 2281 primum
522 2236 813 2281 conspexissent
832 2234 1012 2278 Romani,
1051 2239 1227 2271 accurata
1249 2236 1437 2274 mentione
1459 2238 1573 2282 facta,-

126 2291 347 2328 adiunxisse
373 2290 460 2326 huic
481 2291 722 2337 disputationi
751 2292 929 2326 nonnulla
950 2290 998 2326 de
1030 2292 1194 2337 gentium
1219 2292 1493 2339 incognitarum
1515 2294 1570 2330 in-

61 2379 64 2383 .
125 2348 238 2396 genio
261 2351 296 2382 et
316 2348 494 2391 moribus,
513 2358 608 2393 quae
625 2352 660 2382 et
680 2352 784 2383 trans
807 2347 898 2382 illud
919 2347 1071 2392 flumen,
1092 2351 1128 2384 et
1144 2347 1192 2383 ad
1213 2348 1438 2385 eiusfontes
1459 2351 1572 2386 ostia-

126 2416 198 2451 que
218 2414 354 2439 versus
377 2403 600 2440 habitarent.
659 2398 781 2447 Quum
804 2408 927 2439 autem
948 2404 1341 2442 Germanorumnatio'
1356 2411 1427 2452 per
1451 2417 1492 2442 se
1516 2407 1566 2442 la-

128 2461 270 2497 tissime
294 2463 465 2506 pateret,
496 2464 665 2504 veteres,
699 2470 944 2507 quaecunque
968 2463 1099 2507 gentes
1123 2462 1218 2497 ultra
1242 2461 1439 2507 Noricum,
1456 2463 1566 2498 Pan-

125 2518 276 2553 noniam
298 2521 334 2552 et
353 2517 543 2563 Illyricum
566 2516 615 2552 ad
638 2516 846 2552 Danubium
866 2528 1003 2553 versus
1024 2517 1136 2553 sedes
1160 2517 1364 2563 habebant,
1388 2518 1567 2554 universo

126 2575 395 2610 Germanorum
427 2573 576 2609 nomine
597 2573 917 2619 comprehendere
941 2574 1130 2618 solebant;
1162 2575 1209 2609 cf.
1231 2573 1388 2636 Dionys.
1418 2574 1567 2636 Perieg.

124 2643 163 2668 v.
179 2632 250 2669 298
276 2641 357 2676 sqq.
409 2621 533 2681 Ῥήνῳ
553 2620 588 2666 δ’
589 2624 708 2677 ἑξείης
728 2624 996 2665 ἐπιτέλλεται”
978 2619 1080 2677 ιερὸς
1087 2622 1255 2691 Ἴστρος,
1255 2621 1416 2680 Ἴστρος,
1435 2619 1518 2673 ἒς’
1493 2641 1564 2666 αν-

125 2684 258 2750 τολίην
275 2683 532 2750 τετραμμένος
553 2678 644 2735 ἄγχι
663 2678 870 2733 θαλάσσης
890 2676 1094 2731 Εὐξείνου,
1115 2678 1208 2722 τόθι
1221 2685 1355 2721 πᾶσαν
1373 2678 1566 2735 ἐρευγεται

122 2735 265 2788 ’ὕδατος
293 2735 420 2791 ἄχνην
447 2737 716 2792 Πενταπόροις
756 2740 971 2793 προχοῇσιν
998 2734 1242 2790 ἑλισσόμενος
1266 2736 1356 2791 περὶ
1389 2737 1566 2792 Πεύκην.
