1774 3002
449 157 780 197 HISTORIARUM
806 157 1120 211 FRAGMENTA.
1178 157 1267 194 LIB.
1298 157 1364 194 IV.
1539 150 1624 194 385

323 286 393 328 35.
449 283 598 330 Italiae
623 282 815 329 Siciliam
843 281 1117 328 coniunctam
1145 282 1285 327 fuisse
1306 282 1481 327 constat
1489 296 1502 338 ;
1545 280 1625 326 sed

192 365 379 412 medium
406 367 594 426 spatium
617 368 694 412 aut
719 381 800 427 per
821 365 1105 412 humilitatem
1123 365 1327 411 obrutum
1346 367 1428 419 est,
1453 366 1529 410 aut
1547 378 1626 424 per

192 449 442 510 angustiam
478 450 679 497 scissum.
715 449 772 495 Ut
791 452 935 496 autem
964 451 1051 494 tam
1087 463 1272 494 curvum
1299 447 1376 503 sit,
1410 447 1511 493 facit
1540 463 1625 493 na-

190 536 289 578 tura
318 533 528 581 mollioris
555 534 723 591 Italiae,
753 534 797 597 in
824 549 952 595 quam
983 532 1199 593 asperitas
1234 534 1277 577 et
1299 530 1482 576 altitudo
1509 529 1626 576 Sici-

190 615 274 662 liae
303 619 469 662 aestum
507 617 660 665 relidit.

193 781 272 822 tur;
293 777 341 813 ct'.
364 775 526 813 Gramm.
550 775 612 811 tat.
634 779 748 811 nostr.
770 779 806 819 S.
828 778 910 820 121,
929 778 984 812 10.
1005 785 1044 822 p.
1059 775 1140 812 309.
1158 791 1215 799 -—
1234 772 1287 809 De
1307 772 1447 822 duplici
1460 774 1624 811 ablativo

191 836 275 869 cur'n
292 837 395 880 patet
416 833 530 869 verbo
550 833 746 868 coniuncto
767 843 803 868 v.
827 831 878 868 ad
896 832 958 867 Fr.
978 831 1043 879 111,
1065 833 1131 874 82,
1150 832 1210 868 26.

303 890 365 926 Fr.
383 893 443 928 35.
466 887 582 937 [Cort.
601 901 637 935 p.
659 887 761 927 1'005.
785 889 883 925 Gerl.
906 887 967 923 ed.
989 888 1076 923 mai.
1100 887 1175 922 Ine.
1202 888 1260 925 67.
1290 890 1326 922 et
1346 890 1430 926 220.
1449 886 1510 923 ed.
1533 887 1624 923 min.

193 946 244 982 lv
256 973 267 991 ,
291 950 347 985 15.
366 951 402 982 et
420 949 478 984 22.
508 957 546 992 p.
575 948 665 991 226,
694 949 752 984 10.
781 950 818 981 et
835 949 879 984 21
910 955 992 991 sqq.
1014 944 1124 980 Debr.
1147 943 1217 988 IV,
1244 945 1305 982 62.
1326 946 1387 982 64.
1413 941 1491 992 69.]
1510 944 1539 980 F
1542 955 1627 990 rag-

195 1006 359 1039 mentum
379 1002 535 1040 Servius
556 1003 675 1039 attulit
693 1002 742 1038 ad
768 1003 873 1049 Virg.
897 1002 994 1038 Aen.
1014 1001 1082 1045 ΠΙ,
1099 1002 1202 1044 414.,
1223 1000 1471 1036 illustraturus
1490 1004 1625 1047 poetae

193 1060 316 1096 locum
345 1059 393 1096 de
423 1059 505 1095 freti
541 1058 657 1096 Siculi
688 1063 790 1103 ortu,
817 1062 944 1106 aperte
972 1068 1021 1094 ex
1047 1057 1225 1094 Sallustio
1252 1056 1526 1094 adumbratum.
1573 1057 1627 1093 Ita

193 1116 291 1152 enim
311 1116 516 1162 Virgilius:

362 1172 490 1218 „Haec
510 1173 593 1208 loca
612 1172 650 1208 vi
666 1171 855 1219 quondam
876 1175 912 1208 et
934 1175 1042 1207 vasta
1059 1170 1243 1207 convulsa
1263 1170 1371 1206 ruina

361 1228 538 1274 (Tamum
559 1229 644 1266 aevi
665 1229 869 1276 longinqua
890 1229 991 1264 valet
1010 1231 1152 1263 mutare
1174 1227 1362 1271 vetustas)

362 1285 581 1322 Dissiluisse
599 1286 742 1330 ferunt,
763 1296 875 1332 quum
891 1288 1070 1348 protenus
1093 1287 1249 1329 utraque
1270 1284 1378 1319 tellus

361 1341 444 1378 Una
463 1342 569 1379 soret.
598 1342 712 1378 Venit
732 1341 857 1377 medio
878 1342 915 1378 vi
933 1345 1090 1388 pontus,
1112 1344 1147 1375 et
1166 1339 1277 1376 undis

364 1397 584 1445 Hesperium
604 1397 731 1435 Siculo
747 1399 843 1435 latus
863 1397 1042 1442 abscidit,
1062 1407 1228 1443 arvaque
1250 1399 1286 1432 et
1305 1396 1406 1432 urbis

363 1455 500 1496 Littore
521 1454 692 1491 diductas
715 1459 874 1502 angusto
901 1448 1064 1491 interluit
1082 1453 1230 1490 aestu.“

196 1511 337 1549 Eadem
367 1510 531 1549 Sallustii
559 1513 674 1547 verba
700 1512 872 1556 liberius,
906 1515 943 1547 ut
964 1511 1089 1555 solet,
1122 1510 1309 1556 expressit
1341 1509 1508 1546 Isidorus
1534 1508 1629 1555 XIII,

196 1571 253 1613 18,
272 1571 310 1606 3.
325 1579 363 1614 p.
385 1570 466 1606 426.
489 1567 656 1605 Lindem.
682 1568 859 1613 „Fretum
873 1566 1040 1611 Siciliae,
1059 1567 1158 1614 quod
1175 1565 1356 1613 Rhegium
1375 1566 1519 1605 (licitur.
1541 1565 1627 1602 Sal-

197 1624 324 1661 lustius
349 1625 415 1660 tati
441 1634 492 1661 ex
517 1633 651 1661 caussa
672 1626 799 1661 vocari
819 1624 945 1660 scribit
970 1624 1095 1660 dicens
1120 1623 1248 1659 Italiae
1279 1623 1367 1659 olim
1390 1622 1628 1659 coniunctam

197 1681 315 1717 fuisse
341 1679 526 1726 Siciliam,
554 1684 590 1717 et
612 1681 698 1717 dum
726 1686 823 1718 esset
850 1692 926 1717 ima
951 1681 1055 1717 lellus
1082 1679 1247 1715 medium
1271 1679 1441 1726 spacium
1467 1683 1532 1715 aut
1561 1690 1630 1726 per

196 1737 439 1774 humilitatem
458 1738 654 1785 abruptum
673 1741 731 1774 est
747 1739 865 1784 aquis,
886 1741 950 1774 aut
967 1747 1035 1784 per
1053 1737 1263 1784 angustiam
1281 1737 1459 1775 scissum.
1486 1736 1630 1772 Etinde

187 1785 343 1843 Ῥήγιον
360 1796 606 1839 nomina'mn,
624 1795 711 1841 quia
731 1794 873 1831 Graece
900 1794 1095 1840 abrupmm
1121 1792 1190 1829 hoc
1208 1794 1351 1829 nomine
1376 1796 1627 1839 nuncupatur.

197 1849 268 1886 Est
282 1854 403 1886 autem
419 1851 641 1887 artissimum
659 1852 769 1886 trium
788 1851 934 1887 millium
948 1851 1064 1897 spatio
1088 1849 1247 1885 Siciliam
1268 1849 1314 1884 ab
1328 1849 1438 1886 Italia
1456 1849 1629 1894 dividens,

195 1905 374 1952 sabedoeis
391 1906 532 1953 infame
556 1908 747 1951 monstris,
766 1908 870 1942 cuius
887 1907 972 1942 hinc
990 1905 1075 1941 inde
1090 1905 1215 1952 Scylla
1233 1909 1268 1941 et
1289 1904 1491 1952 Charybdis
1508 1908 1620 1941 osten-

198 1961 335 1998 ἀίων-Ν
363 1962 421 1998 Ex
437 1962 498 1998 his
520 1973 617 2008 quae
636 1963 765 2009 pronis
786 1962 916 1998 litteris
936 1961 1185 2008 imprimenda
1207 1962 1422 1998 curavimus
1446 1972 1521 1997 non
1542 1972 1628 1998 esse

200 2017 385 2062 Sallustii,
394 2019 452 2054 in
473 2019 602 2055 oculos
631 2019 805 2062 incurrit,
832 2022 909 2055 tum
929 2018 1108 2054 orationis
1137 2019 1275 2060 torma,
1305 2021 1381 2053 tum
1400 2017 1486 2064 ipsa
1504 2028 1630 2054 rerum

201 2074 434 2121 expositione
455 2072 609 2125 serioris
629 2075 761 2111 aetatis
776 2076 1058 2121 grammaticum
1078 2077 1269 2121 arguente.
1298 2073 1352 2109 De
1371 2073 1517 2122 Rhegio
1530 2075 1631 2110 enim

201 2141 296 2177 quae
317 2131 508 2177 leguntur,
543 2131 669 2171 omnia
697 2131 882 2168 Isidorum
914 2131 1079 2178 sapiunt,
1108 2132 1245 2178 quippe
1274 2130 1349 2179 quil
1367 2131 1469 2167 urbis
1491 2141 1628 2167 nomen

201 2187 295 2223 [also
318 2186 367 2223 ad
391 2187 524 2223 fretum
545 2188 792 2232 transtulerit,
821 2191 856 2225 et
875 2188 1201 2235 grammaticorum
1217 2197 1319 2223 more
1340 2188 1628 2236 graecaevocis

199 2244 539 2290 interpretationem
558 2243 791 2291 prodiderit.
829 2243 985 2280 Veteres
1014 2245 1113 2280 enim
1146 2243 1236 2280 talia
1269 2243 1379 2281 latine
1411 2243 1628 2291 significare

201 2299 332 2335 solitos
351 2310 438 2336 esse
459 2301 671 2337 monuimus
690 2300 741 2337 ad
755 2301 845 2348 lug.
874 2312 907 2337 e.
938 2300 1140 2344 LXXVIII,
1165 2303 1202 2339 3.
1233 2299 1363 2347 Syrtes
1388 2300 1437 2336 ab
1467 2304 1629 2336 tractu

199 2357 424 2397 nominatae,-
443 2357 536 2393 etin
556 2355 628 2393 hac
654 2357 741 2404 ipsa
763 2368 805 2393 re
827 2356 926 2393 idem
948 2357 1037 2393 fecit
1053 2357 1147 2396 Ptin.
1169 2357 1217 2405 N.
1238 2356 1367 2401 H.111,
1391 2358 1448 2395 14.
1483 2357 1540 2392 Ab
1558 2356 1629 2393 hoc

200 2412 486 2449 dehiscendi
506 2417 717 2460 amumento
742 2413 924 2461 Rheqium
946 2414 1084 2450 Graeci
1107 2423 1238 2450 nomen
1262 2413 1397 2449 dedere
1414 2413 1569 2460 oppido,
1588 2414 1628 2448 in

199 2469 365 2516 margine
390 2468 523 2506 Italiae
540 2470 618 2505 sito.
644 2469 788 2506 Cetera
793 2469 931 2519 Isidori
954 2481 1164 2507 consensus
1191 2480 1277 2506 cum
1301 2468 1436 2506 Servio
1463 2469 1629 2517 genuina

198 2529 388 2572 praestat;
411 2536 499 2561 nam
517 2525 619 2572 quod
634 2526 760 2573 priore
779 2527 863 2565 loco
883 2526 1081 2574 abruptum
1102 2527 1238 2573 legitur
1258 2536 1327 2572 pro
1347 2526 1536 2571 obrutum,
1551 2537 1627 2561 non

197 2592 292 2631 vera
315 2581 569 2628 discrepantia
594 2585 669 2627 est,
703 2582 772 2620 sed
798 2582 941 2621 librarii
970 2583 1032 2619 vel
1060 2584 1189 2629 lapsus
1212 2582 1274 2618 vet
1299 2582 1431 2628 pingui
1458 2582 1629 2618 Minerva

201 2638 299 2674 tacta
318 2639 565 2686 interpolatio.
596 2638 701 2675 Idem
719 2639 956 2677 statuendum
974 2638 1022 2675 de
1042 2640 1197 2686 vulgata
1215 2639 1400 2685 scriptura
1418 2648 1495 2686 per
1513 2637 1628 2674 Immi-

199 2694 364 2741 wne-⁸,
384 2705 495 2742 quam
515 2694 613 2731 Gerl.
635 2695 674 2730 in
693 2695 757 2731 ed.
774 2697 863 2732 mai.
886 2696 1095 2732 inconsulto
1114 2693 1275 2741 recepit;
1290 2695 1512 2731 humiditatis
1529 2695 1626 2730 euim

198 2753 422 2788 vocabulum
448 2762 524 2787 non
550 2752 671 2788 solum
693 2751 899 2790 inauditum
927 2754 996 2790 suit
1017 2752 1181 2795 Latinis,
1215 2751 1308 2798 sed,
1329 2752 1476 2789 etiamsi
1497 2751 1535 2787 in
1556 2761 1628 2788 usu
