1774 3002
512 179 842 217 HISTORIARUM
870 178 1183 216 FRAGMENTA.
1243 181 1329 216 Llss.
1360 181 1422 217 iv,
1593 174 1679 218 ³09

374 306 441 349 14.
495 303 648 349 Scalas
676 318 807 364 pares
838 302 1056 349 moenium
1082 303 1319 350 altitudine.

375 389 440 431 15.
497 385 678 431 Pluteos
706 386 932 443 rescindit,
965 401 1017 432 ac
1042 386 1305 433 munitiones
1324 385 1569 440 demolitur,
1600 385 1673 431 lo·-

236 481 376 529 coque
411 482 581 514 summo
611 469 787 529 potitur.

237 627 345 674 ignes
366 628 606 675 concipiens,
636 638 755 676 eoque
779 630 818 665 in
840 627 1089 665 defendendis
1112 628 1264 664 urbibus
1286 627 1336 664 ad
1355 637 1471 675 opera
1497 625 1672 663 obsiden-

234 683 324 720 tium
348 683 585 721 incendenda
614 684 841 730 adhibitum
872 697 909 721 v.
941 685 1034 721 Plin.
1063 684 1108 720 N.
1134 684 1177 720 H.
1205 684 1257 729 11,
1279 688 1383 728 105.‚
1406 687 1441 719 et
1462 683 1599 730 Veget.
1624 681 1672 719 de

235 739 280 776 R.
299 739 377 776 Mil.
397 741 469 786 IV,
488 743 525 779 8.
547 741 610 788 qui
630 746 739 778 vocat
757 743 875 778 oleum
892 741 1181 785 incendiarium,
1204 740 1251 777 de
1273 751 1345 787 quo
1372 741 1481 803 plura
1507 738 1673 786 disputat

235 794 422 833 stewech.
450 797 500 833 ad
519 798 542 833 l.
563 799 588 833 l.
609 809 647 844 p.
670 801 753 836 238.
795 798 848 834 Eo
873 798 1224 846 Tigranocertorum
1257 796 1403 833 incolae
1425 797 1482 833 usi
1510 799 1598 831 sunt
1621 795 1670 832 ad

235 851 429 890 machinas
464 852 739 898 Romanorum,
772 855 899 891 urbem
936 854 1206 898 obsidentium,
1237 853 1444 898 delendas3
1482 852 1533 889 cl'.
1559 851 1670 888 Dion.

235 907 341 946 Cass.
359 909 508 972 Fragm.
529 911 608 948 178.
626 911 730 955 (Vol.
753 911 780 946 Ι.
800 923 838 958 p.
860 913 918 949 76.
945 911 1004 947 ed.
1025 910 1165 954 Reim.)
1186 903 1442 954 Λούκουλλος
1461 898 1561 945 κατὰ
1580 899 1672 952 τοὺς

234 956 398 1027 καιροὺς
415 958 576 1010 τούτους
594 966 638 1011 (i.
659 978 691 1002 e.
709 978 807 1003 anno
830 970 891 1006 69.
919 979 956 1004 a.
986 966 1071 1003 Chr.
1101 968 1158 1011 n.)
1186 957 1234 1003 τὰ
1262 957 1555 1027 Τιγρανόκερτα
1575 958 1667 1001 ἐπο-

232 1013 388 1085 λιόρκει.
441 1017 521 1058 Καὶ
551 1012 674 1059 αὐτὸν
710 1019 753 1059 οἱ
779 1016 975 1072 βάρβαροι
1003 1022 1052 1074 τῇ
1084 1034 1124 1062 τε
1150 1018 1277 1088 τοξείᾳ
1302 1018 1385 1058 καὶ
1413 1021 1471 1086 τῇ
1493 1012 1670 1073 νάφθα

232 1068 357 1114 κατὰ
376 1076 471 1114 τῶν
508 1078 741 1126 μηχανῶν
769 1075 977 1147 χεομένῃ
1004 1076 1141 1124 δεινῶς
1160 1070 1381 1116 ἐκάκωσαν.
1416 1068 1669 1142 ασφαλτᾶδες

231 1127 276 1170 δὲ
291 1123 336 1170 τὸ
354 1125 589 1198 φάρμακον
590 1133 722 1180 τοῦτο,
752 1131 819 1173 καὶ
848 1128 1045 1199 διάπυρον
1062 1126 1205 1182 οὕτως,
1227 1125 1331 1172 ὥσθ’
1343 1142 1459 1198 copae
1478 1146 1531 1170 αν
1548 1144 1666 1198 προς-

333 1215 347 1238 ‚
366 1183 522 1235 πάντως
540 1183 640 1227 αὕτα
661 1188 887 1229 κατακαίειν
905 1183 995 1229 οὐδ’
1020 1182 1310 1241 αποσβὲννυται
1334 1181 1408 1227 ὑπ’
1435 1180 1597 1235 οὗδενός
1621 1181 1665 1226 ὖ

229 1244 330 1293 νροό
355 1242 510 1298 ῥᾳδίως.
554 1247 636 1283 Non
658 1249 819 1284 absurde
840 1249 950 1295 igitur
975 1249 1154 1284 coniicias
1183 1247 1401 1285 Sallustium
1433 1248 1515 1284 eius
1543 1246 1597 1283 rei
1628 1247 1666 1282 in

229 1302 294 1350 illa
313 1302 509 1339 obsidione
528 1303 716 1340 narranda
732 1306 958 1341 mentionem
976 1305 1130 1341 fecisse.
1151 1305 1319 1341 Pessime
1334 1316 1425 1340 vero
1446 1302 1665 1340 Gerlachius

230 1358 268 1394 in
281 1357 343 1394 ed.
362 1359 452 1394 min.
463 1359 641 1406 scripsit:
665 1360 885 1406 „Naphthas
900 1371 1016 1408 yenus
1034 1362 1106 1397 olei
1120 1361 1231 1397 cedro
1249 1361 1402 1397 simaef‘
1429 1359 1546 1397 Solito
1566 1359 1666 1396 enim

230 1425 335 1450 more
352 1416 567 1453 coecutiens
587 1427 662 1451 non
680 1416 777 1452 vidit
794 1416 888 1453 haec
914 1419 1032 1454 verba
1051 1428 1075 1453 a
1093 1418 1215 1454 Probo
1239 1417 1501 1464 explicationis
1525 1427 1665 1453 caussa

229 1469 358 1507 addita
378 1482 476 1508 esse.
513 1471 591 1508 Sed
609 1471 669 1508 his
690 1473 841 1520 ineptiis
868 1484 942 1510 non
971 1477 1166 1510 contentus
1195 1484 1327 1510 rursus
1349 1474 1443 1509 inter
1467 1473 1610 1509 Incerta
1628 1484 1665 1520 p.

228 1529 320 1570 239,
339 1530 397 1565 21.
418 1528 541 1564 retulit
556 1528 774 1576 Hieronymi
795 1531 910 1567 verba
931 1534 1104 1577 tanquam
1130 1541 1269 1566 novum
1286 1529 1569 1577 Fragmentum,
1591 1540 1664 1576 quo

229 1582 370 1619 scilicet
388 1583 587 1628 docemur,
608 1585 709 1632 quod
728 1586 845 1622 oleum
864 1598 927 1623 ess
930 1590 987 1631 et,
1010 1586 1111 1623 idem
1131 1598 1218 1623 esse
1236 1586 1347 1623 etiam
1363 1586 1538 1633 fomitem.
1570 1585 1664 1622 Hoc-

228 1650 277 1675 ne
293 1642 352 1675 est
371 1639 493 1676 oleum
513 1643 549 1676 et
569 1652 721 1688 operam
741 1641 928 1689 perdere?

335 1695 396 1732 Fr.
418 1699 476 1735 14.
497 1695 611 1742 [cort
630 1709 667 1744 p.
689 1701 772 1736 990.
792 1699 891 1736 Gerl.
912 1698 974 1735 ed.
997 1699 1086 1735 mai.
1110 1699 1183 1744 IV,
1207 1702 1263 1737 15.
1296 1698 1356 1734 ed.
1385 1683 1475 1734 min.
1503 1697 1574 1742 IV,
1603 1701 1662 1737 39.

224 1763 263 1798 p.
285 1752 672 1799 228,13.Debr.IV‚
693 1755 770 1799 94.]
794 1755 939 1801 Verba,
962 1766 1058 1802 quae
1075 1760 1160 1792 sunt
1182 1755 1285 1803 apud
1295 1755 1420 1792 Arus.
1435 1768 1474 1792 v.
1487 1766 1596 1801 par„
1620 1766 1661 1802 p.

224 1811 306 1857 253.
326 1808 433 1845 Lind.
437 1820 680 1856 ,quamquam
698 1822 772 1846 non
794 1816 895 1848 certo
917 1812 965 1848 ad
978 1812 1327 1875 Tigranocertorum
1344 1811 1580 1847 obsidionem
1600 1821 1661 1847 re-

226 1864 314 1899 ferri
336 1869 514 1911 possunt,
535 1869 659 1902 tamen
690 1878 764 1902 non
792 1868 960 1904 absimile
988 1879 1081 1904 vero
1111 1872 1167 1904 est
1194 1869 1229 1903 in
1259 1869 1341 1904 eius
1368 1868 1423 1903 rei
1448 1867 1661 1904 narratione

225 1919 363 1964 ruisse,
384 1931 496 1967 quum
516 1926 806 1959 consentaneum
831 1924 879 1959 sit
899 1923 1115 1960 Sallustium
1143 1924 1255 1960 huius
1282 1924 1384 1960 urbis
1415 1924 1663 1972 oppugnatio-

226 1986 312 2011 nem
331 1976 451 2012 fusius
471 1987 581 2023 quam
601 1979 758 2014 aliorum
779 1979 1002 2026 oppidorum
1024 1981 1262 2027 exposuisse.
1303 1980 1358 2016 De
1378 1991 1424 2016 ea
1442 1981 1490 2015 er.
1511 1982 1662 2027 praeter

225 2031 356 2067 Dionis
379 2027 500 2068 lo'cum
529 2032 578 2068 ad
595 2034 656 2070 Fr.
674 2035 910 2080 praecedens
927 2036 1119 2072 laudatum
1147 2036 1311 2083 Appian.
1334 2036 1375 2072 B.
1401 2036 1523 2072 Mithr.
1547 2049 1581 2073 c.
1600 2037 1661 2075 84.

223 2089 281 2126 86.
300 2087 489 2123 Memnon.
506 2099 567 2135 ap.
590 2090 696 2126 Phot.
713 2091 796 2126 cod.
819 2093 900 2130 224.
919 2103 958 2138 p.
976 2094 1066 2135 238,
1093 2094 1131 2129 b.
1159 2092 1284 2129 Bekk.
1311 2093 1496 2129 Plutarch.
1525 2093 1564 2129 in
1583 2093 1662 2130 ‚Lu-

225 2143 312 2178 cull.
333 2155 367 2179 c.
387 2146 447 2182 26.
465 2147 524 2182 29.
543 2165 596 2171 —
616 2146 699 2182 Par
717 2148 839 2195 aliqua
860 2157 904 2183 re
924 2149 974 2184 ita
999 2148 1137 2184 dictum
1166 2153 1233 2194 est,
1252 2154 1291 2186 ut
1318 2160 1387 2196 pro
1407 2149 1553 2192 obiecto
1567 2178 1578 2195 ,
1599 2150 1659 2186 cui

224 2199 366 2245 aliquid
392 2210 462 2246 par
495 2211 581 2237 esse
608 2204 846 2248 enunciatur,
868 2203 927 2250 id,
960 2216 1033 2251 quo
1061 2205 1220 2242 efficitur
1235 2207 1400 2254 paritas,
1433 2207 1659 2250 nominetur,

224 2255 324 2301 quod
345 2266 568 2303 quamquam
589 2259 757 2295 insolens
779 2265 835 2296 est
864 2265 901 2306 et
921 2260 1111 2308 cogitandi
1130 2262 1273 2299 ratione
1296 2275 1318 2300 a
1336 2263 1486 2310 vulgari
1509 2261 1659 2300 dicendi

223 2321 361 2358 genere
383 2311 591 2360 discrepat,
611 2325 652 2350 re
680 2318 803 2353 tamen
829 2317 927 2353 idem
959 2322 1028 2354 est.
1073 2317 1127 2358 Cf.
1157 2330 1253 2366 quae
1284 2319 1332 2356 de
1363 2319 1472 2356 simili
1506 2319 1657 2356 ablativi

223 2378 294 2403 usu
313 2368 348 2403 in
367 2370 554 2405 nonnullis
576 2369 811 2419 dictionibus,
821 2374 859 2410 in
881 2374 1013 2420 quibus
1033 2375 1149 2422 vulgo
1172 2375 1321 2413 dativus
1338 2376 1489 2420 obtinet,
1506 2375 1658 2411 uberius

222 2423 496 2471 disputavimus
520 2425 569 2461 ad
587 2425 694 2464 Catil.
710 2439 743 2466 c.
764 2429 816 2474 11,
839 2432 875 2468 9.
895 2441 935 2477 p.
956 2433 1013 2468 14.

333 2480 395 2516 Fr.
420 2480 615 2527 15.-[Cort.
633 2494 672 2529 p.
692 2486 773 2523 991.
793 2485 891 2521 Gerl.
920 2485 983 2522 ed.
1010 2487 1099 2523 mai.
1117 2487 1188 2531 IV,
1208 2490 1267 2525 24.
1291 2487 1353 2523 ed.
1382 2489 1470 2524 min.
1500 2488 1571 2532 IV,
1598 2489 1657 2525 70.

219 2547 255 2582 p.
276 2538 366 2580 230,
386 2540 420 2574 5.
442 2536 551 2574 Debr.
571 2537 619 2574 III
631 2566 640 2583 ,
659 2537 735 2588 37.]
750 2541 846 2577 Non.
866 2540 920 2588 11,
940 2545 1021 2580 204.
1044 2554 1081 2590 p.
1102 2546 1167 2588 95,
1188 2547 1247 2581 21.
1269 2544 1428 2580 Mercer.
1448 2543 1511 2580 Ad
1529 2543 1657 2590 Tigra-

218 2596 456 2628 nocertorum
476 2595 790 2641 oppugnationem
808 2598 1006 2641 retulimus,
1020 2599 1179 2635 eandem
1194 2600 1241 2635 ob
1256 2610 1444 2644 caussam,
1458 2604 1495 2636 ut
1506 2600 1656 2646 Fragm.

216 2648 473 2695 praecedens3
487 2650 520 2686 si
531 2651 590 2686 cui
600 2655 723 2687 tamen
741 2655 876 2690 certius
894 2658 1041 2691 constat
1057 2655 1106 2691 ad
1115 2655 1222 2691 aliam
1238 2657 1363 2692 urbem
1375 2656 1586 2693 aRomanis
1597 2665 1659 2691 ca-

218 2708 318 2750 ptam
333 2706 642 2752 pertinere,haud
655 2713 810 2755 gravate
819 2710 1076 2747 concedimus.
1086 2711 1190 2747 —In
1199 2711 1291 2748 Sall.
1306 2712 1394 2749 edd.
1406 2713 1582 2748 omnibus
1599 2716 1656 2748 est

211 2761 470 2809 plmeosquae
491 2763 558 2800 sed
575 2763 793 2810 particulam
815 2768 1065 2814 copulativam
1078 2768 1201 2804 nullus
1211 2767 1319 2806 Nonii
1341 2767 1426 2806 cod.
1440 2766 1615 2805 ostendit.
