1774 3002
149 173 206 217 54
521 172 522 175 '
636 175 675 213 C.
708 174 939 212 SALLUSTI
971 173 1122 212 CRISPI

153 301 295 350 deatis
314 316 497 358 vereor,
530 317 586 348 ne
607 300 720 347 alius
749 300 881 347 alium
906 299 1143 362 principem
1174 299 1484 361 exspectantes
1506 300 1607 344 ante

155 387 383 450 capiamini
410 387 526 445 (non
545 385 704 446 opibus
724 384 841 443 eiuS,
870 401 983 449 quae
1003 384 1152 431 futiles
1175 386 1218 430 et
1238 384 1472 444 corruptae
1490 384 1605 438 sunt,

157 530 193 569 s.
215 527 296 565 726.
319 536 356 572 p.
380 526 463 563 596.
485 524 547 560 ed.
571 523 668 559 VIII.
701 544 756 549 —-
787 523 884 560 Ante
909 522 1074 559 audeatis
1102 522 1140 558 in
1169 521 1230 557 cd.
1259 520 1390 567 Cortii,
1423 521 1610 558 Gerlachii

161 582 250 618 mai.
266 585 303 617 et
323 577 481 617 Weissii
503 580 670 616 additum
696 581 831 628 legitur
851 590 934 624 υοε,
951 578 1058 626 quod
1079 579 1297 614 auctoritate
1319 578 1492 615 codicum
1510 579 1611 615 Vatt.

158 650 243 675 cum
264 638 404 675 Orellio
426 633 642 682 omisimus,
672 637 849 684 loquendi
879 649 950 673 usu
973 637 1083 672 etiam
1108 639 1147 671 ut
1175 635 1214 671 id
1242 634 1348 671 fieret
1376 636 1611 683 postulante;

160 696 209 731 cf.
225 695 427 731 Grammat.
443 695 506 730 lat.
530 698 647 730 nostr.
669 697 704 737 s.
725 698 814 739 112,
837 698 872 731 1.
893 704 932 740 p.
952 695 1036 731 229.
1063 691 1218 739 Grysar.
1233 691 1314 728 Art.
1337 693 1401 729 lat.
1424 692 1613 728 scribendi

158 763 196 799 p.
220 754 266 791 26
287 762 346 798 sq.
371 750 578 786 Heinichen
599 750 681 786 Art.
706 751 767 786 lat.
795 751 908 787 scrib.
934 752 970 792 S.
989 751 1047 788 39.
1073 759 1110 795 p.
1138 750 1197 786 99.
1221 747 1281 783 ed.
1302 748 1346 784 11.
1375 770 1431 776 —-
1464 748 1614 786 Princi-

151 818 242 857 pem
267 808 290 843 i.
311 819 344 843 e.
368 808 606 854 incipientem
620 835 628 851 ,
660 807 803 843 initium
825 807 1046 852 facientem,
1077 804 1124 840 de
1146 815 1220 851 qua
1239 805 1348 841 vocis
1368 807 1552 853 potestate
1575 818 1615 842 v.

160 864 209 901 ad
231 864 311 901 Cat.
334 875 367 901 c.
393 863 526 908 XXIV,
551 867 587 902 2.
608 875 646 910 p.
670 866 752 902 119.
810 863 873 899 Ad
893 862 1114 899 sententiam
1135 860 1280 897 Cortius
1301 871 1376 898 non
1397 862 1495 898 male
1516 873 1617 899 com-

158 922 308 969 paravit
328 921 409 957 Liv.
429 921 483 965 11,
504 924 567 966 10,
587 922 623 959 9.
683 920 852 957 Cunctati
878 918 1103 967 aliquamdiu
1130 921 1232 962 sunl,
1261 918 1347 955 dum
1374 919 1470 955 alius
1491 919 1616 968 alium,

158 981 199 1015 ut
210 978 394 1026 proelium
413 977 608 1024 incipiant,
638 978 959 1024 circumspectant.
1018 975 1148 1021 Neque
1186 973 1383 1011 dissimilia
1409 979 1493 1012 sunt
1508 981 1617 1023 quae

161 1037 334 1083 leguntur
358 1033 464 1070 Catil.
486 1045 520 1069 c.
545 1034 626 1078 II‚I
647 1037 706 1072 28.
735 1053 791 1058 -
833 1033 938 1078 Quae
969 1034 1176 1078 sequuntur
1202 1032 1318 1067 verba
1347 1035 1382 1067 et
1411 1025 1616 1080 scripturae

164 1090 438 1138 discrepantia,
466 1094 502 1126 et
528 1090 760 1136 singulorum
781 1090 1049 1126 vocabulorum
1072 1088 1212 1124 incerta
1235 1089 1379 1124 ratione
1408 1092 1482 1125 tam
1503 1089 1618 1136 impe-

164 1148 241 1185 dita
262 1150 366 1192 sunt,
395 1150 434 1182 ut
454 1147 490 1182 in
517 1150 591 1182 toto
615 1146 794 1184 Sallustio
817 1146 1086 1182 difficiliorem
1094 1145 1217 1180 locum
1254 1145 1423 1182 noverim
1452 1146 1617 1191 nullum3

164 1215 273 1253 quem
295 1205 383 1240 licet
403 1214 534 1240 omnes
555 1203 720 1239 editores
751 1203 830 1239 iure
858 1214 926 1251 pro
964 1205 1137 1248 corrupto
1166 1201 1386 1247 habuerint,
1421 1204 1546 1238 tamen
1581 1203 1619 1238 in

165 1272 211 1298 eo
243 1260 480 1297 emendando
516 1271 591 1296 non
627 1261 678 1296 ita
709 1260 849 1297 versati
877 1262 982 1303 sunt,
1015 1262 1054 1294 ut
1082 1259 1243 1294 obscura
1271 1269 1333 1295 res
1364 1258 1414 1295 ad
1437 1258 1619 1305 liquidum

163 1317 347 1366 perducta
369 1318 535 1364 satisque
559 1317 777 1353 confirmata
806 1317 929 1353 videri
956 1316 1090 1363 possit.
1151 1314 1370 1352 Gerlachius
1397 1315 1436 1351 in
1463 1319 1619 1363 utraque

167 1374 230 1411 ed.
249 1374 400 1421 scripsit
420 1377 460 1410 ut
479 1374 518 1409 in
539 1373 652 1410 codd.
672 1374 827 1421 legitur:
864 1384 974 1421 quam
1001 1375 1188 1419 raptum
1218 1372 1285 1407 iri
1317 1372 1417 1420 licet,
1452 1377 1485 1407 et
1510 1384 1621 1420 quam

164 1431 301 1468 audeat
325 1433 399 1467 tam
420 1430 539 1467 videri
566 1430 731 1494 felicem,
765 1430 799 1465 in
821 1441 894 1477 qua
917 1430 1101 1475 scriptura
1121 1438 1253 1464 omnes
1271 1429 1526 1474 consentiunt,
1549 1430 1621 1466 nisi

165 1488 268 1536 quod
305 1499 374 1535 pro
413 1486 550 1524 audeat
582 1487 620 1522 in
642 1486 728 1522 Vat.
751 1489 788 1525 3.
826 1490 883 1523 est
912 1486 1071 1530 audeas,
1103 1485 1139 1520 in
1162 1485 1247 1520 Vat.
1276 1487 1313 1523 2.
1344 1485 1490 1522 audias.
1541 1487 1621 1522 Iam

166 1545 198 1581 si
220 1545 384 1592 quaeris,
407 1556 480 1592 quo
507 1554 623 1580 sensu
643 1552 781 1590 rapere
804 1543 942 1579 dictum
965 1543 1024 1587 sit,
1046 1552 1112 1578 cur
1132 1541 1330 1588 infinitivus
1344 1542 1468 1591 futuri
1480 1544 1625 1590 passivi

164 1601 311 1651 positus
333 1602 397 1645 sit,
421 1600 470 1637 ad
491 1600 679 1648 quodnam
700 1599 874 1636 obiectum
898 1600 970 1636 hoc
993 1600 1149 1636 verbum
1171 1599 1371 1642 referatur,
1407 1599 1516 1647 quale
1536 1601 1622 1636 sub·

167 1659 304 1694 iectum
330 1658 411 1694 licet
428 1657 584 1701 habeat,
609 1667 675 1692 cur
695 1657 776 1693 licet
795 1656 998 1693 indicativo
1011 1685 1020 1701 ,
1041 1655 1195 1699 audeat,
1222 1665 1289 1701 per
1311 1660 1347 1692 et
1367 1656 1420 1692 illi
1442 1656 1620 1700 iunctum,

167 1714 407 1751 coniunctivo
430 1714 667 1750 enunciatum
702 1713 769 1757 sit,
801 1724 867 1749 cur
891 1713 1057 1760 felicem,
1090 1722 1138 1746 ex
1160 1711 1280 1747 videri
1302 1716 1338 1748 et
1357 1712 1458 1748 no'm.
1481 1713 1620 1760 aptum,

169 1773 299 1808 contra
332 1782 442 1808 usum
486 1770 702 1807 accusativo
735 1770 898 1816 positum
933 1770 997 1814 sit,
1035 1767 1083 1804 ad
1119 1778 1318 1814 quamnam
1351 1776 1432 1805 rem
1463 1767 1623 1816 felicitas

169 1830 332 1875 spectet,
368 1838 441 1874 quo
463 1838 579 1864 sensu
599 1826 739 1863 audere
763 1827 918 1862 verbum
945 1824 1230 1871 intelligendum
1249 1825 1317 1870 sit,
1356 1825 1518 1872 denique
1550 1836 1624 1873 qua

169 1884 311 1923 ratione
334 1884 430 1921 haec
454 1884 666 1931 posteriora
684 1884 801 1919 verba
821 1894 906 1920 cum
926 1882 1127 1930 prioribus
1134 1880 1381 1928 cohaereant,
1394 1882 1490 1919 haec
1511 1883 1624 1930 igitur

170 1941 202 1978 si
223 1942 394 1989 quaeris,
422 1941 590 1988 profecto
624 1940 674 1976 ita
705 1939 902 1985 haerebis,
934 1943 973 1976 ut
994 1943 1028 1975 te
1062 1937 1243 1985 expedire
1274 1949 1453 1986 nequeas.
1515 1938 1625 1983 Quod

169 1997 477 2035 animadvertens
499 1996 644 2034 Cortius
663 2000 813 2044 raptum
836 1997 886 2032 iri
912 2007 960 2032 ex
991 1994 1206 2032 coniectura
1235 1995 1392 2032 mutavit
1418 1996 1458 2031 in
1459 1998 1625 2050 captum

167 2057 244 2101 ire,
270 2064 314 2092 ac
335 2057 451 2091 totum
473 2055 597 2090 locum
621 2053 676 2090 sic
697 2053 882 2100 explicat:
913 2062 1099 2099 „vereor‚
1134 2061 1180 2087 ne
1215 2054 1300 2088 ante
1333 2051 1532 2100 capiamini
1556 2071 1625 2097 -ω,

169 2121 282 2160 quam
310 2110 453 2147 Sullam
478 2120 615 2157 capere
637 2110 741 2155 licet,
764 2114 800 2146 et
819 2115 929 2158 quam
954 2110 1036 2157 ipse
1072 2107 1177 2144 Sulla
1210 2107 1278 2144 sibi
1308 2107 1536 2155 persuadeat
1555 2119 1626 2145 vos

171 2167 256 2214 capi
275 2169 434 2214 posse“;
465 2166 534 2203 sed
551 2166 632 2202 eius
654 2166 927 2203 emendationis
948 2170 987 2203 ut
1000 2166 1103 2214 prior
1121 2175 1210 2212 pars
1226 2164 1373 2201 veritati
1393 2168 1449 2202 est
1463 2165 1626 2201 maxime

172 2225 447 2267 consentanea,
471 2223 520 2259 ita
540 2224 729 2270 posterIor
748 2235 870 2270 paene
893 2224 1055 2270 ineptam
1083 2220 1196 2257 habet
1217 2222 1453 2259 sententiam.
1503 2220 1626 2266 Quare

174 2280 355 2324 Grauius,
388 2279 519 2316 relicta
548 2278 660 2323 Cortii
697 2281 865 2326 ratione,
906 2281 1029 2316 locum
1064 2287 1198 2315 sanare
1235 2277 1626 2328 studuitscribendo:

172 2347 283 2386 quam
304 2341 454 2384 raptum
480 2337 552 2372 ire
575 2336 658 2371 licet
676 2337 736 2381 ei,
765 2346 892 2383 quem
913 2334 1227 2382 haudpudeat
1244 2338 1318 2371 tam
1338 2335 1456 2372 videri
1469 2334 1624 2383 felicem.

174 2392 289 2431 Cuius
310 2391 586 2429 emendationis
608 2392 791 2428 sententia
813 2396 850 2428 ut
871 2395 1032 2436 constet,
1062 2391 1179 2427 verba
1207 2395 1293 2428 ante
1312 2393 1512 2440 capiamini
1541 2402 1627 2441 con-

173 2451 284 2487 traxit
319 2450 357 2486 in
390 2449 696 2496 antecapiamini,
735 2451 771 2484 et
805 2448 855 2484 ita
887 2450 1082 2485 obliterata
1119 2449 1293 2495 temporis
1320 2449 1491 2493 notione,
1532 2452 1627 2494 quae

173 2506 367 2555 particulis
388 2509 473 2542 ante
494 2525 551 2530 —
569 2515 681 2553 quam
703 2505 980 2550 continebatur,
1011 2515 1122 2551 quam
1146 2509 1229 2539 ante
1251 2509 1400 2553 raptum
1427 2504 1507 2542 vult
1533 2505 1626 2540 rela-

174 2564 291 2601 tivum
311 2573 398 2599 esse
421 2561 470 2598 ad
492 2562 700 2599 socordiam
716 2555 911 2610 spectans,
928 2570 1067 2609 rapere
1086 2563 1207 2597 autem
1229 2562 1393 2609 explieat
1406 2561 1626 2609 opprimere,

177 2620 311 2656 collato
331 2618 437 2655 Livio
458 2616 531 2664 VI,
556 2622 623 2663 23,
645 2621 679 2655 5.
737 2617 809 2663 Qui
836 2617 1033 2654 adveniens
1059 2621 1221 2654 castra
1250 2618 1482 2665 urbesque
1504 2618 1628 2665 primo

175 2677 312 2725 impetu
329 2685 507 2723 rapere
524 2676 571 2712 sic
587 2674 723 2712 solitus.
785 2673 862 2712 Sed
891 2673 963 2711 hoc
989 2675 1163 2722 exemplo
1194 2675 1285 2711 nihil
1311 2675 1509 2722 probatur3
1541 2672 1628 2710 nam

178 2732 211 2770 si
229 2743 324 2769 vera
342 2735 400 2768 est
419 2732 547 2777 lectio,
568 2742 708 2779 rapere
726 2742 811 2768 cum
831 2730 957 2768 verbis
978 2732 1104 2779 primo
1124 2733 1259 2779 impetu
1279 2731 1514 2767 con'Iunctum
1538 2729 1629 2767 cele-

178 2790 321 2828 rimtem
341 2788 534 2839 designat,
555 2793 594 2825 ut
615 2789 688 2825 iam
711 2787 1040 2827 Drakenborchius
1064 2791 1164 2824 recte
1190 2787 1390 2833 indicavi't;
1412 2796 1506 2835 quae
1530 2787 1627 2824 cele-
