<?xml version="1.0" encoding="UTF-8"?>
<!DOCTYPE html PUBLIC "-//W3C//DTD XHTML 1.0 Transitional//EN"
    "http://www.w3.org/TR/xhtml1/DTD/xhtml1-transitional.dtd">
<html xmlns="http://www.w3.org/1999/xhtml" xml:lang="en" lang="en">
 <head>
  <title>
</title>
<meta http-equiv="Content-Type" content="text/html;charset=utf-8" />
  <meta name='ocr-system' content='tesseract 3.04.00' />
  <meta name='ocr-capabilities' content='ocr_page ocr_carea ocr_par ocr_line ocrx_word'/>
</head>
<body>
  <div class='ocr_page' id='page_1' title='image "./operaquaesupersu03salluoft_0180.png"; bbox 0 0 1774 3002; ppageno 0'>
   <div class='ocr_carea' id='block_1_1' title="bbox 137 109 1104 183">
    <p class='ocr_par' dir='ltr' id='par_1_1' title="bbox 137 109 1104 183">
     <span class='ocr_line' id='line_1_1' title="bbox 137 109 1104 183; baseline 0.002 -4"><span class='ocrx_word' id='word_1_1' title='bbox 137 137 223 179; x_wconf 85' lang='grc'><strong>130</strong></span> <span class='ocrx_word' id='word_1_2' title='bbox 540 109 543 111; x_wconf 8' lang='grc' dir='ltr'>μ</span> <span class='ocrx_word' id='word_1_3' title='bbox 623 143 661 180; x_wconf 87' lang='lat' dir='ltr'><strong>C.</strong></span> <span class='ocrx_word' id='word_1_4' title='bbox 690 142 920 181; x_wconf 88' lang='lat' dir='ltr'><strong>SALLUSTI</strong></span> <span class='ocrx_word' id='word_1_5' title='bbox 953 142 1104 183; x_wconf 91' lang='lat' dir='ltr'><strong>CRISPI</strong></span> 
     </span>
    </p>
   </div>
   <div class='ocr_carea' id='block_1_2' title="bbox 281 267 1402 413">
    <p class='ocr_par' dir='ltr' id='par_1_2' title="bbox 281 267 1402 413">
     <span class='ocr_line' id='line_1_2' title="bbox 281 267 1011 327; baseline 0.004 -16"><span class='ocrx_word' id='word_1_6' title='bbox 281 269 348 316; x_wconf 85' lang='lat'><strong>14.</strong></span> <span class='ocrx_word' id='word_1_7' title='bbox 407 267 472 313; x_wconf 93' lang='lat' dir='ltr'><strong>Ne</strong></span> <span class='ocrx_word' id='word_1_8' title='bbox 502 267 576 312; x_wconf 88' lang='lat' dir='ltr'><strong>illa</strong></span> <span class='ocrx_word' id='word_1_9' title='bbox 604 270 732 313; x_wconf 82' lang='lat' dir='ltr'><strong>tauro</strong></span> <span class='ocrx_word' id='word_1_10' title='bbox 759 268 883 327; x_wconf 86' lang='lat' dir='ltr'><strong>paria</strong></span> <span class='ocrx_word' id='word_1_11' title='bbox 913 267 1011 314; x_wconf 87' lang='lat' dir='ltr'><strong>sint.</strong></span> 
     </span>
     <span class='ocr_line' id='line_1_3' title="bbox 281 351 1402 413; baseline 0.002 -17"><span class='ocrx_word' id='word_1_12' title='bbox 281 353 347 396; x_wconf 91' lang='lat'><strong>15.</strong></span> <span class='ocrx_word' id='word_1_13' title='bbox 404 351 647 396; x_wconf 82' lang='lat' dir='ltr'><strong>Perrexere</strong></span> <span class='ocrx_word' id='word_1_14' title='bbox 682 351 726 396; x_wconf 91' lang='lat' dir='ltr'><strong>in</strong></span> <span class='ocrx_word' id='word_1_15' title='bbox 763 351 1019 413; x_wconf 83' lang='lat' dir='ltr'>Hispaniam</span> <span class='ocrx_word' id='word_1_16' title='bbox 1055 368 1109 398; x_wconf 87' lang='lat' dir='ltr'><strong>an</strong></span> <span class='ocrx_word' id='word_1_17' title='bbox 1143 352 1402 398; x_wconf 83' lang='lat' dir='ltr'>Sardiniam.</span> 
     </span>
    </p>
   </div>
   <div class='ocr_carea' id='block_1_3' title="bbox 731 481 1000 487">
    <p class='ocr_par' dir='ltr' id='par_1_3' title="bbox 731 481 1000 487">
     <span class='ocr_line' id='line_1_4' title="bbox 731 481 1000 487; baseline 0 0"><span class='ocrx_word' id='word_1_18' title='bbox 731 481 1000 487; x_wconf 95' lang='lat' dir='ltr'><strong> </strong></span> 
     </span>
    </p>
   </div>
   <div class='ocr_carea' id='block_1_4' title="bbox 783 585 944 622">
    <p class='ocr_par' dir='ltr' id='par_1_4' title="bbox 783 585 944 622">
     <span class='ocr_line' id='line_1_5' title="bbox 783 585 944 622; baseline 0.025 -4"><span class='ocrx_word' id='word_1_19' title='bbox 783 585 872 619; x_wconf 74' lang='lat' dir='ltr'><strong>CAP.</strong></span> <span class='ocrx_word' id='word_1_20' title='bbox 901 588 944 622; x_wconf 92' lang='lat' dir='ltr'><strong>II.</strong></span> 
     </span>
    </p>
   </div>
   <div class='ocr_carea' id='block_1_5' title="bbox 140 655 1587 993">
    <p class='ocr_par' dir='ltr' id='par_1_5' title="bbox 140 655 1587 993">
     <span class='ocr_line' id='line_1_6' title="bbox 234 655 1587 701; baseline 0.002 -13"><span class='ocrx_word' id='word_1_21' title='bbox 234 656 367 689; x_wconf 91' lang='lat' dir='ltr'><strong>Bellum</strong></span> <span class='ocrx_word' id='word_1_22' title='bbox 396 655 641 690; x_wconf 85' lang='lat' dir='ltr'><strong>Sertorianum.</strong></span> <span class='ocrx_word' id='word_1_23' title='bbox 690 655 846 698; x_wconf 87' lang='lat' dir='ltr'><strong>Pompeii</strong></span> <span class='ocrx_word' id='word_1_24' title='bbox 877 656 911 687; x_wconf 89' lang='lat' dir='ltr'><strong>in</strong></span> <span class='ocrx_word' id='word_1_25' title='bbox 943 657 1142 701; x_wconf 82' lang='lat' dir='ltr'><strong>Hispaniam</strong></span> <span class='ocrx_word' id='word_1_26' title='bbox 1175 658 1238 690; x_wconf 88' lang='lat' dir='ltr'><strong>iter</strong></span> <span class='ocrx_word' id='word_1_27' title='bbox 1268 663 1300 690; x_wconf 87' lang='lat' dir='ltr'><strong>et</strong></span> <span class='ocrx_word' id='word_1_28' title='bbox 1331 658 1509 692; x_wconf 85' lang='lat' dir='ltr'><strong>adventus,</strong></span> <span class='ocrx_word' id='word_1_29' title='bbox 1541 675 1587 680; x_wconf 92' lang='lat'><strong>—-</strong></span> 
     </span>
     <span class='ocr_line' id='line_1_7' title="bbox 140 715 1587 761; baseline 0 -12"><span class='ocrx_word' id='word_1_30' title='bbox 140 718 224 750; x_wconf 89' lang='lat' dir='ltr'><strong>Eius</strong></span> <span class='ocrx_word' id='word_1_31' title='bbox 257 717 431 760; x_wconf 86' lang='lat' dir='ltr'><strong>ingenium</strong></span> <span class='ocrx_word' id='word_1_32' title='bbox 465 717 666 750; x_wconf 87' lang='lat' dir='ltr'><strong>illustratur.</strong></span> <span class='ocrx_word' id='word_1_33' title='bbox 699 733 746 738; x_wconf 90' lang='lat'><em>-</em></span> <span class='ocrx_word' id='word_1_34' title='bbox 775 715 905 759; x_wconf 29' lang='lat' dir='ltr'><strong>Rerum-</strong></span> <span class='ocrx_word' id='word_1_35' title='bbox 938 724 1112 761; x_wconf 82' lang='lat' dir='ltr'><strong>gestarum</strong></span> <span class='ocrx_word' id='word_1_36' title='bbox 1143 719 1329 750; x_wconf 79' lang='lat' dir='ltr'><strong>narrationi</strong></span> <span class='ocrx_word' id='word_1_37' title='bbox 1360 719 1587 761; x_wconf 85' lang='lat' dir='ltr'><strong>praemittitur</strong></span> 
     </span>
     <span class='ocr_line' id='line_1_8' title="bbox 142 765 1585 821; baseline 0.001 -11"><span class='ocrx_word' id='word_1_38' title='bbox 142 778 327 821; x_wconf 80' lang='lat' dir='ltr'><strong>descriptio</strong></span> <span class='ocrx_word' id='word_1_39' title='bbox 353 765 482 820; x_wconf 77' lang='lat' dir='ltr'><strong>ingenii</strong></span> <span class='ocrx_word' id='word_1_40' title='bbox 513 778 755 820; x_wconf 84' lang='lat' dir='ltr'><strong>Hispanorum.</strong></span> <span class='ocrx_word' id='word_1_41' title='bbox 799 794 846 799; x_wconf 80' lang='lat'><em>—</em></span> <span class='ocrx_word' id='word_1_42' title='bbox 882 777 1020 820; x_wconf 84' lang='lat' dir='ltr'><strong>Pugnae</strong></span> <span class='ocrx_word' id='word_1_43' title='bbox 1056 779 1149 821; x_wconf 90' lang='lat' dir='ltr'><strong>apud</strong></span> <span class='ocrx_word' id='word_1_44' title='bbox 1180 774 1351 819; x_wconf 80' lang='lat' dir='ltr'><strong>Italicam,</strong></span> <span class='ocrx_word' id='word_1_45' title='bbox 1383 779 1585 821; x_wconf 87' lang='lat' dir='ltr'><strong>Lauronem,</strong></span> 
     </span>
     <span class='ocr_line' id='line_1_9' title="bbox 141 836 1586 883; baseline 0.004 -17"><span class='ocrx_word' id='word_1_46' title='bbox 141 836 278 868; x_wconf 89' lang='lat' dir='ltr'><strong>Turiam</strong></span> <span class='ocrx_word' id='word_1_47' title='bbox 303 838 377 870; x_wconf 78' lang='lat' dir='ltr'><strong>sive</strong></span> <span class='ocrx_word' id='word_1_48' title='bbox 399 838 608 882; x_wconf 83' lang='lat' dir='ltr'><strong>Saguntum,</strong></span> <span class='ocrx_word' id='word_1_49' title='bbox 642 837 743 869; x_wconf 87' lang='lat' dir='ltr'><strong>aliae.</strong></span> <span class='ocrx_word' id='word_1_50' title='bbox 777 855 823 860; x_wconf 81' lang='lat'><strong>—</strong></span> <span class='ocrx_word' id='word_1_51' title='bbox 853 837 978 870; x_wconf 85' lang='lat' dir='ltr'><strong>Metelli</strong></span> <span class='ocrx_word' id='word_1_52' title='bbox 1008 839 1042 870; x_wconf 90' lang='lat' dir='ltr'><strong>in</strong></span> <span class='ocrx_word' id='word_1_53' title='bbox 1066 839 1260 872; x_wconf 85' lang='lat' dir='ltr'><strong>ulteriorem</strong></span> <span class='ocrx_word' id='word_1_54' title='bbox 1291 840 1502 883; x_wconf 83' lang='lat' dir='ltr'><strong>provinciam</strong></span> <span class='ocrx_word' id='word_1_55' title='bbox 1533 849 1586 871; x_wconf 87' lang='lat' dir='ltr'><strong>re—</strong></span> 
     </span>
     <span class='ocr_line' id='line_1_10' title="bbox 140 900 1586 943; baseline 0.002 -14"><span class='ocrx_word' id='word_1_56' title='bbox 140 907 273 933; x_wconf 83' lang='lat' dir='ltr'><strong>cessus.</strong></span> <span class='ocrx_word' id='word_1_57' title='bbox 296 916 343 921; x_wconf 89' lang='lat'><strong>—</strong></span> <span class='ocrx_word' id='word_1_58' title='bbox 367 900 561 932; x_wconf 87' lang='lat' dir='ltr'><strong>Incertioris</strong></span> <span class='ocrx_word' id='word_1_59' title='bbox 587 900 773 931; x_wconf 88' lang='lat' dir='ltr'><strong>sententiae</strong></span> <span class='ocrx_word' id='word_1_60' title='bbox 799 900 999 942; x_wconf 81' lang='lat' dir='ltr'><strong>Fragmenta</strong></span> <span class='ocrx_word' id='word_1_61' title='bbox 1024 901 1190 941; x_wconf 84' lang='lat' dir='ltr'><strong>quaedam</strong></span> <span class='ocrx_word' id='word_1_62' title='bbox 1221 900 1266 933; x_wconf 86' lang='lat' dir='ltr'><strong>ad</strong></span> <span class='ocrx_word' id='word_1_63' title='bbox 1297 900 1483 934; x_wconf 85' lang='lat' dir='ltr'><strong>Sertorium</strong></span> <span class='ocrx_word' id='word_1_64' title='bbox 1507 910 1586 943; x_wconf 91' lang='lat' dir='ltr'><strong>spe-</strong></span> 
     </span>
     <span class='ocr_line' id='line_1_11' title="bbox 140 959 1510 993; baseline 0.004 -4"><span class='ocrx_word' id='word_1_65' title='bbox 140 959 277 993; x_wconf 88' lang='lat' dir='ltr'><strong>ctantia.</strong></span> <span class='ocrx_word' id='word_1_66' title='bbox 1507 965 1510 966; x_wconf 72' lang='grc'>’</span> 
     </span>
    </p>
   </div>
   <div class='ocr_carea' id='block_1_6' title="bbox 751 1067 959 1073">
    <p class='ocr_par' dir='ltr' id='par_1_6' title="bbox 751 1067 959 1073">
     <span class='ocr_line' id='line_1_12' title="bbox 751 1067 959 1073; baseline 0 0"><span class='ocrx_word' id='word_1_67' title='bbox 751 1067 959 1073; x_wconf 95' lang='lat' dir='ltr'><strong> </strong></span> 
     </span>
    </p>
   </div>
   <div class='ocr_carea' id='block_1_7' title="bbox 278 1142 1238 1202">
    <p class='ocr_par' dir='ltr' id='par_1_7' title="bbox 278 1142 1238 1202">
     <span class='ocr_line' id='line_1_13' title="bbox 278 1142 1238 1202; baseline 0.002 -15"><span class='ocrx_word' id='word_1_68' title='bbox 278 1144 344 1188; x_wconf 89' lang='grc'><strong>16.</strong></span> <span class='ocrx_word' id='word_1_69' title='bbox 398 1142 603 1188; x_wconf 87' lang='lat' dir='ltr'><strong>Narbone</strong></span> <span class='ocrx_word' id='word_1_70' title='bbox 629 1158 708 1202; x_wconf 91' lang='lat' dir='ltr'><strong>per</strong></span> <span class='ocrx_word' id='word_1_71' title='bbox 742 1144 971 1190; x_wconf 85' lang='lat' dir='ltr'><strong>concilium</strong></span> <span class='ocrx_word' id='word_1_72' title='bbox 999 1142 1238 1189; x_wconf 84' lang='lat' dir='ltr'><strong>Gallorum.</strong></span> 
     </span>
    </p>
   </div>
   <div class='ocr_carea' id='block_1_8' title="bbox 88 1276 1595 2791">
    <p class='ocr_par' dir='ltr' id='par_1_8' title="bbox 88 1276 1588 2003">
     <span class='ocr_line' id='line_1_14' title="bbox 138 1276 1587 1326; baseline -0.001 -13"><span class='ocrx_word' id='word_1_73' title='bbox 138 1282 378 1314; x_wconf 79' lang='lat' dir='ltr'><strong>transnatare</strong></span> <span class='ocrx_word' id='word_1_74' title='bbox 395 1279 537 1315; x_wconf 78' lang='lat' dir='ltr'><strong>solitum</strong></span> <span class='ocrx_word' id='word_1_75' title='bbox 558 1283 642 1326; x_wconf 67' lang='lat' dir='ltr'><strong>ete„</strong></span> <span class='ocrx_word' id='word_1_76' title='bbox 661 1281 721 1316; x_wconf 91' lang='lat' dir='ltr'><strong>cui</strong></span> <span class='ocrx_word' id='word_1_77' title='bbox 744 1281 796 1317; x_wconf 89' lang='lat' dir='ltr'><strong>rei</strong></span> <span class='ocrx_word' id='word_1_78' title='bbox 815 1285 891 1317; x_wconf 89' lang='lat' dir='ltr'><strong>tum</strong></span> <span class='ocrx_word' id='word_1_79' title='bbox 914 1285 1112 1325; x_wconf 84' lang='lat' dir='ltr'><strong>structura,</strong></span> <span class='ocrx_word' id='word_1_80' title='bbox 1132 1283 1207 1316; x_wconf 91' lang='lat' dir='ltr'><strong>tum</strong></span> <span class='ocrx_word' id='word_1_81' title='bbox 1221 1279 1442 1325; x_wconf 86' lang='lat' dir='ltr'><strong>discrepans</strong></span> <span class='ocrx_word' id='word_1_82' title='bbox 1456 1276 1587 1313; x_wconf 83' lang='lat' dir='ltr'><strong>lauda-</strong></span> 
     </span>
     <span class='ocr_line' id='line_1_15' title="bbox 138 1333 1586 1382; baseline -0.001 -12"><span class='ocrx_word' id='word_1_83' title='bbox 138 1338 258 1370; x_wconf 89' lang='lat' dir='ltr'><strong>torum</strong></span> <span class='ocrx_word' id='word_1_84' title='bbox 281 1336 483 1371; x_wconf 88' lang='lat' dir='ltr'><strong>verborum</strong></span> <span class='ocrx_word' id='word_1_85' title='bbox 513 1339 607 1372; x_wconf 84' lang='lat' dir='ltr'><strong>ratio</strong></span> <span class='ocrx_word' id='word_1_86' title='bbox 636 1339 767 1373; x_wconf 82' lang='lat' dir='ltr'><strong>obstat.</strong></span> <span class='ocrx_word' id='word_1_87' title='bbox 830 1337 928 1382; x_wconf 82' lang='lat' dir='ltr'><strong>Quid</strong></span> <span class='ocrx_word' id='word_1_88' title='bbox 950 1337 1149 1374; x_wconf 83' lang='lat' dir='ltr'><strong>Sallustius</strong></span> <span class='ocrx_word' id='word_1_89' title='bbox 1170 1337 1208 1371; x_wconf 89' lang='lat' dir='ltr'><strong>in</strong></span> <span class='ocrx_word' id='word_1_90' title='bbox 1229 1334 1478 1372; x_wconf 86' lang='lat' dir='ltr'><strong>describenda</strong></span> <span class='ocrx_word' id='word_1_91' title='bbox 1499 1333 1586 1370; x_wconf 91' lang='lat' dir='ltr'><strong>Cor-</strong></span> 
     </span>
     <span class='ocr_line' id='line_1_16' title="bbox 139 1390 1585 1440; baseline -0.002 -13"><span class='ocrx_word' id='word_1_92' title='bbox 139 1392 219 1427; x_wconf 87' lang='lat' dir='ltr'><strong>sica</strong></span> <span class='ocrx_word' id='word_1_93' title='bbox 247 1391 514 1438; x_wconf 84' lang='lat' dir='ltr'><strong>disputaverit,</strong></span> <span class='ocrx_word' id='word_1_94' title='bbox 549 1394 708 1429; x_wconf 84' lang='lat' dir='ltr'><strong>sortasse</strong></span> <span class='ocrx_word' id='word_1_95' title='bbox 737 1394 916 1430; x_wconf 86' lang='lat' dir='ltr'><strong>coniicias</strong></span> <span class='ocrx_word' id='word_1_96' title='bbox 955 1405 1003 1430; x_wconf 87' lang='lat' dir='ltr'><strong>ex</strong></span> <span class='ocrx_word' id='word_1_97' title='bbox 1032 1393 1160 1430; x_wconf 91' lang='lat' dir='ltr'><strong>Solino</strong></span> <span class='ocrx_word' id='word_1_98' title='bbox 1194 1392 1421 1440; x_wconf 73' lang='lat' dir='ltr'><strong>Polyhistor.</strong></span> <span class='ocrx_word' id='word_1_99' title='bbox 1459 1403 1493 1426; x_wconf 91' lang='lat' dir='ltr'><strong>c.</strong></span> <span class='ocrx_word' id='word_1_100' title='bbox 1522 1390 1585 1425; x_wconf 88' lang='lat'><strong>111.</strong></span> 
     </span>
     <span class='ocr_line' id='line_1_17' title="bbox 140 1448 1585 1496; baseline -0.002 -12"><span class='ocrx_word' id='word_1_101' title='bbox 140 1448 357 1493; x_wconf 87' lang='lat' dir='ltr'><strong>„Corsicam</strong></span> <span class='ocrx_word' id='word_1_102' title='bbox 391 1449 561 1495; x_wconf 86' lang='lat' dir='ltr'><strong>plerique</strong></span> <span class='ocrx_word' id='word_1_103' title='bbox 590 1450 626 1485; x_wconf 90' lang='lat' dir='ltr'><strong>in</strong></span> <span class='ocrx_word' id='word_1_104' title='bbox 656 1450 816 1487; x_wconf 89' lang='lat' dir='ltr'><strong>dicendo</strong></span> <span class='ocrx_word' id='word_1_105' title='bbox 846 1451 955 1486; x_wconf 89' lang='lat' dir='ltr'><strong>latius</strong></span> <span class='ocrx_word' id='word_1_106' title='bbox 982 1450 1224 1486; x_wconf 86' lang='lat' dir='ltr'><strong>circumvecti</strong></span> <span class='ocrx_word' id='word_1_107' title='bbox 1255 1448 1474 1496; x_wconf 83' lang='lat' dir='ltr'><strong>plenissima</strong></span> <span class='ocrx_word' id='word_1_108' title='bbox 1502 1457 1585 1482; x_wconf 88' lang='lat' dir='ltr'><strong>nar-</strong></span> 
     </span>
     <span class='ocr_line' id='line_1_18' title="bbox 88 1503 1584 1554; baseline -0.002 -14"><span class='ocrx_word' id='word_1_109' title='bbox 88 1530 99 1533; x_wconf 50' lang='lat'>»</span> <span class='ocrx_word' id='word_1_110' title='bbox 139 1504 247 1541; x_wconf 86' lang='lat' dir='ltr'><strong>randi</strong></span> <span class='ocrx_word' id='word_1_111' title='bbox 269 1506 511 1541; x_wconf 86' lang='lat' dir='ltr'><strong>absolverunt</strong></span> <span class='ocrx_word' id='word_1_112' title='bbox 532 1506 748 1553; x_wconf 83' lang='lat' dir='ltr'><strong>diligentia,</strong></span> <span class='ocrx_word' id='word_1_113' title='bbox 774 1507 939 1554; x_wconf 89' lang='lat' dir='ltr'><strong>nihilque</strong></span> <span class='ocrx_word' id='word_1_114' title='bbox 960 1508 1153 1552; x_wconf 87' lang='lat' dir='ltr'><strong>omissum,</strong></span> <span class='ocrx_word' id='word_1_115' title='bbox 1176 1505 1277 1554; x_wconf 88' lang='lat' dir='ltr'><strong>quod</strong></span> <span class='ocrx_word' id='word_1_116' title='bbox 1300 1503 1489 1540; x_wconf 82' lang='lat' dir='ltr'><strong>retractari</strong></span> <span class='ocrx_word' id='word_1_117' title='bbox 1510 1514 1584 1538; x_wconf 84' lang='lat' dir='ltr'><strong>non</strong></span> 
     </span>
     <span class='ocr_line' id='line_1_19' title="bbox 139 1559 1588 1611; baseline -0.002 -14"><span class='ocrx_word' id='word_1_118' title='bbox 139 1561 186 1597; x_wconf 91' lang='lat' dir='ltr'><strong>sit</strong></span> <span class='ocrx_word' id='word_1_119' title='bbox 206 1573 501 1608; x_wconf 89' lang='lat' dir='ltr'><strong>supervacuum,</strong></span> <span class='ocrx_word' id='word_1_120' title='bbox 521 1567 561 1598; x_wconf 80' lang='lat' dir='ltr'><strong>ut</strong></span> <span class='ocrx_word' id='word_1_121' title='bbox 579 1564 773 1599; x_wconf 74' lang='lat' dir='ltr'><strong>exordium</strong></span> <span class='ocrx_word' id='word_1_122' title='bbox 793 1564 921 1601; x_wconf 79' lang='lat' dir='ltr'><strong>incolis</strong></span> <span class='ocrx_word' id='word_1_123' title='bbox 935 1564 1090 1611; x_wconf 61' lang='lat' dir='ltr'><strong>Ligures</strong></span> <span class='ocrx_word' id='word_1_124' title='bbox 1112 1563 1298 1607; x_wconf 73' lang='lat' dir='ltr'><strong>dederint,</strong></span> <span class='ocrx_word' id='word_1_125' title='bbox 1318 1565 1360 1597; x_wconf 82' lang='lat' dir='ltr'><strong>ut</strong></span> <span class='ocrx_word' id='word_1_126' title='bbox 1378 1559 1518 1608; x_wconf 61' lang='lat' dir='ltr'><strong>oppida</strong></span> <span class='ocrx_word' id='word_1_127' title='bbox 1538 1559 1588 1594; x_wconf 78' lang='lat' dir='ltr'><strong>ibi</strong></span> 
     </span>
     <span class='ocr_line' id='line_1_20' title="bbox 137 1617 1583 1664; baseline -0.002 -11"><span class='ocrx_word' id='word_1_128' title='bbox 137 1621 328 1654; x_wconf 73' lang='lat' dir='ltr'><strong>exstructa</strong></span> <span class='ocrx_word' id='word_1_129' title='bbox 355 1620 445 1664; x_wconf 83' lang='lat' dir='ltr'><strong>sint,</strong></span> <span class='ocrx_word' id='word_1_130' title='bbox 476 1622 519 1654; x_wconf 82' lang='lat' dir='ltr'><strong>ut</strong></span> <span class='ocrx_word' id='word_1_131' title='bbox 546 1620 706 1655; x_wconf 79' lang='lat' dir='ltr'><strong>colonias</strong></span> <span class='ocrx_word' id='word_1_132' title='bbox 730 1620 781 1656; x_wconf 82' lang='lat' dir='ltr'><strong>ibi</strong></span> <span class='ocrx_word' id='word_1_133' title='bbox 807 1621 1032 1656; x_wconf 75' lang='lat' dir='ltr'><strong>deduxerint</strong></span> <span class='ocrx_word' id='word_1_134' title='bbox 1055 1618 1204 1656; x_wconf 77' lang='lat' dir='ltr'><strong>Marius</strong></span> <span class='ocrx_word' id='word_1_135' title='bbox 1230 1623 1265 1655; x_wconf 83' lang='lat' dir='ltr'><strong>et</strong></span> <span class='ocrx_word' id='word_1_136' title='bbox 1290 1617 1413 1662; x_wconf 75' lang='lat' dir='ltr'><strong>Sulla,</strong></span> <span class='ocrx_word' id='word_1_137' title='bbox 1440 1620 1481 1652; x_wconf 76' lang='lat' dir='ltr'><strong>ut</strong></span> <span class='ocrx_word' id='word_1_138' title='bbox 1500 1617 1583 1662; x_wconf 77' lang='lat' dir='ltr'><strong>ipsa</strong></span> 
     </span>
     <span class='ocr_line' id='line_1_21' title="bbox 138 1673 1582 1722; baseline -0.001 -13"><span class='ocrx_word' id='word_1_139' title='bbox 138 1673 313 1721; x_wconf 72' lang='lat' dir='ltr'><strong>Liyuscici</strong></span> <span class='ocrx_word' id='word_1_140' title='bbox 339 1675 442 1710; x_wconf 75' lang='lat' dir='ltr'><strong>sinus</strong></span> <span class='ocrx_word' id='word_1_141' title='bbox 481 1685 643 1721; x_wconf 83' lang='lat' dir='ltr'><strong>aequore</strong></span> <span class='ocrx_word' id='word_1_142' title='bbox 672 1677 875 1712; x_wconf 62' lang='lat' dir='ltr'><strong>alltcatnrf‘</strong></span> <span class='ocrx_word' id='word_1_143' title='bbox 942 1676 1036 1712; x_wconf 90' lang='lat' dir='ltr'><strong>Nam</strong></span> <span class='ocrx_word' id='word_1_144' title='bbox 1077 1686 1189 1722; x_wconf 89' lang='lat' dir='ltr'><strong>quum</strong></span> <span class='ocrx_word' id='word_1_145' title='bbox 1224 1675 1422 1712; x_wconf 88' lang='lat' dir='ltr'><strong>verborum</strong></span> <span class='ocrx_word' id='word_1_146' title='bbox 1452 1676 1493 1708; x_wconf 84' lang='lat' dir='ltr'><strong>ut</strong></span> <span class='ocrx_word' id='word_1_147' title='bbox 1514 1682 1582 1707; x_wconf 72' lang='lat' dir='ltr'><strong>esc-</strong></span> 
     </span>
     <span class='ocr_line' id='line_1_22' title="bbox 139 1727 1583 1778; baseline -0.001 -13"><span class='ocrx_word' id='word_1_148' title='bbox 139 1730 282 1766; x_wconf 80' lang='lat' dir='ltr'><strong>ordium</strong></span> <span class='ocrx_word' id='word_1_149' title='bbox 316 1731 443 1766; x_wconf 78' lang='lat' dir='ltr'><strong>incolis</strong></span> <span class='ocrx_word' id='word_1_150' title='bbox 477 1731 633 1778; x_wconf 72' lang='lat' dir='ltr'><strong>Liyures</strong></span> <span class='ocrx_word' id='word_1_151' title='bbox 664 1727 833 1768; x_wconf 80' lang='lat' dir='ltr'><strong>dederint</strong></span> <span class='ocrx_word' id='word_1_152' title='bbox 864 1743 1073 1767; x_wconf 80' lang='lat' dir='ltr'><strong>consensus</strong></span> <span class='ocrx_word' id='word_1_153' title='bbox 1113 1742 1196 1767; x_wconf 87' lang='lat' dir='ltr'><strong>cum</strong></span> <span class='ocrx_word' id='word_1_154' title='bbox 1224 1729 1368 1765; x_wconf 83' lang='lat' dir='ltr'><strong>Isidoro</strong></span> <span class='ocrx_word' id='word_1_155' title='bbox 1397 1727 1583 1772; x_wconf 85' lang='lat' dir='ltr'><strong>ostendat,</strong></span> 
     </span>
     <span class='ocr_line' id='line_1_23' title="bbox 140 1785 1583 1836; baseline -0.002 -14"><span class='ocrx_word' id='word_1_156' title='bbox 140 1790 336 1834; x_wconf 88' lang='lat' dir='ltr'><strong>utrumque</strong></span> <span class='ocrx_word' id='word_1_157' title='bbox 353 1786 447 1822; x_wconf 89' lang='lat' dir='ltr'><strong>haec</strong></span> <span class='ocrx_word' id='word_1_158' title='bbox 470 1798 517 1822; x_wconf 85' lang='lat' dir='ltr'><strong>ex</strong></span> <span class='ocrx_word' id='word_1_159' title='bbox 539 1787 716 1824; x_wconf 85' lang='lat' dir='ltr'><strong>Sallustio</strong></span> <span class='ocrx_word' id='word_1_160' title='bbox 735 1788 992 1836; x_wconf 86' lang='lat' dir='ltr'><strong>expressisse,</strong></span> <span class='ocrx_word' id='word_1_161' title='bbox 1021 1789 1132 1823; x_wconf 81' lang='lat' dir='ltr'><strong>etiam</strong></span> <span class='ocrx_word' id='word_1_162' title='bbox 1152 1787 1293 1831; x_wconf 86' lang='lat' dir='ltr'><strong>relicua</strong></span> <span class='ocrx_word' id='word_1_163' title='bbox 1314 1785 1431 1823; x_wconf 90' lang='lat' dir='ltr'><strong>Solini</strong></span> <span class='ocrx_word' id='word_1_164' title='bbox 1453 1795 1501 1820; x_wconf 90' lang='lat' dir='ltr'><strong>ex</strong></span> <span class='ocrx_word' id='word_1_165' title='bbox 1521 1795 1583 1819; x_wconf 89' lang='lat' dir='ltr'><strong>eo-</strong></span> 
     </span>
     <span class='ocr_line' id='line_1_24' title="bbox 140 1841 1582 1892; baseline -0.002 -14"><span class='ocrx_word' id='word_1_166' title='bbox 140 1842 226 1879; x_wconf 87' lang='lat' dir='ltr'><strong>dem</strong></span> <span class='ocrx_word' id='word_1_167' title='bbox 257 1847 408 1878; x_wconf 87' lang='lat' dir='ltr'><strong>auetore</strong></span> <span class='ocrx_word' id='word_1_168' title='bbox 433 1843 630 1890; x_wconf 83' lang='lat' dir='ltr'><strong>desumpta</strong></span> <span class='ocrx_word' id='word_1_169' title='bbox 650 1845 770 1881; x_wconf 89' lang='lat' dir='ltr'><strong>videri</strong></span> <span class='ocrx_word' id='word_1_170' title='bbox 801 1849 973 1892; x_wconf 85' lang='lat' dir='ltr'><strong>possunt.</strong></span> <span class='ocrx_word' id='word_1_171' title='bbox 1034 1843 1203 1881; x_wconf 87' lang='lat' dir='ltr'><strong>Ceterum</strong></span> <span class='ocrx_word' id='word_1_172' title='bbox 1233 1842 1509 1879; x_wconf 83' lang='lat' dir='ltr'><strong>Lindemannus</strong></span> <span class='ocrx_word' id='word_1_173' title='bbox 1546 1841 1582 1875; x_wconf 89' lang='lat' dir='ltr'><strong>in</strong></span> 
     </span>
     <span class='ocr_line' id='line_1_25' title="bbox 138 1896 1583 1950; baseline -0.001 -16"><span class='ocrx_word' id='word_1_174' title='bbox 138 1898 286 1935; x_wconf 88' lang='lat' dir='ltr'><strong>Isidoro</strong></span> <span class='ocrx_word' id='word_1_175' title='bbox 315 1911 355 1946; x_wconf 88' lang='lat' dir='ltr'><strong>p.</strong></span> <span class='ocrx_word' id='word_1_176' title='bbox 374 1901 457 1939; x_wconf 83' lang='lat'><strong>453.</strong></span> <span class='ocrx_word' id='word_1_177' title='bbox 487 1901 584 1936; x_wconf 85' lang='lat' dir='ltr'><strong>salso</strong></span> <span class='ocrx_word' id='word_1_178' title='bbox 613 1901 731 1937; x_wconf 89' lang='lat' dir='ltr'><strong>edidit</strong></span> <span class='ocrx_word' id='word_1_179' title='bbox 751 1902 900 1950; x_wconf 75' lang='lat' dir='ltr'><strong>L&#39;iyur</strong></span> <span class='ocrx_word' id='word_1_180' title='bbox 927 1901 1077 1941; x_wconf 54' lang='lat' dir='ltr'><strong>mulier}-</strong></span> <span class='ocrx_word' id='word_1_181' title='bbox 1105 1910 1191 1936; x_wconf 89' lang='lat' dir='ltr'><strong>nam</strong></span> <span class='ocrx_word' id='word_1_182' title='bbox 1212 1900 1359 1946; x_wconf 70' lang='lat' dir='ltr'><strong>Liyus</strong></span> <span class='ocrx_word' id='word_1_183' title='bbox 1377 1908 1427 1933; x_wconf 85' lang='lat' dir='ltr'><strong>m.</strong></span> <span class='ocrx_word' id='word_1_184' title='bbox 1454 1908 1476 1933; x_wconf 86' lang='lat' dir='ltr'><strong>a</strong></span> <span class='ocrx_word' id='word_1_185' title='bbox 1503 1896 1583 1933; x_wconf 91' lang='lat' dir='ltr'><strong>Sal-</strong></span> 
     </span>
     <span class='ocr_line' id='line_1_26' title="bbox 139 1955 1394 2003; baseline 0 -13"><span class='ocrx_word' id='word_1_186' title='bbox 139 1955 251 1992; x_wconf 88' lang='lat' dir='ltr'><strong>lustio</strong></span> <span class='ocrx_word' id='word_1_187' title='bbox 272 1957 450 2003; x_wconf 89' lang='lat' dir='ltr'><strong>scriptum</strong></span> <span class='ocrx_word' id='word_1_188' title='bbox 471 1967 558 1992; x_wconf 85' lang='lat' dir='ltr'><strong>esse</strong></span> <span class='ocrx_word' id='word_1_189' title='bbox 578 1957 792 1995; x_wconf 84' lang='lat' dir='ltr'><strong>Priscianus</strong></span> <span class='ocrx_word' id='word_1_190' title='bbox 816 1959 840 1994; x_wconf 90' lang='lat' dir='ltr'><strong>l.</strong></span> <span class='ocrx_word' id='word_1_191' title='bbox 862 1958 886 1992; x_wconf 93' lang='lat' dir='ltr'><strong>l.</strong></span> <span class='ocrx_word' id='word_1_192' title='bbox 909 1957 1059 1994; x_wconf 87' lang='lat' dir='ltr'><strong>disertis</strong></span> <span class='ocrx_word' id='word_1_193' title='bbox 1081 1956 1206 1993; x_wconf 86' lang='lat' dir='ltr'><strong>verbis</strong></span> <span class='ocrx_word' id='word_1_194' title='bbox 1226 1958 1394 1992; x_wconf 78' lang='lat' dir='ltr'><strong>testatur.</strong></span> 
     </span>
    </p>

    <p class='ocr_par' dir='ltr' id='par_1_9' title="bbox 136 2009 1595 2791">
     <span class='ocr_line' id='line_1_27' title="bbox 251 2009 1582 2061; baseline -0.006 -9"><span class='ocrx_word' id='word_1_195' title='bbox 251 2013 312 2048; x_wconf 83' lang='lat' dir='ltr'><strong>Fr·</strong></span> <span class='ocrx_word' id='word_1_196' title='bbox 340 2015 398 2052; x_wconf 82' lang='lat'><strong>14.</strong></span> <span class='ocrx_word' id='word_1_197' title='bbox 444 2012 559 2058; x_wconf 77' lang='lat' dir='ltr'><strong>[Cort-</strong></span> <span class='ocrx_word' id='word_1_198' title='bbox 588 2025 628 2061; x_wconf 89' lang='lat' dir='ltr'><strong>p.</strong></span> <span class='ocrx_word' id='word_1_199' title='bbox 656 2017 741 2053; x_wconf 82' lang='lat'><strong>958.</strong></span> <span class='ocrx_word' id='word_1_200' title='bbox 772 2014 871 2051; x_wconf 88' lang='lat' dir='ltr'><strong>Gerl.</strong></span> <span class='ocrx_word' id='word_1_201' title='bbox 901 2014 961 2050; x_wconf 91' lang='lat' dir='ltr'><strong>ed.</strong></span> <span class='ocrx_word' id='word_1_202' title='bbox 991 2013 1077 2051; x_wconf 88' lang='lat' dir='ltr'><strong>mai.</strong></span> <span class='ocrx_word' id='word_1_203' title='bbox 1104 2013 1148 2057; x_wconf 88' lang='lat' dir='ltr'><strong>H,</strong></span> <span class='ocrx_word' id='word_1_204' title='bbox 1180 2015 1236 2051; x_wconf 87' lang='lat'><strong>16.</strong></span> <span class='ocrx_word' id='word_1_205' title='bbox 1267 2011 1329 2047; x_wconf 90' lang='lat' dir='ltr'><strong>ed.</strong></span> <span class='ocrx_word' id='word_1_206' title='bbox 1357 2011 1448 2047; x_wconf 89' lang='lat' dir='ltr'><strong>min.</strong></span> <span class='ocrx_word' id='word_1_207' title='bbox 1474 2009 1518 2054; x_wconf 91' lang='lat' dir='ltr'><strong>II,</strong></span> <span class='ocrx_word' id='word_1_208' title='bbox 1546 2013 1582 2048; x_wconf 85' lang='lat'><strong>5.</strong></span> 
     </span>
     <span class='ocr_line' id='line_1_28' title="bbox 138 2067 1582 2119; baseline -0.001 -16"><span class='ocrx_word' id='word_1_209' title='bbox 138 2079 175 2115; x_wconf 92' lang='lat' dir='ltr'><strong>p.</strong></span> <span class='ocrx_word' id='word_1_210' title='bbox 196 2072 278 2113; x_wconf 83' lang='lat'><strong>200,</strong></span> <span class='ocrx_word' id='word_1_211' title='bbox 295 2073 351 2107; x_wconf 91' lang='grc'><strong>10.</strong></span> <span class='ocrx_word' id='word_1_212' title='bbox 378 2069 485 2106; x_wconf 90' lang='lat' dir='ltr'><strong>Debr.</strong></span> <span class='ocrx_word' id='word_1_213' title='bbox 503 2070 546 2115; x_wconf 89' lang='lat' dir='ltr'><strong>II,</strong></span> <span class='ocrx_word' id='word_1_214' title='bbox 562 2068 638 2119; x_wconf 87' lang='lat'><strong>41.]</strong></span> <span class='ocrx_word' id='word_1_215' title='bbox 677 2071 804 2108; x_wconf 87' lang='lat' dir='ltr'><strong>Verba</strong></span> <span class='ocrx_word' id='word_1_216' title='bbox 824 2083 846 2107; x_wconf 89' lang='lat' dir='ltr'><strong>a</strong></span> <span class='ocrx_word' id='word_1_217' title='bbox 865 2071 1008 2106; x_wconf 88' lang='lat' dir='ltr'><strong>Donato</strong></span> <span class='ocrx_word' id='word_1_218' title='bbox 1026 2069 1075 2106; x_wconf 89' lang='lat' dir='ltr'><strong>ad</strong></span> <span class='ocrx_word' id='word_1_219' title='bbox 1091 2069 1239 2105; x_wconf 87' lang='lat' dir='ltr'><strong>Terent.</strong></span> <span class='ocrx_word' id='word_1_220' title='bbox 1258 2067 1378 2104; x_wconf 87' lang='lat' dir='ltr'><strong>Andr.</strong></span> <span class='ocrx_word' id='word_1_221' title='bbox 1399 2067 1463 2112; x_wconf 87' lang='lat' dir='ltr'><strong>lv,</strong></span> <span class='ocrx_word' id='word_1_222' title='bbox 1478 2069 1582 2111; x_wconf 66' lang='lat'><strong>223.</strong></span> 
     </span>
     <span class='ocr_line' id='line_1_29' title="bbox 138 2122 1584 2174; baseline -0.001 -15"><span class='ocrx_word' id='word_1_223' title='bbox 138 2124 291 2160; x_wconf 84' lang='lat' dir='ltr'><strong>laudata</strong></span> <span class='ocrx_word' id='word_1_224' title='bbox 319 2126 393 2161; x_wconf 90' lang='lat' dir='ltr'><strong>iam</strong></span> <span class='ocrx_word' id='word_1_225' title='bbox 414 2127 560 2172; x_wconf 89' lang='lat' dir='ltr'><strong>priores</strong></span> <span class='ocrx_word' id='word_1_226' title='bbox 582 2127 803 2174; x_wconf 87' lang='lat' dir='ltr'><strong>interpretes</strong></span> <span class='ocrx_word' id='word_1_227' title='bbox 825 2127 873 2163; x_wconf 88' lang='lat' dir='ltr'><strong>ad</strong></span> <span class='ocrx_word' id='word_1_228' title='bbox 902 2126 1061 2163; x_wconf 90' lang='lat' dir='ltr'><strong>eandem</strong></span> <span class='ocrx_word' id='word_1_229' title='bbox 1087 2126 1248 2161; x_wconf 82' lang='lat' dir='ltr'><strong>rabulam</strong></span> <span class='ocrx_word' id='word_1_230' title='bbox 1273 2125 1321 2160; x_wconf 88' lang='lat' dir='ltr'><strong>de</strong></span> <span class='ocrx_word' id='word_1_231' title='bbox 1340 2126 1465 2168; x_wconf 83' lang='lat' dir='ltr'><strong>tauro,</strong></span> <span class='ocrx_word' id='word_1_232' title='bbox 1497 2122 1584 2159; x_wconf 88' lang='lat' dir='ltr'><strong>Cor-</strong></span> 
     </span>
     <span class='ocr_line' id='line_1_30' title="bbox 138 2179 1582 2230; baseline -0.002 -13"><span class='ocrx_word' id='word_1_233' title='bbox 138 2180 255 2217; x_wconf 86' lang='lat' dir='ltr'><strong>sicam</strong></span> <span class='ocrx_word' id='word_1_234' title='bbox 275 2181 473 2228; x_wconf 88' lang='lat' dir='ltr'><strong>Liguribus</strong></span> <span class='ocrx_word' id='word_1_235' title='bbox 494 2186 736 2230; x_wconf 84' lang='lat' dir='ltr'><strong>monstrante,</strong></span> <span class='ocrx_word' id='word_1_236' title='bbox 759 2183 805 2219; x_wconf 91' lang='lat' dir='ltr'><strong>de</strong></span> <span class='ocrx_word' id='word_1_237' title='bbox 827 2194 900 2230; x_wconf 90' lang='lat' dir='ltr'><strong>qua</strong></span> <span class='ocrx_word' id='word_1_238' title='bbox 919 2182 1164 2219; x_wconf 89' lang='lat' dir='ltr'><strong>antecedente</strong></span> <span class='ocrx_word' id='word_1_239' title='bbox 1186 2182 1334 2228; x_wconf 80' lang='lat' dir='ltr'><strong>Fragm.</strong></span> <span class='ocrx_word' id='word_1_240' title='bbox 1357 2179 1495 2216; x_wconf 88' lang='lat' dir='ltr'><strong>dictum</strong></span> <span class='ocrx_word' id='word_1_241' title='bbox 1513 2183 1582 2223; x_wconf 88' lang='lat' dir='ltr'><strong>est,</strong></span> 
     </span>
     <span class='ocr_line' id='line_1_31' title="bbox 139 2235 1582 2285; baseline -0.001 -14"><span class='ocrx_word' id='word_1_242' title='bbox 139 2237 354 2272; x_wconf 87' lang='lat' dir='ltr'><strong>retulerunt.</strong></span> <span class='ocrx_word' id='word_1_243' title='bbox 405 2238 513 2282; x_wconf 87' lang='lat' dir='ltr'><strong>Quod</strong></span> <span class='ocrx_word' id='word_1_244' title='bbox 543 2243 588 2274; x_wconf 85' lang='lat' dir='ltr'><strong>ut</strong></span> <span class='ocrx_word' id='word_1_245' title='bbox 617 2240 779 2285; x_wconf 87' lang='lat' dir='ltr'><strong>aliquam</strong></span> <span class='ocrx_word' id='word_1_246' title='bbox 817 2237 1178 2275; x_wconf 89' lang='lat' dir='ltr'><strong>verisimilitudinem</strong></span> <span class='ocrx_word' id='word_1_247' title='bbox 1215 2237 1329 2273; x_wconf 86' lang='lat' dir='ltr'><strong>habet</strong></span> <span class='ocrx_word' id='word_1_248' title='bbox 1361 2238 1473 2282; x_wconf 88' lang='lat' dir='ltr'><strong>(nam</strong></span> <span class='ocrx_word' id='word_1_249' title='bbox 1510 2235 1582 2271; x_wconf 88' lang='lat' dir='ltr'><strong>alio</strong></span> 
     </span>
     <span class='ocr_line' id='line_1_32' title="bbox 138 2291 1583 2340; baseline -0.002 -11"><span class='ocrx_word' id='word_1_250' title='bbox 138 2293 221 2330; x_wconf 87' lang='lat' dir='ltr'><strong>libri</strong></span> <span class='ocrx_word' id='word_1_251' title='bbox 241 2292 284 2328; x_wconf 93' lang='lat' dir='ltr'><strong>II.</strong></span> <span class='ocrx_word' id='word_1_252' title='bbox 311 2295 394 2329; x_wconf 93' lang='lat' dir='ltr'><strong>loco</strong></span> <span class='ocrx_word' id='word_1_253' title='bbox 423 2304 552 2330; x_wconf 89' lang='lat' dir='ltr'><strong>rursus</strong></span> <span class='ocrx_word' id='word_1_254' title='bbox 576 2294 623 2330; x_wconf 91' lang='lat' dir='ltr'><strong>de</strong></span> <span class='ocrx_word' id='word_1_255' title='bbox 645 2295 717 2330; x_wconf 87' lang='lat' dir='ltr'><strong>alio</strong></span> <span class='ocrx_word' id='word_1_256' title='bbox 746 2299 851 2331; x_wconf 89' lang='lat' dir='ltr'><strong>tauro</strong></span> <span class='ocrx_word' id='word_1_257' title='bbox 873 2295 1010 2331; x_wconf 87' lang='lat' dir='ltr'><strong>dictum</strong></span> <span class='ocrx_word' id='word_1_258' title='bbox 1031 2295 1148 2331; x_wconf 80' lang='lat' dir='ltr'><strong>ruisse</strong></span> <span class='ocrx_word' id='word_1_259' title='bbox 1167 2305 1242 2330; x_wconf 90' lang='lat' dir='ltr'><strong>non</strong></span> <span class='ocrx_word' id='word_1_260' title='bbox 1263 2293 1454 2340; x_wconf 83' lang='lat' dir='ltr'><strong>probabile</strong></span> <span class='ocrx_word' id='word_1_261' title='bbox 1478 2291 1583 2328; x_wconf 89' lang='lat' dir='ltr'><strong>vide-</strong></span> 
     </span>
     <span class='ocr_line' id='line_1_33' title="bbox 138 2349 1583 2398; baseline -0.001 -13"><span class='ocrx_word' id='word_1_262' title='bbox 138 2351 234 2395; x_wconf 89' lang='lat' dir='ltr'><strong>tur),</strong></span> <span class='ocrx_word' id='word_1_263' title='bbox 265 2350 315 2386; x_wconf 89' lang='lat' dir='ltr'><strong>ita</strong></span> <span class='ocrx_word' id='word_1_264' title='bbox 337 2349 383 2385; x_wconf 91' lang='lat' dir='ltr'><strong>de</strong></span> <span class='ocrx_word' id='word_1_265' title='bbox 403 2351 609 2386; x_wconf 87' lang='lat' dir='ltr'><strong>sententiae</strong></span> <span class='ocrx_word' id='word_1_266' title='bbox 629 2352 772 2387; x_wconf 88' lang='lat' dir='ltr'><strong>ratione</strong></span> <span class='ocrx_word' id='word_1_267' title='bbox 793 2362 912 2398; x_wconf 90' lang='lat' dir='ltr'><strong>aeque</strong></span> <span class='ocrx_word' id='word_1_268' title='bbox 936 2362 978 2387; x_wconf 90' lang='lat' dir='ltr'><strong>ac</strong></span> <span class='ocrx_word' id='word_1_269' title='bbox 1001 2350 1046 2386; x_wconf 93' lang='lat' dir='ltr'><strong>de</strong></span> <span class='ocrx_word' id='word_1_270' title='bbox 1068 2351 1252 2398; x_wconf 89' lang='lat' dir='ltr'><strong>scriptura</strong></span> <span class='ocrx_word' id='word_1_271' title='bbox 1269 2360 1425 2397; x_wconf 86' lang='lat' dir='ltr'><strong>prorsus</strong></span> <span class='ocrx_word' id='word_1_272' title='bbox 1443 2349 1583 2384; x_wconf 71' lang='lat' dir='ltr'><strong>ineerta</strong></span> 
     </span>
     <span class='ocr_line' id='line_1_34' title="bbox 139 2405 1582 2454; baseline -0.002 -12"><span class='ocrx_word' id='word_1_273' title='bbox 139 2410 226 2442; x_wconf 92' lang='lat' dir='ltr'><strong>sunt</strong></span> <span class='ocrx_word' id='word_1_274' title='bbox 249 2407 389 2443; x_wconf 90' lang='lat' dir='ltr'><strong>omnia.</strong></span> <span class='ocrx_word' id='word_1_275' title='bbox 437 2407 532 2443; x_wconf 90' lang='lat' dir='ltr'><strong>Nam</strong></span> <span class='ocrx_word' id='word_1_276' title='bbox 560 2417 611 2442; x_wconf 63' lang='lat' dir='ltr'><strong>ex&gt;</strong></span> <span class='ocrx_word' id='word_1_277' title='bbox 638 2417 704 2451; x_wconf 77' lang='lat' dir='ltr'><strong>en,</strong></span> <span class='ocrx_word' id='word_1_278' title='bbox 736 2407 838 2454; x_wconf 91' lang='lat' dir='ltr'><strong>quod</strong></span> <span class='ocrx_word' id='word_1_279' title='bbox 857 2408 1023 2443; x_wconf 90' lang='lat' dir='ltr'><strong>Donatus</strong></span> <span class='ocrx_word' id='word_1_280' title='bbox 1057 2406 1145 2443; x_wconf 88' lang='lat' dir='ltr'><strong>dicit</strong></span> <span class='ocrx_word' id='word_1_281' title='bbox 1167 2416 1214 2443; x_wconf 83' lang='lat' dir='ltr'><strong>ne</strong></span> <span class='ocrx_word' id='word_1_282' title='bbox 1240 2417 1308 2453; x_wconf 90' lang='lat' dir='ltr'><strong>pro</strong></span> <span class='ocrx_word' id='word_1_283' title='bbox 1337 2405 1469 2442; x_wconf 81' lang='lat' dir='ltr'><strong>nedum</strong></span> <span class='ocrx_word' id='word_1_284' title='bbox 1496 2413 1582 2440; x_wconf 88' lang='lat' dir='ltr'><strong>esse</strong></span> 
     </span>
     <span class='ocr_line' id='line_1_35' title="bbox 139 2459 1584 2509; baseline -0.002 -11"><span class='ocrx_word' id='word_1_285' title='bbox 139 2463 301 2509; x_wconf 86' lang='lat' dir='ltr'><strong>positum</strong></span> <span class='ocrx_word' id='word_1_286' title='bbox 328 2465 383 2508; x_wconf 88' lang='lat' dir='ltr'><strong>(v.</strong></span> <span class='ocrx_word' id='word_1_287' title='bbox 412 2462 461 2499; x_wconf 89' lang='lat' dir='ltr'><strong>ad</strong></span> <span class='ocrx_word' id='word_1_288' title='bbox 492 2462 595 2500; x_wconf 86' lang='lat' dir='ltr'><strong>Catil.</strong></span> <span class='ocrx_word' id='word_1_289' title='bbox 627 2475 662 2499; x_wconf 88' lang='lat' dir='ltr'><strong>c.</strong></span> <span class='ocrx_word' id='word_1_290' title='bbox 689 2463 759 2508; x_wconf 91' lang='lat' dir='ltr'><strong>XI,</strong></span> <span class='ocrx_word' id='word_1_291' title='bbox 789 2465 844 2508; x_wconf 84' lang='grc'><strong>8,)</strong></span> <span class='ocrx_word' id='word_1_292' title='bbox 878 2463 927 2500; x_wconf 91' lang='lat' dir='ltr'><strong>ad</strong></span> <span class='ocrx_word' id='word_1_293' title='bbox 955 2474 1089 2500; x_wconf 87' lang='lat' dir='ltr'><strong>nexum</strong></span> <span class='ocrx_word' id='word_1_294' title='bbox 1119 2463 1325 2499; x_wconf 88' lang='lat' dir='ltr'><strong>eruendum</strong></span> <span class='ocrx_word' id='word_1_295' title='bbox 1355 2460 1447 2498; x_wconf 84' lang='lat' dir='ltr'><strong>nihil</strong></span> <span class='ocrx_word' id='word_1_296' title='bbox 1471 2459 1584 2507; x_wconf 84' lang='lat' dir='ltr'><strong>profi·</strong></span> 
     </span>
     <span class='ocr_line' id='line_1_36' title="bbox 139 2515 1584 2567; baseline -0.003 -12"><span class='ocrx_word' id='word_1_297' title='bbox 139 2519 241 2564; x_wconf 83' lang='lat' dir='ltr'><strong>eias;</strong></span> <span class='ocrx_word' id='word_1_298' title='bbox 272 2531 381 2566; x_wconf 91' lang='lat' dir='ltr'><strong>quem</strong></span> <span class='ocrx_word' id='word_1_299' title='bbox 403 2530 515 2566; x_wconf 90' lang='lat' dir='ltr'><strong>quum</strong></span> <span class='ocrx_word' id='word_1_300' title='bbox 542 2520 594 2556; x_wconf 87' lang='lat' dir='ltr'><strong>ita</strong></span> <span class='ocrx_word' id='word_1_301' title='bbox 613 2519 843 2556; x_wconf 88' lang='lat' dir='ltr'><strong>constituerit</strong></span> <span class='ocrx_word' id='word_1_302' title='bbox 861 2520 1085 2556; x_wconf 89' lang='lat' dir='ltr'><strong>Debrossius</strong></span> <span class='ocrx_word' id='word_1_303' title='bbox 1116 2520 1298 2567; x_wconf 84' lang='lat' dir='ltr'><strong>„Negant</strong></span> <span class='ocrx_word' id='word_1_304' title='bbox 1318 2518 1380 2554; x_wconf 83' lang='lat' dir='ltr'><strong>aiii</strong></span> <span class='ocrx_word' id='word_1_305' title='bbox 1407 2515 1584 2552; x_wconf 85' lang='lat' dir='ltr'><strong>detectio-</strong></span> 
     </span>
     <span class='ocr_line' id='line_1_37' title="bbox 141 2573 1584 2624; baseline -0.003 -13"><span class='ocrx_word' id='word_1_306' title='bbox 141 2586 225 2612; x_wconf 87' lang='lat' dir='ltr'><strong>nem</strong></span> <span class='ocrx_word' id='word_1_307' title='bbox 262 2575 436 2612; x_wconf 88' lang='lat' dir='ltr'><strong>Corsicae</strong></span> <span class='ocrx_word' id='word_1_308' title='bbox 472 2587 541 2622; x_wconf 86' lang='lat' dir='ltr'><strong>per</strong></span> <span class='ocrx_word' id='word_1_309' title='bbox 572 2577 765 2612; x_wconf 87' lang='lat' dir='ltr'><strong>mulierem</strong></span> <span class='ocrx_word' id='word_1_310' title='bbox 804 2577 998 2624; x_wconf 87' lang='lat' dir='ltr'><strong>Ligurem,</strong></span> <span class='ocrx_word' id='word_1_311' title='bbox 1041 2580 1258 2613; x_wconf 80' lang='lat' dir='ltr'><strong>verentes</strong></span> <span class='ocrx_word' id='word_1_312' title='bbox 1289 2583 1346 2611; x_wconf 86' lang='lat' dir='ltr'><strong>ne</strong></span> <span class='ocrx_word' id='word_1_313' title='bbox 1377 2573 1443 2608; x_wconf 77' lang='lat' dir='ltr'><strong>illa</strong></span> <span class='ocrx_word' id='word_1_314' title='bbox 1477 2575 1584 2608; x_wconf 81' lang='lat' dir='ltr'><strong>tauro</strong></span> 
     </span>
     <span class='ocr_line' id='line_1_38' title="bbox 136 2629 1595 2680; baseline -0.003 -12"><span class='ocrx_word' id='word_1_315' title='bbox 136 2635 279 2680; x_wconf 82' lang='lat' dir='ltr'><strong>parta</strong></span> <span class='ocrx_word' id='word_1_316' title='bbox 305 2633 413 2677; x_wconf 79' lang='lat' dir='ltr'><strong>sit,“</strong></span> <span class='ocrx_word' id='word_1_317' title='bbox 445 2636 481 2668; x_wconf 91' lang='lat' dir='ltr'><strong>et</strong></span> <span class='ocrx_word' id='word_1_318' title='bbox 500 2634 537 2668; x_wconf 91' lang='lat' dir='ltr'><strong>in</strong></span> <span class='ocrx_word' id='word_1_319' title='bbox 556 2636 739 2669; x_wconf 86' lang='lat' dir='ltr'><strong>structura</strong></span> <span class='ocrx_word' id='word_1_320' title='bbox 758 2642 806 2669; x_wconf 85' lang='lat' dir='ltr'><strong>ne</strong></span> <span class='ocrx_word' id='word_1_321' title='bbox 830 2633 1034 2679; x_wconf 86' lang='lat' dir='ltr'><strong>particulae</strong></span> <span class='ocrx_word' id='word_1_322' title='bbox 1055 2633 1210 2679; x_wconf 87' lang='lat' dir='ltr'><strong>turpiter</strong></span> <span class='ocrx_word' id='word_1_323' title='bbox 1231 2633 1359 2678; x_wconf 87' lang='lat' dir='ltr'><strong>lapsus</strong></span> <span class='ocrx_word' id='word_1_324' title='bbox 1387 2633 1464 2676; x_wconf 88' lang='lat' dir='ltr'><strong>est,</strong></span> <span class='ocrx_word' id='word_1_325' title='bbox 1492 2632 1529 2664; x_wconf 92' lang='lat' dir='ltr'><strong>et</strong></span> <span class='ocrx_word' id='word_1_326' title='bbox 1547 2629 1595 2670; x_wconf 69' lang='lat' dir='ltr'><strong>in,</strong></span> 
     </span>
     <span class='ocr_line' id='line_1_39' title="bbox 139 2686 1585 2736; baseline -0.003 -11"><span class='ocrx_word' id='word_1_327' title='bbox 139 2688 329 2725; x_wconf 87' lang='lat' dir='ltr'><strong>mutandis</strong></span> <span class='ocrx_word' id='word_1_328' title='bbox 371 2689 496 2724; x_wconf 84' lang='lat' dir='ltr'><strong>verbis</strong></span> <span class='ocrx_word' id='word_1_329' title='bbox 534 2690 622 2726; x_wconf 90' lang='lat' dir='ltr'><strong>lusit</strong></span> <span class='ocrx_word' id='word_1_330' title='bbox 650 2689 861 2736; x_wconf 86' lang='lat' dir='ltr'><strong>pueriliter,</strong></span> <span class='ocrx_word' id='word_1_331' title='bbox 909 2699 1132 2736; x_wconf 86' lang='lat' dir='ltr'><strong>quamquam</strong></span> <span class='ocrx_word' id='word_1_332' title='bbox 1167 2686 1353 2725; x_wconf 87' lang='lat' dir='ltr'><strong>Gerlachii</strong></span> <span class='ocrx_word' id='word_1_333' title='bbox 1388 2695 1585 2722; x_wconf 88' lang='lat' dir='ltr'><strong>assensum</strong></span> 
     </span>
     <span class='ocr_line' id='line_1_40' title="bbox 141 2744 712 2791; baseline 0.002 -11"><span class='ocrx_word' id='word_1_334' title='bbox 141 2745 226 2782; x_wconf 90' lang='lat' dir='ltr'><strong>Vol.</strong></span> <span class='ocrx_word' id='word_1_335' title='bbox 249 2744 309 2780; x_wconf 89' lang='lat'><strong>111.</strong></span> <span class='ocrx_word' id='word_1_336' title='bbox 330 2755 366 2791; x_wconf 90' lang='lat' dir='ltr'><strong>p.</strong></span> <span class='ocrx_word' id='word_1_337' title='bbox 388 2746 447 2784; x_wconf 85' lang='grc'><strong>79.</strong></span> <span class='ocrx_word' id='word_1_338' title='bbox 472 2747 712 2781; x_wconf 81' lang='lat' dir='ltr'><strong>consecutus.</strong></span> 
     </span>
    </p>
   </div>
  </div>
 </body>
</html>
