1774 3002
500 175 830 216 HISTomARtm
856 175 1168 214 FRAGMENTA.
1225 177 1316 213 LIB.
1345 177 1410 212 IV.
1577 170 1663 213 327

856 354 945 387 cn.
970 354 1009 386 Π.

314 424 446 458 Bellum
470 422 594 455 servile
618 427 819 456 extremum.
870 422 1026 454 Pastores
1052 424 1086 454 in
1111 422 1260 454 Lucania
1282 424 1391 455 servis
1416 433 1453 454 se
1474 401 1662 466 adiungunt

224 489 257 516 et
279 483 379 516 rudia
405 491 498 514 arma
521 488 653 526 parant.
678 500 723 506 —
746 483 888 516 Crassus
908 483 981 516 dnx
1003 489 1117 517 eontra
1142 493 1260 516 servos
1281 483 1428 526 eligitur.
1454 501 1501 506 —
1524 481 1663 526 Sparta-

224 553 285 576 cus
311 543 346 575 in
368 541 574 576 Bruttiorum
599 554 717 588 agrum
751 555 789 578 se
817 546 951 588 recipit.
986 563 1031 569 —
1063 546 1143 579 Eius
1174 548 1313 577 conatus
1342 544 1377 575 in
1410 543 1563 577 Siciliam
1594 550 1662 577 tra-

223 603 373 647 iioiendi.
398 621 446 628 —
468 602 657 648 Descriptio
682 603 797 636 ltaliae
820 605 992 639 inferioris
1014 613 1046 639 et
1071 606 1147 639 freti
1172 604 1292 638 Siculi.
1316 624 1363 630 -
1383 605 1565 651 Servorum
1591 606 1661 638 dis-

225 663 359 705 oordia,
385 663 513 697 reditus
536 675 579 697 ex
594 662 743 696 'Bruttiis
765 675 827 709 per
849 665 1052 709 Lucaniam,
1078 674 1110 700 et
1141 667 1254 699 variae
1281 666 1408 699 clades.
1434 684 1479 690 -
1504 665 1660 709 Spartaci

222 735 324 759 mors.

839 834 1037 841 ———

359 926 428 969 22.
481 921 538 967 Hi
566 921 762 968 locorum
793 925 998 985 pergnari
1023 926 1067 969 et
1100 925 1216 970 soliti
1240 927 1415 971 nectere
1444 940 1503 970 ex
1529 924 1662 970 vimi-

225 1005 354 1052 nibus
389 1020 500 1050 vasa
519 1006 737 1065 agrestia,
763 1006 818 1052 ibi
850 1010 960 1063 tum,
989 1002 1108 1068 quod
1137 1008 1285 1068 inopia
1308 1011 1533 1054 scutorum
1556 1002 1662 1054 sue-

223 1091 314 1144 rat,
349 1103 404 1134 ea
431 1089 525 1133 arte
554 1102 604 1161 se
635 1089 821 1151 quisque
847 1090 891 1135 in
922 1091 1106 1136 formam
1136 1106 1313 1152 parmae
1339 1091 1562 1154 equestris
1583 1105 1662 1137 ar-

222 1172 380 1219 mahat.

223 1310 403 1347 auxilium
421 1309 645 1354 invocantis,
676 1319 899 1356 quamquam
928 1311 1040 1346 nimis
1062 1311 1218 1356 abrupta
1241 1314 1299 1345 est
1318 1311 1515 1354 sententia,
1547 1321 1659 1357 quam

223 1371 263 1404 ut
281 1367 362 1402 eius
385 1376 523 1401 nexum
541 1377 668 1402 eruas.
714 1366 786 1401 Pro
813 1367 943 1402 itinere
973 1369 1125 1402 maris
1152 1366 1322 1404 Gerlach.
1351 1368 1389 1403 in
1419 1372 1573 1414 utraque
1596 1367 1659 1403 ed.

223 1426 355 1460 eontra
378 1432 510 1457 omnes
530 1421 642 1459 codd.
674 1423 826 1469 scripsit
843 1424 972 1459 itinere
990 1425 1120 1459 mari.

335 1478 440 1523 Quae
460 1479 582 1526 eapite
604 1479 772 1515 secundo
794 1480 1026 1515 continentur
1051 1478 1276 1527 Fragmenta
1295 1479 1345 1516 ad
1360 1481 1500 1516 bellum
1521 1480 1660 1517 servile

222 1535 456 1584 pertinentia,
476 1536 655 1583 pleraque
675 1546 750 1571 non
770 1535 973 1572 admodum
993 1536 1107 1572 dubIa
1127 1540 1191 1573 aut
1217 1538 1379 1573 obscura
1399 1542 1498 1583 sunt,
1526 1537 1559 1573 si
1579 1537 1660 1573 uni-

222 1602 374 1630 versam
400 1603 481 1627 rem
507 1597 678 1639 spectas;
707 1591 755 1628 de
781 1593 916 1639 quibus
946 1603 1039 1629 vero
1060 1594 1325 1630 certaminibus
1350 1594 1500 1641 singula
1527 1594 1661 1630 intelli-

223 1648 349 1697 genda
370 1649 463 1692 siut,
491 1659 615 1695 quove
634 1648 767 1684 ordine
788 1650 827 1685 in
846 1650 929 1696 ipso
957 1649 1126 1686 Sallustii
1146 1661 1261 1696 opere
1283 1662 1325 1686 se
1355 1651 1591 1697 exceperint,
1620 1650 1659 1685 in

220 1705 346 1742 multis
365 1705 540 1741 constitui
560 1715 637 1740 non
655 1709 791 1752 potest.
848 1706 972 1750 Quare
998 1706 1171 1742 nolumus
1191 1711 1385 1754 praestare
1410 1708 1445 1742 in
1471 1709 1554 1744 loco
1585 1707 1659 1743 sin-

221 1762 321 1810 gulis
342 1762 575 1808 assignando
595 1773 726 1797 verum
746 1773 817 1798 nos
841 1762 977 1809 ubique
996 1767 1191 1799 assecutos
1209 1772 1309 1808 esse,
1328 1775 1553 1811 quamquam
1573 1775 1659 1810 pro-

222 1818 448 1854 babilitatem
467 1818 652 1865 quandam
674 1829 860 1865 nunquam
880 1830 955 1854 non
976 1821 1093 1856 secuti
1118 1831 1260 1856 sumus.

333 1874 396 1910 Fr.
417 1878 478 1911 22.
496 1871 616 1921 [cort.
634 1885 673 1920 p.
692 1877 777 1913 991.
799 1875 899 1911 Gerl.
920 1875 981 1910 ed.
1005 1877 1093 1911 mai.
1111 1877 1175 1920 IV,
1196 1880 1256 1915 28.
1285 1876 1348 1911 ed.
1368 1876 1458 1911 min.
1478 1876 1541 1921 IV,
1562 1879 1599 1914 4.
1618 1887 1659 1922 p.

222 1933 306 1971 225,
324 1934 360 1967 5.
391 1929 501 1965 Debr.
524 1931 583 1974 111,
602 1931 678 1974 79.]
735 1931 832 1967 Non.
851 1930 985 1974 XVIII,
1006 1934 1061 1969 14.
1082 1943 1122 1978 p.
1142 1935 1223 1975 554,
1243 1936 1303 1970 m.
1330 1933 1445 1968 Mero.
1479 1933 1550 1968 Pro
1568 1942 1658 1979 per·-

222 1986 336 2033 ynam*
359 1986 398 2020 in
426 1985 539 2021 codd.
565 1996 722 2032 prorsus
749 1987 873 2033 inepte
905 1991 963 2022 est
983 1989 1196 2035 ρει-ἕρπω,
1234 1988 1354 2035 quod,
1391 1999 1615 2035 quamquam
1635 2000 1660 2026 a

225 2042 353 2077 Douza
371 2046 591 2085 correctum,
613 2040 757 2078 Cottius
774 2046 901 2079 tamen
921 2044 1079 2079 retinuit.
1128 2044 1222 2080 Tum
1245 2056 1314 2091 pro
1330 2044 1478 2092 suerat,
1508 2055 1554 2080 ea
1576 2048 1661 2082 arte

225 2097 378 2134 codices
403 2097 542 2133 habent
555 2097 717 2144 fueread
732 2109 777 2135 ea
796 2103 879 2135 arte
896 2101 958 2137 vel
975 2099 1086 2147 fuere
1098 2101 1152 2136 ad
1166 2111 1213 2137 ea
1230 2106 1324 2146 urle,
1344 2112 1441 2148 quae
1462 2102 1659 2148 scriptura,

224 2165 294 2201 per
305 2165 347 2190 se
363 2164 478 2190 sensu
489 2165 615 2199 cassa,
625 2156 795 2200 proxime
813 2160 935 2198 tamen
956 2158 1062 2193 abest
1078 2168 1100 2197 a
1120 2167 1225 2202 vero,
1242 2157 1345 2205 quod
1357 2158 1550 2194 Mercerus
1569 2169 1659 2194 eon-

226 2211 369 2247 iectura
395 2214 591 2247 assecutus
617 2214 698 2260 est..
753 2212 877 2248 Minus
904 2212 1035 2249 dextre
1055 2213 1093 2249 in
1111 2213 1184 2250 hoc
1208 2215 1292 2250 loeo
1316 2214 1554 2251 emendando
1574 2226 1659 2251 ver-

225 2270 328 2303 satus
346 2270 428 2302 erat
445 2266 615 2312 Ursinus,
635 2268 698 2313 qui
717 2269 979 2315 suspicabatur
995 2269 1118 2316 fuere,
1135 2270 1183 2306 ab
1200 2280 1246 2306 ea
1264 2274 1359 2317 arte,
1376 2276 1413 2307 et
1436 2270 1577 2316 Carrio,
1597 2273 1657 2308 eui

224 2323 365 2370 placuit
380 2322 519 2369 fuer-d,
532 2323 585 2360 ad
597 2333 679 2359 eam
692 2328 810 2360 artem
818 2340 831 2365 ,-
845 2325 961 2372 quod,
980 2326 1067 2362 iicet
1081 2337 1128 2362 ne
1143 2327 1298 2363 latinum
1312 2327 1463 2375 quidem
1478 2328 1538 2374 sit,
1551 2329 1655 2372 (nam

225 2378 326 2426 quod
335 2378 554 2415 Gerlaehius
562 2379 765 2427 v01.111.p.
778 2383 860 2419 114.
877 2381 918 2416 id
933 2381 1111 2427 defendit,
1121 2383 1214 2427 suis,
1226 2384 1252 2419 i.
1271 2394 1306 2418 e.
1322 2385 1433 2420 vanis
1450 2384 1656 2420 rationibus

225 2435 343 2479 secie)
352 2435 390 2469 in
404 2435 576 2471 omnibus
586 2434 711 2472 adhue
719 2435 886 2473 Sallustii
902 2437 991 2474 edd.
1009 2439 1176 2475 obtinuit.
1195 2439 1249 2475 De
1266 2440 1435 2487 fugitivis
1447 2451 1656 2476 sermonem

224 2501 311 2528 esse
321 2491 394 2526 nisi
403 2501 465 2526 res
475 2491 559 2538 ipsa
565 2491 791 2537 ostenderet,
801 2493 970 2530 dubitare
979 2506 1049 2531 nos
1061 2506 1137 2531 non
1147 2496 1285 2531 sineret
1298 2497 1484 2532 testimoni
1489 2508 1549 2532 um
1556 2497 1655 2532 Flori

222 2548 416 2592 111‚2⁰,6.
473 2546 1354 2598 Affluernflbuseudiemoepfikqmmwmoeoet
1376 2553 1493 2589 inerms
1513 2554 1656 2589 exerci-

223 2606 295 2650 tus,
319 2613 340 2638 e
368 2603 616 2639 viminibus
635 2605 959 2653 pecudumque
978 2610 1259 2654 tegumentis
1275 2609 1547 2646 inconditos
1563 2609 1660 2644 sibi

223 2660 419 2706 clipeos,
435 2670 456 2695 e
471 2659 575 2706 sem
592 2661 856 2707 eryasmlonm
870 2667 1012 2699 reoocto
1028 2663 1168 2710 yladios
1187 2674 1234 2699 ac
1252 2665 1324 2699 tela
1338 2664 1528 2711 fener-unu
1546 2669 1656 2711 atque

223 2714 388 2751 Frontini
408 2715 464 2751 de
483 2715 645 2762 Strateg.
664 2715 693 2759 1,
708 2718 744 2760 ¹1,
756 2719 793 2755 6.
852 2717 1035 2765 Spartam
1054 2721 1240 2766 copiaeque
1256 2721 1336 2756 eius
1359 2725 1498 2757 scula
1517 2730 1576 2756 ex
1595 2721 1655 2756 vi-

225 2772 344 2807 mine
361 2771 578 2818 fuerunt,
607 2780 702 2819 quae
726 2774 837 2809 coriis
853 2775 1072 2822 (eqebanmr.
1131 2775 1365 2823 Intelligendi
1386 2777 1560 2813 videntur
1580 2787 1657 2812 non
