1774 3002
98 155 184 200 *18⁴6
537 131 539 133 ’
605 156 646 193 e.
675 156 906 196 SALLUSTI
937 157 1089 196 elz-,ism

238 289 308 332 80.
364 283 474 329 Nam
502 282 659 343 procul
694 285 738 329 et
768 283 961 331 divorsis
983 289 1054 332 -ex
1090 283 1366 346 regionibus..
1392 326 1396 334 .

238 371 308 417 81.
363 367 574 424 Dubium,
595 383 653 414 an
687 367 831 414 insula
862 368 939 425 sit,
976 370 1094 432 quod
1131 369 1224 416 euri
1251 371 1395 431 atque'
1414 369 1550 415 austri

101 451 360 515 superiactis
395 451 598 498 fluctibus
630 452 966 499 circumlavitur.

238 542 306 588 82.
362 537 537 590 Murum
574 536 630 583 ab
666 537 835 597 angulo
867 535 1013 584 dextri
1056 536 1206 584 lateris
1249 536 1305 583 ad
1346 499 1551 600 paludem

101 621 219 668 haud
248 620 404 684 procul
440 621 652 667 remotam
682 620 820 667 duxit.

102 786 263 832 20215.
285 783 454 829 Debr.II,
480 785 536 822 19.
554 783 615 828 ΙΙΙ,
640 784 732 830 143]
743 773 1011 831 Fragmentum
1029 781 1103 818 hoc
1125 776 1332 820 consimilis
1350 788 1459 830 atque
1479 782 1553 819 duo

104 841 302 889 superiora
324 841 534 888 argumenti
556 840 691 888 legitur
715 839 817 888 apud
831 839 1010 876 Arusian.
1031 852 1067 876 v.
1085 839 1264 883 insolens,
1284 853 1321 888 p.
1342 840 1422 878 241.
1445 839 1553 876 Lind.

212 898 276 934 Fr.
291 900 351 936 80.
412 895 528 944 [Cort.
544 909 583 944 p.
603 900 685 936 957.
738 897 836 933 Gerl.
858 895 917 934 ed.
939 896 1027 937 mai.
1049 895 1092 940 ΙΙ,
1109 897 1143 933 4.
1174 895 1232 932 ed.
1263 897 1353 935 min.
1374 895 1417 942 II,
1437 895 1496 936 29.
1518 908 1555 943 p.

100 958 185 1002 202,
202 957 237 993 8.
277 954 388 992 Debr.
409 954 452 999 II,
481 957 561 993 122.
581 953 644 999 ΙΠ,
662 954 757 1001 147.]
805 953 948 1000 Charis.
972 948 1017 1001 ΙΙ,
1038 955 1095 998 14,
1122 954 1202 993 183.
1222 948 1360 1000 p.,1'§51''.
1380 953 1554 999 Putsch.;

103 1011 166 1059 qui
203 1012 314 1048 simul
343 1011 456 1048 tradit
487 1012 699 1059 Asperum,
731 1011 898 1049 Sallustii
939 1009 1196 1057 interpretem,
1230 1009 1292 1047 hie
1326 1013 1552 1047 annotasse:

104 1069 230 1116 „Ergo
243 1070 385 1117 procul
403 1081 424 1105 e
449 1069 534 1104 loco
557 1069 654 1104 est.“
716 1068 820 1114 Quae
845 1066 1045 1115 explicatio
1071 1078 1147 1102 non
1167 1066 1258 1103 satis
1275 1062 1479 1104 'commoda
1500 1067 1555 1103 vi-

103 1125 224 1162 detur.
282 1125 378 1162 Nam
400 1127 432 1162 si
457 1125 529 1161 hoc
551 1125 670 1162 voluit
689 1125 832 1173 Asper,
854 1119 1001 1173 procul.
1018 1123 1231 1170 significare
1252 1134 1273 1166 e
1294 1123 1395 1170 loco,
1426 1124 1451 1159 i.
1474 1135 1506 1160 e.
1535 1134 1556 1160 e

103 1184 252 1231 regione
280 1182 362 1220 sive
391 1193 442 1219 ex
468 1182 685 1228 adversum,
718 1183 803 1230 ipsa
821 1180 1035 1229 explicandi
1065 1180 1225 1222 formula
1244 1191 1366 1228 neque
1386 1180 1558 1228 congruit

103 1251 188 1277 cum
219 1239 370 1276 dicendi
400 1245 484 1284 usu,
504 1243 540 1275 et
560 1240 592 1276 si
612 1243 848 1287 congrueret,
868 1239 963 1275 salsa
984 1238 1088 1274 foret.
1141 1237 1264 1282 Quare
1285 1238 1457 1286 suspicor
1476 1249 1557 1274 cor-

102 1298 287 1346 ruptelam
312 1296 491 1342 subesse,
522 1300 560 1332 et
580 1296 649 1344 pro
671 1307 691 1333 e
710 1297 786 1334 loco
807 1295 1048 1333 scribendum
1068 1304 1088 1331 e
1117 1291 1331 1344 lonqinquo,
1362 1305 1459 1343 quae
1480 1306 1559 1332 vox

103 1356 276 1403 neglecto
298 1354 359 1391 vel
376 1355 472 1391 male
494 1354 680 1390 intellecto
700 1353 891 1390 scribendi
906 1350 1133 1400 compendio
1155 1347 1345 1414 (rlfiqnnf
1336 1362 1374 1388 m
1399 1351 1557 1389 alteram

104 1411 306 1460 depravari
326 1411 456 1459 potuit.
1601 1432 1603 1434 -

217 1466 277 1505 Fr.
298 1471 357 1507 81.
402 1467 571 1516 [Cortp.
593 1470 674 1507 957.
715 1466 815 1504 Gerl.
835 1466 895 1504 ed.
911 1465 1000 1502 mai.
1022 1465 1067 1510 ΙΙ,
1090 1468 1125 1503 2.
1149 1442 1210 1500 ed.
1232 1465 1323 1502 min.
1347 1464 1411 1511 ΠΙ,
1427 1463 1488 1505 82.
1517 1478 1556 1515 p.

104 1530 186 1572 223,
206 1530 263 1565 22.
294 1524 614 1571 Debr.1,93.111‚
628 1525 702 1570 30.]
738 1524 877 1569 Verba,
909 1534 931 1558 a
950 1522 1074 1559 Nonio
1096 1521 1142 1568 X,
1157 1526 1194 1561 2.
1215 1533 1251 1570 p.
1267 1520 1350 1568 503,
1366 1520 1423 1562 32.
1444 1522 1557 1560 Mete.

105 1584 230 1628 allata,
259 1594 305 1618 eo
327 1584 529 1619 obscurata
549 1585 646 1626 sunt,
668 1581 770 1629 quod
791 1581 998 1617 sublectum
1020 1578 1157 1615 deest.
1166 1578 1245 1615 Hoc
1269 1583 1393 1616 tamen
1413 1591 1461 1625 ex
1477 1580 1558 1617 uni-

105 1652 218 1679 verso
238 1640 321 1676 loco
351 1642 474 1686 patet,
506 1637 718 1675 sermonem
744 1649 830 1675 esse
857 1637 905 1673 de
932 1635 1158 1684 paeninsula
1188 1629 1269 1672 sive
1299 1635 1430 1684 lingua
1459 1638 1558 1674 tenui

106 1698 143 1733 in
174 1707 278 1733 mare
309 1699 572 1744 procurrente,
606 1696 712 1731 cuius
743 1697 833 1742 pars
862 1692 1065 1742 continenti
1096 1692 1270 1739 proxima
1297 1692 1482 1729 interdum
1509 1694 1560 1731 ita

106 1754 280 1793 fluctibus
304 1755 541 1797 obrueretur,
571 1755 630 1797 ut,
661 1763 756 1799 quae
775 1738 1001 1815 paeninsula
1021 1753 1142 1794 esset,
1169 1760 1263 1786 vera
1291 1749 1415 1786 insula
1435 1749 1559 1786 videri

105 1815 256 1860 posset,
277 1810 341 1847 vel
361 1821 496 1857 parum
526 1809 697 1855 abesset,
726 1808 815 1856 quin
843 1818 959 1846 verae
980 1806 1133 1843 insulae
1155 1806 1322 1854 speciem
1348 1806 1559 1860 praeberet.

105 1869 208 1905 Haec
231 1867 414 1905 sententia
434 1866 621 1903 indicatur
635 1865 761 1903 verbis
786 1864 931 1902 dubium
950 1875 1014 1910 an,
1035 1873 1130 1911 quae
1149 1862 1290 1910 pariter
1310 1867 1350 1900 ut
1369 1857 1488 1900 dubito
1508 1875 1559 1902 an

107 1930 144 1962 et
165 1928 346 1962 incertum
365 1928 419 1961 est
437 1935 488 1960 an
509 1934 592 1959 eam
621 1924 699 1960 vim
718 1922 876 1968 habent,
911 1925 949 1958 ut
970 1932 1050 1956 rem
1071 1921 1308 1957 enunciatam
1329 1919 1499 1957 modeste
1524 1916 1561 1957 et

107 1995 193 2020 cum
209 1984 334 2030 aliqua
349 1982 584 2018 restrictione
607 1981 814 2025 affirment3
846 1979 894 2015 cs.
916 1976 1039 2014 Hand.
1068 1976 1115 2013 de
1134 1972 1292 2014 Particc.
1321 1978 1400 2014 latt.
1423 1976 1508 2014 Vol.
1529 1978 1558 2014 Ι.

107 2053 144 2089 p.
159 2041 244 2080 329.
282 2039 468 2087 Kruegeri
490 2038 690 2075 Grammat.
710 2038 773 2073 lat.
796 2039 830 2080 §-
850 2036 931 2074 520.
952 2047 990 2083 p.
1011 2034 1090 2087 700.
1122 2036 1158 2071 et
1178 2038 1344 2084 nostram
1363 2037 1399 2077 §-
1421 2035 1502 2079 133,
1522 2039 1558 2078 3.
1575 2078 1577 2080 ι

111 2096 148 2134 d.
172 2096 351 2143 additam.
371 2100 406 2136 3.
425 2108 465 2144 pf
479 2098 564 2139 439.
584 2115 641 2122 —
672 2094 953 2133 Circumlavitur
981 2092 1190 2138 certissima
1211 2094 1269 2127 est
1292 2089 1414 2127 Coleri
1436 2102 1561 2128 emen-

110 2155 236 2199 dati0;
267 2154 404 2190 vitiose
428 2153 527 2189 enim
549 2151 578 2188 B
600 2156 644 2188 et.
664 2151 853 2187 Vlitteris
877 2149 1113 2186 commutatis
1141 2148 1207 2194 (dc
1231 2159 1303 2195 quo
1324 2147 1560 2199 librariorum

110 2209 221 2258 lapsu
247 2223 286 2247 v.
319 2221 433 2257 supra
455 2209 504 2246 ad
524 2209 584 2245 Fr.
606 2209 738 2255 5o,1.)
765 2208 805 2243 in
824 2206 937 2243 Nonii
967 2203 1080 2241 codd.
1101 2205 1291 2252 plerisque
1321 2205 1456 2252 legitur
1485 2206 1558 2242 cir-

110 2267 340 2313 cumlabitur,
356 2267 394 2302 in
418 2278 491 2302 uno
512 2265 748 2309 circumlabit‚
766 2263 867 2300 unde
889 2264 1015 2310 inepta
1037 2263 1223 2310 scriptura
1243 2262 1471 2299 circumluvit
1484 2260 1562 2299 edi-

112 2326 232 2364 tiones
253 2323 365 2361 Nonii
383 2324 524 2371 pariter
548 2325 658 2368 atque
685 2321 868 2359 Sallustii
874 2318 1034 2357 invasit.
1090 2319 1183 2356 Eam
1206 2329 1320 2366 quum
1342 2315 1562 2360 Gerlachius

67 2392 69 2395 ·
114 2385 152 2420 in
183 2381 245 2418 ed.
275 2381 364 2417 mai.
399 2379 578 2424 dedisset,
602 2378 756 2414 delude
768 2389 861 2414 vero
879 2375 965 2411 Vol.
987 2375 1048 2412 111.
1077 2387 1117 2423 p.
1143 2374 1201 2416 77.
1234 2374 1355 2413 Coleri
1373 2370 1562 2418 coniectu-

114 2451 193 2476 ram
214 2438 324 2474 unice
346 2448 476 2475 veram
498 2432 716 2480 iudicasset,
748 2431 990 2469 nihilominus
1020 2433 1058 2468 in
1082 2432 1144 2470 ed.
1164 2433 1254 2469 min.
1286 2432 1458 2484 antiquas
1483 2441 1562 2469 sor-

114 2497 183 2534 des
205 2495 386 2543 reposuit.
446 2493 618 2534 Scilicet,
647 2503 721 2539 qua
750 2494 807 2526 est
824 2490 1135 2538 perspicacitate,
1164 2501 1247 2526 non.
1263 2493 1460 2537 assecutus
1490 2492 1559 2533 est,

114 2553 288 2597 Nonium,
310 2550 426 2599 quiid
440 2551 529 2599 agit,
552 2553 590 2586 ut
611 2548 734 2586 lavere
751 2558 820 2595 pro
840 2547 967 2584 lavare
989 2546 1126 2583 dictum
1145 2559 1232 2584 esse
1252 2544 1437 2590 ostendat,
1450 2545 1559 2581 etiam

112 2610 295 2662 passivae
322 2609 463 2645 formae
485 2607 657 2654 exemplo
679 2604 729 2642 uti
753 2604 935 2651 potuisse.

227 2666 289 2702 Fr.
307 2668 368 2705 82.
412 2662 527 2714 [cort.
546 2676 587 2713 p.
606 2665 690 2703 962.
732 2660 832 2698 Gerl.
856 2660 917 2697 ed.
939 2661 1027 2697 mai.
1048 2660 1092 2704 ΙΙ,
1111 2664 1167 2698 55.
1190 2634 1250 2696 ed.
1273 2660 1362 2696 min.
1381 2658 1424 2704 ΙΙ,
1445 2661 1502 2698 66.
1521 2671 1559 2706 p.

116 2724 277 2768 204,16.
317 2722 600 2767 Debr.111,47.]
662 2719 819 2758 Servius
841 2717 890 2754 ad
909 2717 1018 2765 Virg.
1037 2716 1133 2755 Aen.
1154 2717 1181 2762 Ι,
1198 2719 1278 2756 423.
1306 2715 1402 2752 haee
1434 2715 1559 2761 habet,

117 2791 213 2835 quae
231 2790 300 2834 per
321 2790 362 2815 se
393 2777 544 2826 quidem
566 2779 655 2815 satis
674 2777 787 2829 plana
818 2778 921 2820 sunt,
948 2785 1173 2824 quamquam
1197 2773 1243 2810 de
1270 2784 1343 2824 quo
1376 2772 1470 2828 duce
1499 2768 1562 2813 aut
