1774 3002
509 130 847 170 HISTORIARUM
875 128 1190 167 FRAGMENTA.
1249 127 1335 164 LlB.
1368 127 1412 162 11.
1590 120 1672 163 1³5

372 260 440 302 22.
503 255 613 311 Quis
645 269 674 300 a
701 252 903 300 ‘Sertorio
936 251 1127 311 triplices
1162 250 1345 297 insidiae
1374 263 1454 308 per
1487 248 1672 295 idoneos

234 336 373 382 saltus
407 338 578 397 positae
615 338 762 393 erant3
801 334 962 395 prima,
1002 334 1074 394 qui
1115 333 1258 379 fronte
1293 331 1507 376 venientis
1543 331 1670 376 exci-

232 421 398 478 perent.

344 531 404 568 Fr.
433 534 493 569 22.
531 528 645 576 [Cort.
672 541 708 577 p.
726 530 808 568 978.
844 528 943 564 Gerl.
970 527 1033 563 ed.
1052 526 1139 563 mai.
1161 526 1222 569 111,
1243 526 1303 564 27.
1331 525 1393 561 ed.
1424 525 1512 561 min.
1543 525 1586 569 ΙΙ,
1610 528 1670 564 72.

232 599 268 634 p.
287 590 368 631 204,
395 591 454 626 25.
485 586 595 623 Debr.
623 586 667 629 ll,
694 586 770 630 98.]
827 585 954 621 Verba
981 584 1136 621 Servius
1172 583 1305 629 partim
1340 582 1452 618 refert
1483 581 1533 616 ad
1560 581 1668 629 Virg.

233 643 371 690 Georg.
397 643 440 687 ΙΙ,
460 645 541 687 98.,
577 642 711 689 partim
748 641 797 678 ad
817 641 914 677 Aen.
936 640 983 684 X,
1004 643 1108 683 896„
1145 637 1214 674 sed
1246 640 1318 682 ita,
1357 643 1397 674 ut
1419 637 1579 674 dubitari
1606 649 1671 674 ne-

233 699 363 746 queat,
394 699 482 745 quin
500 698 763 745 Fragmentum
791 707 840 733 ex
870 702 1027 743 utroque
1053 697 1136 732 loco
1158 699 1258 740 reete
1286 693 1487 730 conflatum
1508 694 1567 730 sit.
1615 695 1670 731 Ita

232 756 331 791 enim
359 754 514 792 Servius
543 754 591 790 ad
621 755 781 801 priorem
810 755 953 790 locum:
976 752 1213 796 „Sallustius
1242 752 1313 786 ait:
1346 750 1434 794 Quis
1457 762 1483 786 a
1506 750 1670 787 Sertorio

231 811 392 858 triplices
409 811 563 847 insidiae
572 819 648 857 per
669 810 817 847 idoneos
834 810 950 846 saltus
965 810 1110 856 positae
1127 811 1256 848 eranu-
1277 808 1419 854 prinus,
1447 826 1505 833 —-
1528 811 1566 842 et
1584 808 1671 843 sub-

232 866 458 903 audiendum
483 866 658 913 relinquit
681 866 832 910 insidia,
864 865 965 912 quod
989 866 1137 912 penitus
1167 863 1292 899 dicere
1321 873 1395 898 non
1425 863 1670 910 possumus.“

234 923 294 959 Ad
313 923 409 959 Aen.
431 924 453 958 Ι.
476 923 502 958 l.
522 933 614 958 vero
631 923 733 973 liaeo
753 922 885 958 habet:
917 922 1042 966 „Item
1061 920 1279 958 Sallustius:
1297 921 1447 967 prena,
1466 920 1531 965 qui
1544 918 1670 966 fronte

230 980 410 1015 venientes
424 980 622 1028 exciperet,
636 998 693 1004 ——
711 989 824 1024 quum
840 978 888 1014 de
910 977 1050 1013 tus-idus
1070 977 1295 1023 loqueretur,
1320 986 1414 1022 quas
1430 976 1575 1011 numeri
1591 979 1670 1012 tan·

232 1039 306 1071 tum
322 1035 476 1082 pluralis
493 1044 578 1070 esse
592 1035 678 1080 plus
693 1045 802 1080 quam
822 1034 1057 1070 manifestum
1073 1034 1171 1068 est.“
1198 1031 1508 1078 Eodem-respicit
1523 1030 1668 1068 Charis.

228 1091 258 1135 vl,
280 1093 336 1135 18,
355 1093 392 1129 8.
421 1102 458 1137 p.
477 1093 535 1128 54.
561 1090 624 1126 ed.
645 1089 752 1126 Lind.
779 1091 837 1137 (p.
859 1092 917 1128 75.
949 1089 1011 1125 ed.
1033 1088 1225 1133 Putsch.):
1255 1087 1452 1133 „Insidiae
1477 1088 1670 1134 pluraliter

230 1146 304 1182 dici
325 1146 484 1190 debent3
514 1146 583 1183 sed
603 1146 802 1183 Sallustius
824 1146 871 1182 de
896 1145 1042 1182 insidiis
1061 1146 1188 1192 prima
1216 1145 1371 1191 inquit.“
1403 1163 1460 1169 —
1489 1144 1561 1179 Pro
1588 1146 1670 1192 quis

229 1214 258 1238 a
274 1202 438 1239 Ser-turso
461 1202 588 1239 Carrio
614 1204 711 1238 male
741 1202 858 1238 edidit
883 1204 969 1250 quia
989 1202 1165 1238 Sertorio.
1199 1202 1403 1247 Vulgarem
1435 1201 1669 1247 pronominis

230 1260 387 1294 sormam
405 1259 534 1306 qm‘bue
556 1259 654 1295 Gerl.
678 1259 716 1294 in
737 1263 891 1305 utraque
912 1258 972 1294 ed.
992 1262 1121 1293 contra
1141 1256 1253 1293 codd.
1276 1257 1414 1300 intulit3
1446 1257 1496 1291 cl'.
1520 1256 1571 1292 ad
1586 1257 1667 1304 lug.

231 1315 309 1360 Vll,
338 1317 372 1355 ti.
397 1326 438 1362 p.
461 1316 521 1352 44.
559 1334 616 1340 --
657 1315 703 1351 Ut
734 1319 956 1351 structuram
994 1318 1241 1360 exaequaret,
1284 1312 1481 1349 Putschius
1518 1314 1669 1360 scripsit

222 1373 370 1418 prium,
397 1381 514 1418 quae
545 1390 591 1397 -
625 1373 833 1418 exasperet,-
871 1371 941 1406 sed
965 1371 1102 1406 rectius
1129 1369 1371 1412 Gerlachius,
1402 1369 1440 1404 in
1470 1370 1585 1405 verbo
1613 1370 1669 1405 vi·

230 1429 320 1463 tium
347 1427 472 1463 inesse
497 1431 712 1471 assecutus,
749 1428 786 1462 in
807 1426 868 1462 ed.
890 1438 977 1462 mm
1001 1426 1166 1462 exhibuit
1192 1427 1257 1472 qui
1282 1439 1339 1450 —·-
1366 1426 1669 1471 exciperent,-

229 1484 410 1530 pluralem
430 1483 529 1518 enim
543 1493 612 1529 per
632 1483 788 1530 synesin
806 1482 855 1518 ad
872 1483 996 1529 prima
1011 1493 1146 1519 vocem
1166 1481 1296 1517 referri
1319 1482 1358 1517 in
1376 1484 1505 1527 aperto
1526 1485 1598 1517 est.
1612 1500 1669 1508 —-

228 1539 368 1575 Fronte
388 1538 477 1585 quid
501 1542 603 1575 esset
624 1549 698 1574 non
720 1539 874 1586 capiens
895 1538 1091 1575 Putsehius
1114 1538 1202 1574 inde
1230 1538 1317 1573 feeit
1340 1537 1463 1585 fonte,
1495 1537 1596 1583 quod
1617 1543 1669 1574 te-

229 1605 332 1631 mere
355 1594 539 1631 editiones
561 1595 718 1639 invasit;
747 1595 857 1641 peius
873 1595 982 1630 etiam
1004 1594 1224 1631 Gerlachius
1245 1594 1283 1629 in
1306 1597 1462 1640 utraque
1483 1593 1544 1629 ed.
1564 1594 1668 1631 dedit

225 1651 345 1699 forto,
373 1651 460 1687 licet
483 1651 568 1687 Vol.
588 1651 647 1686 ΙΙΙ.
665 1662 704 1698 p.
725 1655 805 1689 101.
831 1651 958 1698 fronte
985 1651 1226 1687 scribendum
1253 1660 1340 1686 esse
1365 1651 1667 1697 pronunciasset.

228 1707 436 1751 Ne‘multa,
461 1707 624 1754 fronte
641 1708 767 1743 venire
785 1711 921 1743 estex
941 1707 1195 1744 adversum
1215 1708 1357 1745 vem're,·
1385 1717 1423 1742 v.
1444 1706 1594 1743 Walch.
1617 1707 1667 1743 ad

227 1763 344 1799 Taciti
366 1762 496 1810 Agric.
523 1774 556 1799 e.
575 1765 635 1802 34.
662 1775 701 1810 p.
725 1766 807 1802 355.
828 1783 886 1789 —
915 1763 1063 1800 Librum
1091 1763 1357 1806 Historiarum,
1390 1762 1491 1798 unde
1519 1763 1668 1799 desum-

227 1823 329 1865 ptum
349 1823 406 1855 est
427 1819 710 1866 Fragmentum,
739 1830 814 1855 non
840 1818 1022 1855 indicavit
1041 1820 1219 1864 Servius;
1250 1819 1319 1855 sed
1341 1819 1431 1866 quin
1457 1818 1507 1854 ad
1533 1829 1666 1856 secum-

227 1875 314 1911 dum
330 1875 513 1921 pertineat
530 1875 689 1911 dubitari
709 1876 872 1922 nequit‚·
885 1887 998 1922 quum
1016 1876 1241 1912 Debrossius
1261 1875 1415 1910 l'eliciter
1435 1876 1669 1922 perspexerit

228 1931 266 1965 in
295 1931 507 1966 narratione
539 1930 587 1965 de
620 1933 779 1967 obsessa
811 1933 983 1967 Laurone
1013 1933 1105 1967 urbe
1133 1933 1250 1967 verba
1280 1932 1376 1966 lecta
1403 1930 1536 1966 fuisse.
1575 1931 1668 1967 Rem

228 1987 337 2032 plane
365 1990 504 2021 certam
529 1986 652 2021 reddit
671 1986 839 2022 Frontin.
859 1986 1019 2033 Strateg.
1039 1988 1082 2031 ΙΙ,
1103 1991 1137 2031 5,
1150 1988 1236 2030 ‘31.,
1267 1988 1374 2022 cuius
1401 1988 1539 2030 verba,
1571 1998 1667 2034 quae

230 2045 395 2077 nostrum
425 2042 547 2076 locum
578 2043 730 2088 egregie
750 2042 949 2087 illustrant,
979 2042 1040 2078 hie
1061 2053 1307 2089 apponemus.
1347 2041 1586 2088 „Sa-torius,
1614 2044 1668 2079 in-

229 2097 326 2144 quit,
366 2096 403 2131 in
434 2097 636 2144 Hispania,
674 2108 787 2144 quum
823 2098 924 2145 apud
952 2099 1161 2134 Lauronem
1187 2098 1368 2145 oppidum
1392 2098 1519 2134 vicina
1545 2104 1667 2136 eastra

230 2152 396 2198 Pompeii
422 2154 556 2197 eastris
585 2153 759 2198 haberet,
788 2158 824 2190 et
845 2154 942 2191 duae
963 2154 1216 2201 tantummodo
1242 2155 1421 2201 regiones
1442 2159 1589 2200 essent,
1620 2167 1667 2192 ex

229 2209 363 2255 quibus
381 2209 558 2255 pabulum
576 2210 655 2256 peti
671 2213 822 2256 posset,
848 2221 922 2247 una
941 2211 979 2246 in
997 2212 1229 2258 propinquo,
1265 2211 1383 2247 altera
1405 2211 1556 2258 longius
1581 2213 1666 2256 sita,

229 2276 294 2308 ea,
322 2274 418 2310 quae
442 2266 480 2300 in
506 2265 715 2312 propinquo
736 2270 835 2311 erat,
866 2267 1024 2304 subinde
1051 2278 1073 2303 a
1094 2268 1168 2304 levi
1189 2270 1375 2303 armatura
1394 2268 1562 2304 infestari
1570 2278 1582 2313 ;
1612 2269 1666 2304 ul«

230 2320 405 2356 teriorem
429 2324 551 2356 autem
570 2322 687 2357 vetuit
706 2323 752 2358 ab
774 2323 849 2358 ullo
868 2327 1008 2359 armato
1029 2323 1146 2367 adiri,
1176 2323 1300 2359 donec
1320 2317 1509 2371 persuasit
1530 2324 1664 2361 adver-

230 2377 341 2412 sariis
366 2377 540 2412 tutiorem
567 2387 675 2422 esse,
714 2383 811 2424 quae
835 2382 923 2415 ‘erat
950 2380 1140 2415 remotior.
1194 2380 1314 2424 Quam
1343 2391 1457 2426 quum
1482 2381 1666 2427 petissent

230 2433 466 2478 Pompeiani,
495 2431 689 2470 Octavium
706 2433 937 2472 Graecimum
957 2447 1042 2472 cum
1073 2436 1204 2472 decem
1223 2435 1437 2473 cohortibus
1467 2437 1505 2472 in
1525 2448 1665 2473 morem

229 2487 480 2524 Romanorum
514 2489 685 2535 armatis,
726 2493 763 2525 et
789 2490 921 2527 decem
945 2492 1195 2539 Hispanorum
1226 2492 1321 2528 levis
1358 2496 1590 2537 armaturae,
1631 2496 1667 2528 et

230 2542 472 2590 Tarquinium
500 2544 616 2587 (corr.
634 2542 881 2593 'Tar-quatem,
911 2559 951 2584 v.
970 2548 1174 2584 Drumanni
1194 2548 1287 2583 Hist.
1311 2547 1420 2584 Rom.
1439 2548 1504 2584 l'V.
1524 2560 1562 2595 p.
1581 2551 1664 2587 363.

231 2602 307 2634 not.
326 2601 406 2644 43.)
425 2601 590 2636 Priscum
607 2609 696 2636 eum
716 2600 861 2639 duobus
878 2604 1039 2640 millibus
1061 2604 1224 2650 equitum
1245 2605 1298 2639 ire
1321 2604 1422 2640 iubet
1440 2604 1490 2640 ad
1507 2604 1666 2640 insidias

229 2655 437 2692 tendendas
466 2655 759 2703 pabulatoribus.
806 2657 1036 2695 mtrstrenu'e
1053 2660 1245 2706 ‘imperata
1267 2660 1417 2696 faciunt.
1466 2661 1667 2707 Explorate

234 2711 331 2746 enim
369 2713 536 2749 locorum
566 2714 698 2747 natura
727 2712 765 2748 in
791 2713 916 2750 vicina
950 2716 1047 2752 silva
1073 2719 1182 2752 noete
1207 2715 1421 2762 praedictas
1448 2718 1579 2764 copias
1606 2716 1668 2751 ab-
