1774 3002
122 117 202 160 118
617 121 657 158 C.
687 120 918 158 SALLUSTI
948 119 1099 159 CRISPI

259 248 354 291 104.
411 245 610 290 Vacuam
648 244 775 291 istam
814 245 966 290 urbem
992 243 1240 290 hominibus
1275 244 1447 292 milsta'ri
1487 261 1569 292 ae-

121 328 222 372 tate.

260 413 354 456 105.
411 410 556 466 Quum
594 423 767 455 murum
809 408 1000 454 hosfium
1052 408 1363 466 successisset,
1401 424 1568 470 poenas

122 492 316 539 dederat.

264 578 358 620 106.
414 565 615 628 Quietam
645 589 672 618 a
709 573 834 618 bellis
866 569 1096 618 civitatem.

767 766 856 801 CAP.
886 756 929 798 X.

213 835 415 878 Fragmenta
430 834 650 877 paucissimis
667 840 797 868 tantum
816 839 873 866 aut
892 833 1039 877 singulis
1064 834 1241 868 vocabulis
1273 836 1473 878 composita.

259 953 355 996 107.
411 949 634 995 Dubitavit
661 951 754 997 acie
784 966 901 1013 pars.

122 1064 211 1101 inde
230 1063 344 1100 >fluxit
369 1067 536 1111 potestas
565 1064 766 1112 auferendi
790 1066 870 1103 sive
898 1065 1074 1109 orbandi,
1105 1064 1142 1099 in
1166 1063 1323 1111 privare
1347 1067 1463 1102 verbo
1496 1077 1571 1102 rna-

121 1121 221 1157 xime
239 1121 456 1167 conspicua.
502 1121 605 1157 Hane
627 1126 748 1158 autem
769 1123 847 1158 vim
867 1121 1064 1159 Sallustius
1087 1120 1197 1156 etiam
1219 1117 1406 1158 adiectivo
1422 1126 1571 1168 praeter

123 1176 432 1214 consuetudinem
462 1177 606 1222 tribuit,
652 1178 701 1215 ita
730 1182 768 1215 ut
796 1180 927 1226 privas
953 1179 1098 1215 militiae
1131 1176 1178 1213 sit
1205 1175 1351 1217 militiae
1376 1188 1571 1225 expers,

122 1236 147 1270 i.
169 1244 203 1269 e.
233 1233 386 1269 militiae
410 1244 518 1270 usum
537 1245 613 1270 non
633 1234 797 1279 habens,
834 1235 888 1271 rei
915 1234 1084 1270 militaris
1117 1233 1282 1280 ignarus.
1317 1235 1366 1273 cf.
1386 1235 1500 1281 Apul.
1523 1234 1570 1271 de

122 1290 167 1326 D.
188 1289 296 1327 Socr.
314 1301 348 1326 c.
369 1291 430 1328 43.
446 1290 573 1331 Turba
592 1292 863 1338 imperitorum,
878 1293 1022 1338 priva
1042 1299 1152 1326 verae
1170 1291 1385 1336 sapientiae.
1406 1291 1459 1326 De
1481 1303 1571 1338 quo-

122 1357 210 1383 nam
234 1346 330 1382 duce
352 1346 524 1392 loquatur
546 1352 694 1392 auctor,
724 1358 799 1383 non
818 1351 941 1395 potest
961 1346 1151 1383 affirmari.

235 1402 296 1438 Fr.
320 1405 402 1441 104.
443 1399 572 1450 [Deest
592 1403 695 1450 apud
717 1403 836 1448 Cori„
868 1404 965 1440 Gerl.
993 1403 1054 1438 ed.
1076 1402 1165 1443 mai.
1185 1406 1221 1438 et
1244 1402 1356 1440 Debr.
1389 1423 1439 1429 -
1472 1403 1571 1441 Gerl.

125 1458 185 1495 ed.
211 1459 300 1495 min.
322 1459 349 1503 1,
367 1462 426 1497 53.
454 1470 492 1505 Ρ.
515 1462 595 1505 190,
618 1461 694 1505 10.]
736 1460 863 1497 Verba
884 1471 1018 1496 recens
1040 1458 1167 1495 addita
1186 1462 1334 1496 exstant
1352 1459 1455 1507 apud
1477 1459 1574 1497 Aru-

124 1515 271 1551 sianum
292 1526 328 1551 v.
351 1525 500 1560 vacuus,
524 1527 563 1562 p.
581 1520 665 1555 265.
679 1517 746 1557 ed·
770 1517 876 1552 Lind.
923 1517 1071 1554 Urbem
1089 1515 1326 1552 hominibus
1348 1527 1396 1552 ex
1418 1517 1573 1563 egregia

123 1571 370 1607 Lindemanni
392 1572 607 1608 coniectura
629 1573 848 1620 scripsimus
867 1584 935 1619 pro
958 1572 1124 1618 urbibus,
1156 1577 1196 1608 ut
1215 1572 1420 1619 depravate
1439 1573 1572 1620 legitur

107 1622 162 1663 ‘in
183 1627 266 1664 cod.
291 1627 404 1671 Gud.,
444 1627 507 1674 qui
535 1630 638 1664 solus
660 1629 755 1665 haec
781 1631 898 1665 verba
928 1630 1103 1664 continet.
1153 1628 1241 1665 Sine
1271 1628 1409 1668 idonea
1435 1639 1572 1665 caussa

125 1683 345 1720 Gerlachius
367 1683 467 1720 hunc
489 1684 611 1720 locum
638 1684 687 1720 ad
708 1678 900 1722 tumultum
921 1684 1153 1731 Lepidanum
1174 1685 1308 1721 retulit.

235 1740 296 1775 Fr.
320 1743 398 1778 105.
435 1737 551 1788 [Cort.
571 1752 609 1787 p.
629 1744 733 1780 1008.
770 1742 866 1787 Gerl.
889 1740 949 1777 ed.
971 1740 1062 1777 mai.
1086 1741 1160 1776 Ine.
1181 1743 1262 1780 138.
1301 1739 1363 1776 ed.
1382 1739 1471 1776 inin.
1495 1741 1571 1777 Ine.

123 1798 180 1839 41.
205 1807 243 1845 p.
262 1799 344 1843 238,
365 1799 399 1836 9.
446 1795 557 1833 Debr.
578 1797 640 1842 III,
662 1798 738 1843 39.]
780 1798 907 1833 Verba
925 1796 1039 1833 habet
1059 1795 1216 1834 Servius
1237 1796 1287 1834 ad
1309 1797 1418 1844 Virg.
1439 1797 1570 1844 Eelog.

123 1852 180 1897 V,
201 1855 235 1891 5.
255 1852 349 1889 libro
372 1864 447 1888 non
468 1852 652 1899 indicato,
682 1853 780 1890 unde
801 1853 852 1890 ad
876 1854 1024 1890 Incerta
1052 1853 1257 1890 retulerunt
1283 1852 1471 1898 editores;
1503 1853 1572 1889 sed

125 1910 311 1956 exprimo
329 1920 416 1945 esse
441 1909 551 1946 docet
571 1909 781 1946 Arusianus
803 1923 841 1948 v.
864 1910 1056 1955 successit,
1084 1922 1122 1957 p.
1142 1912 1225 1950 260.
1239 1929 1298 1936 -
1323 1909 1378 1945 De
1402 1920 1516 1946 sensu
1537 1914 1573 1945 et

126 1969 311 2002 structura
329 1965 527 2003 succedere
550 1955 656 2003 verbi
678 1978 713 2003 v.
736 1965 786 2003 ad
804 1967 887 2014 lug.
909 1978 941 2002 c.
966 1966 1082 2012 LVII,
1103 1968 1138 2003 4.
1162 1978 1201 2013 p.
1219 1969 1300 2004 311.
1323 1986 1381 1990 —
1426 1965 1573 2003 Poenas
1614 1983 1617 1985 ·

125 2022 343 2066 dederat,
366 2033 461 2069 quae
484 2024 600 2060 verba
616 2023 827 2060 Arusianus
848 2023 984 2068 omis1t,
1006 2022 1109 2059 haud
1131 2022 1241 2059 dubie
1262 2022 1314 2059 ita
1336 2021 1474 2059 dictum
1496 2022 1573 2068 suit,

126 2082 165 2114 ut
188 2079 399 2114 enunciatio
423 2079 695 2117 condicionalis
717 2084 948 2127 sequeretur,
979 2079 1027 2115 de
1050 2090 1122 2126 quo
1146 2078 1295 2116 dicendi
1316 2089 1456 2126 genere
1477 2080 1572 2115 bene

127 2134 204 2184 egit
225 2133 415 2182 Zumptius
438 2135 600 2172 Gramm.
630 2137 709 2172 Lat.
732 2146 766 2172 c·-
789 2139 855 2181 77,
878 2141 914 2174 2.
935 2140 1010 2171 not.
1032 2138 1066 2177 §-
1086 2139 1170 2174 519.
1190 2147 1227 2182 p.
1251 2138 1334 2174 449.
1353 2135 1412 2172 ed.
1434 2134 1532 2172 VIII.

240 2191 301 2226 Fr.
327 2193 406 2229 106.
455 2191 577 2236 [Cort.
602 2204 640 2239 Ρ.
662 2195 745 2232 956.
788 2193 888 2228 Gerl.
909 2192 972 2228 ed.
1001 2191 1088 2227 mai.
1110 2192 1145 2236 Ι,
1176 2194 1235 2229 63.
1266 2191 1328 2227 ed.
1349 2189 1436 2228 min.
1457 2191 1493 2236 Ι,
1513 2194 1572 2230 54.

126 2258 166 2295 Ρ.
187 2249 276 2291 190,
300 2249 357 2284 11.
378 2246 489 2289 Debr.
514 2248 556 2291 1‚·
569 2250 625 2287 64.
650 2253 684 2283 et
703 2249 770 2294 III,
793 2246 896 2296 134.]
926 2248 1041 2283 Arus.
1063 2258 1099 2283 v.
1119 2249 1280 2295 quietus,
1301 2259 1340 2295 p.
1362 2248 1446 2287 257.
1466 2248 1572 2285 Lind.

240 2303 302 2344 Fr.
326 2305 406 2342 107.
446 2301 570 2348 [Cort.
600 2315 639 2350 p.
662 2307 744 2342 956.
789 2303 888 2340 Gerl.
909 2303 970 2338 ed.
992 2303 1079 2339 mai.
1100 2304 1133 2348 I,
1156 2307 1216 2343 67.
1246 2303 1306 2341 ed.
1325 2304 1415 2340 min.
1436 2304 1471 2349 I,
1493 2306 1571 2343 121.

127 2371 165 2407 Ρ.
187 2362 267 2404 198,
286 2362 345 2398 23-
375 2359 485 2395 Debr.
505 2359 549 2404 II,
581 2360 685 2404 101.]
725 2360 906 2395 Priscian.
926 2359 1006 2403 VII,
1030 2362 1087 2404 19,
1109 2362 1169 2399 93.
1192 2372 1229 2407 p.
1251 2362 1334 2400 354.
1376 2360 1438 2398 Kr.
1462 2359 1571 2397 Serv.

130 2415 180 2452 ad
209 2416 317 2462 Virg.
348 2415 484 2462 Georg.
507 2415 544 2451 Ι.
566 2418 651 2454 208.
698 2416 840 2452 Probus
861 2416 910 2460 ΙΙ,
942 2420 982 2460 1,
1006 2421 1038 2453 1.
1059 2427 1096 2463 Ρ.
1118 2420 1199 2455 101.
1219 2416 1386 2456 Lindem.
1428 2416 1481 2452 De
1508 2426 1571 2463 ge-

129 2471 246 2509 nitivo
266 2482 304 2507 v.
331 2471 380 2507 ad
399 2472 478 2520 lug.
502 2483 533 2508 c.
559 2472 666 2520 XXI,
685 2475 719 2509 2.
739 2483 775 2518 Ρ.
795 2467 876 2511 131.

242 2528 301 2563 Fr.
333 2530 411 2566 108.
460 2525 582 2575 [Cort.
604 2540 642 2576 p.
672 2531 753 2568 956.
795 2528 890 2565 Gerl.
915 2528 975 2564 ed.
996 2528 1084 2563 mai.
1104 2528 1133 2573 Ι,
1155 2531 1212 2567 68.
1253 2527 1314 2566 ed.
1334 2528 1420 2563 min.
1439 2527 1466 2572 Ι,
1490 2531 1568 2566 122.

129 2597 169 2638 p.
186 2586 266 2628 198,
287 2586 344 2621 24.
378 2584 486 2620 Debr.
501 2584 543 2630 ΙΙ,
563 2582 639 2633 63,]
673 2583 865 2621 Charisius
882 2585 924 2620 ΙΙ.
946 2596 982 2630 Ρ.
1003 2582 1081 2622 141.
1102 2582 1208 2622 Lind.
1230 2586 1286 2632 (p.
1301 2585 1384 2622 211.
1400 2583 1571 2628 Putsch.)

130 2641 184 2678 De
204 2639 431 2686 anastrophe
454 2641 746 2688 praepositionis
765 2651 803 2676 v.
827 2640 876 2676 ad
894 2641 974 2688 Iug.
998 2652 1031 2677 c.
1059 2639 1122 2686 CI,
1144 2644 1182 2679 8.
1202 2653 1240 2689 p.
1263 2640 1345 2679 542.

242 2695 301 2732 Fr.
324 2699 403 2735 109.
446 2694 569 2747 [Cort.
591 2709 630 2744 p.
649 2699 730 2736 956.
762 2695 859 2735 Gerl.
879 2697 939 2733 ed.
962 2698 1048 2733 mai.
1077 2697 1112 2742 I,
1134 2699 1194 2736 69.
1233 2696 1294 2733 ed.
1316 2696 1407 2733 min.
1429 2696 1463 2740 I,
1490 2699 1570 2735 123.
