1774 3002
105 153 191 195 240
606 156 646 194 C.
676 156 908 196 SALLUSTI
937 158 1090 198 CRISPI

239 284 308 326 60.
361 279 518 341 Longe
545 296 571 326 a
601 281 852 327 continenti.

242 368 310 410 61.
369 362 498 409 Creta
525 364 653 410 altior
683 368 773 421 est,
811 380 898 426 qua
932 368 1056 426 parte
1089 370 1258 428 spectat
1293 367 1517 413 orientem.

241 451 310 492 62.
369 444 481 492 Otus
530 447 574 492 in
627 446 758 494 Creta
797 448 1056 509 [secundam
1097 449 1378 510 Sallustium]
1388 486 1400 506 ,
1436 450 1554 496 unde

105 527 192 574 Otii
229 530 383 589 campi.

102 667 229 713 possis
251 667 363 702 etiam
388 668 571 714 suspicari
591 679 612 703 a
629 667 805 704 Sallustio
829 669 1006 715 seriptum
1027 669 1142 705 fuisse
1163 670 1342 716 infinitum
1360 672 1551 719 imperium

104 723 264 759 obtinuit.
295 744 348 750 -—
383 724 648 771 Fragmentum
668 726 829 770 pertinet
855 725 905 760 ad
925 726 1063 760 bellum
1086 730 1216 761 contra
1238 726 1379 772 piratas
1407 733 1444 764 et
1465 728 1550 764 Cre-

104 784 230 815 tenses
250 790 272 814 a
293 781 344 815 Μ.
365 781 539 824 Antonio,
569 784 728 818 oratoris
752 781 841 826 filio,
872 783 980 817 annis
1006 783 1107 819 74-
1126 784 1183 820 72.
1208 793 1243 818 a.
1267 782 1351 820 Chr.
1375 795 1410 820 n.
1431 789 1551 832 gesto.

104 837 154 871 ef.
174 837 336 900 Appi-an
360 837 402 873 B.
428 837 466 873 C.
488 838 516 882 1,
542 841 622 875 111.
660 836 738 874 Τοῦ
763 828 802 874 δ’
826 830 1001 882 ἐπιόντος
1028 834 1137 882 ἔτους
1161 839 1205 883 (i.
1231 850 1264 874 e.
1288 841 1366 883 74.)
1392 860 1451 867 —
1478 833 1549 877 πό-

103 892 225 941 λεμοι
237 885 413 956 ἤκμαζον
443 915 501 920 -
529 890 596 930 καὶ
633 885 653 930 ὃ
691 893 769 930 τῶν
798 893 952 961 λῃστῶν
985 889 1028 930 ἐν
1057 885 1129 946 όλῃ
1157 893 1206 945 τῇ
1237 889 1442 960 θαλάσσῃ,
1484 893 1551 933 καὶ

102 944 191 999 περὶ
207 944 371 1000 Κρητην
397 942 495 1000 πρὸς
522 941 666 995 αὐτοὺς
687 946 886 999 Κρῆτας”
864 962 1000 1002 ετερος.
1043 952 1186 987 Ascon.
1209 951 1257 988 ad
1285 952 1360 990 Cic.
1382 954 1421 990 in
1439 954 1548 990 Verr.

102 1006 145 1051 II,
167 1009 202 1050 3,
224 1009 260 1044 8
291 1017 328 1052 p
349 1009 432 1045 206.
455 1006 517 1043 Or.
550 1006 605 1042 M.
625 1007 804 1043 Antonius
833 1028 887 1034 -
915 1009 1038 1055 qratia
1064 1007 1184 1044 Cottae
1205 1010 1364 1046 consulis
1392 1010 1444 1055 (is
1465 1021 1551 1047 cum

102 1063 142 1098 L.
166 1063 319 1098 Lucullo
349 1074 384 1098 a.
413 1065 472 1102 74.
506 1065 741 1099 consulatum
771 1064 974 1110 gessit)-et
999 1063 1144 1111 Cetheyi
1168 1064 1331 1111 factione
1357 1068 1395 1102 in
1420 1071 1550 1103 senatu

102 1120 327 1156 curationem
351 1120 530 1166 infinitam
550 1124 680 1155 nactus
699 1121 802 1155 totius
823 1130 913 1155 orae
937 1121 1142 1156 maritimae
1168 1124 1202 1156 et
1219 1120 1381 1157 Siciliam
1404 1127 1440 1159 et
1457 1134 1549 1169 pro-

102 1177 240 1212 vincias
260 1186 384 1212 omnes
404 1177 645 1223 depopulatus
666 1181 740 1220 est,
769 1181 803 1211 et
825 1177 876 1211 ad
888 1181 1115 1223 postremum
1135 1177 1301 1224 inferens
1320 1179 1550 1215 Cretensibus

101 1232 231 1268 bellum
249 1233 373 1268 morbo
393 1234 539 1269 interiit.
573 1234 655 1268 Vell
686 1233 730 1277 ΙΙ,
745 1236 804 1276 31,
820 1236 856 1271 3.
883 1233 959 1277 Quo
977 1235 1287 1273 senatusconsulto
1299 1237 1550 1281 paenemius

103 1294 290 1325 terrarum
309 1289 407 1324 orbis
436 1290 628 1336 imperium
648 1290 713 1325 uni
739 1290 816 1324 viro
838 1291 910 1334 (se.
933 1290 1128 1335 Pompeio)
1153 1289 1403 1337 deferebatur.
1461 1291 1552 1328 Sed

103 1349 255 1381 tamen
282 1346 397 1381 idem
416 1346 498 1381 hoc
520 1350 634 1381 ante
653 1347 954 1392 septennium
975 1347 1020 1381 in
1034 1345 1550 1393 M.Antoniopraetore

103 1402 343 1438 decretum
376 1406 499 1438 erat.
543 1403 708 1438 Laetant.
741 1402 871 1437 lnstitt.
899 1402 984 1437 Div.
1011 1402 1036 1446 Ι,
1067 1407 1122 1446 11,
1147 1405 1208 1440 32.
1235 1414 1274 1449 p.
1303 1405 1360 1443 72.
1392 1404 1547 1440 Biineni.

103 1458 265 1505 Neptuni
291 1469 444 1506 reynum
473 1459 546 1494 tate
563 1458 682 1505 fuisse
701 1459 872 1502 dictynna,
903 1459 1011 1505 quate
1029 1458 1084 1494 M.
1109 1459 1258 1495 Antonii
1281 1459 1356 1507 fuit
1372 1461 1550 1507 infinitum

102 1515 193 1551 illud
211 1517 423 1561 imperium,
454 1517 516 1551 cui
543 1517 648 1552 totius
667 1525 757 1551 orae
778 1516 984 1550 maritimae
1006 1519 1222 1561 potestatem
1250 1520 1400 1553 senatus
1420 1517 1549 1553 decre-
1590 1506 1600 1513 ³

103 1575 218 1615 verat,
239 1575 280 1607 ut
295 1572 508 1618 praedones
523 1576 814 1618 persequeretur.
833 1582 880 1607 ac
899 1581 1003 1607 mare
1022 1581 1128 1608 omne
1138 1577 1312 1619 pacaret.
1342 1593 1399 1599 -
1430 1573 1483 1609 De
1505 1585 1549 1609 ea

103 1639 144 1663 re
169 1629 272 1663 tertio
299 1628 393 1669 libro
427 1639 448 1663 a
478 1627 656 1664 Sallustio
688 1628 898 1673 expositum
929 1628 1046 1663 ruisse
1078 1639 1153 1663 non
1191 1629 1311 1664 solum
1341 1634 1548 1676 temporum

105 1684 267 1720 ostendit
290 1685 382 1719 ratio
405 1683 613 1728 (Iuvenalis
635 1683 840 1723 scholiasta
863 1684 963 1719 enim
982 1695 1029 1719 ne
1053 1684 1234 1720 Historias
1257 1685 1407 1730 quidem
1427 1687 1546 1722 nomi-

103 1741 219 1786 navit,
249 1740 388 1776 nedum
410 1741 574 1784 librum),
599 1739 668 1775 sed
689 1739 838 1775 abunde
860 1744 960 1786 patet
989 1740 1099 1775 etiam
1121 1751 1168 1775 ex
1188 1741 1248 1776 Fr.
1271 1741 1331 1786 ΙΙΙ,
1352 1744 1425 1786 65.,
1447 1742 1547 1788 quod

104 1797 152 1833 de
174 1796 309 1833 eodem
329 1797 483 1832 Antonii
503 1796 659 1844 imperio
683 1800 753 1832 est.
1173 1845 1175 1847 Ι

213 1854 354 1893 ‘Fu-66.
394 1852 510 1898 [Cort.
535 1865 574 1900 p.
605 1856 709 1891 1011.
731 1852 828 1888 Gerl.
850 1852 911 1888 ed.
940 1853 1028 1888 mai.
1058 1853 1135 1888 Ine.
1150 1856 1232 1891 211.
1258 1853 1320 1889 ed.
1352 1854 1442 1889 min.
1469 1854 1545 1890 lue.

102 1913 159 1950 62.
178 1922 215 1957 p.
233 1913 315 1955 239,
336 1915 373 1948 5.
402 1910 512 1945 Debr.
533 1910 598 1956 IV,
615 1907 691 1958 34.]
727 1908 884 1946 Servius
906 1919 1019 1955 quum
1039 1908 1088 1946 ad
1112 1909 1267 1956 Virgilii.
1280 1920 1432 1946 versum
1449 1910 1547 1947 Aen.

102 1967 165 2014 ΙΙΙ,
185 1969 266 2005 104.
326 1966 434 2002 Creta
459 1965 556 2002 Iovis
572 1967 707 2013 ,magni
724 1966 840 2001 medio
859 1967 956 2001 iacet
979 1966 1100 2001 insula
1120 1968 1235 2012 ponto
1263 1965 1359 2003 haee
1395 1971 1549 2004 annota-

103 2024 223 2060 verit:
269 2022 416 2068 „Medio
437 2027 552 2069 ponto
575 2026 698 2070 potest
731 2022 882 2069 quidem
911 2022 1066 2068 intelligi
1094 2021 1302 2058 seeundum
1331 2022 1550 2061 Sallustium-

104 2082 216 2127 longe
239 2091 260 2116 a
280 2079 521 2124 continenti‚“
542 2102 590 2107 —
617 2078 780 2115 editores
813 2080 928 2114 verba
950 2079 1065 2114 medio
1087 2082 1203 2124 ponto
1222 2089 1290 2125 pro
1312 2078 1549 2117 Sauustianis

102 2136 335 2180 habuerunt,
366 2136 468 2182 quod
499 2140 557 2172 est
579 2136 835 2172 falsissimum.
897 2134 1062 2171 Sallustii
1091 2135 1190 2170 enim
1225 2135 1317 2171 nihil
1347 2135 1450 2171 aliud
1479 2140 1546 2180 est,

103 2203 214 2240 quam
233 2193 338 2239 lonye
358 2203 381 2227 a
402 2194 616 2233 continenti;
643 2203 728 2227 nam
758 2191 852 2226 haee
873 2191 958 2237 ipsa
981 2192 1097 2226 verba
1122 2191 1183 2226 ille
1211 2191 1259 2226 de
1292 2190 1422 2234 Cretae
1449 2192 1547 2228 insu-

103 2250 163 2285 lae
186 2249 258 2285 situ
279 2259 324 2284 eo
347 2259 463 2284 sensu
484 2249 620 2294 posuit,
651 2259 724 2295 quo
751 2247 907 2284 Servius
925 2246 1014 2282 dicit
1038 2247 1283 2294 Virgilianum
1304 2247 1420 2284 medio
1433 2253 1548 2294 ponto

102 2306 187 2352 capi
207 2315 335 2351 posse.
392 2305 478 2350 Egit
498 2309 620 2340 autem
641 2304 687 2339 de
710 2303 817 2339 Creta
839 2307 926 2347 tum,
959 2314 1071 2349 quum
1093 2302 1289 2340 Cretenses
1316 2305 1364 2340 ab
1385 2304 1547 2341 Antonio

57 2378 59 2381 ·
101 2363 201 2398 bello
221 2361 356 2408 petitos
379 2361 495 2400 fuisse
517 2361 696 2406 narravit,
717 2370 824 2406 quem
852 2359 975 2395 locum
1002 2361 1103 2395 tertio
1123 2360 1217 2396 libro
1244 2363 1436 2397 tractatum
1461 2371 1549 2399 esse

105 2418 152 2456 ad
173 2418 233 2454 Fr.
245 2420 304 2456 59.
326 2416 685 2460 demonstravimus3
709 2426 823 2462 quare
844 2415 931 2461 quin
954 2419 990 2450 et
1008 2416 1079 2451 hoe
1101 2420 1135 2451 et
1158 2417 1228 2452 tria
1247 2416 1417 2462 proxima
1432 2417 1547 2463 Frag-

103 2478 249 2518 menta,
279 2473 327 2510 ad
349 2473 507 2509 eandem
527 2483 604 2508 rem
636 2472 861 2518 spectantia,
889 2476 989 2507 reete
1018 2472 1079 2507 hie
1099 2473 1359 2518 posuerimus,
1390 2471 1549 2509 dubitari

104 2531 242 2577 nequit.
302 2529 354 2565 De
377 2541 415 2565 re
446 2529 529 2576 ipsa
554 2540 592 2564 v.
617 2529 780 2574 Appian.
812 2527 858 2562 de
881 2528 971 2564 Reb
997 2527 1093 2564 Cret.
1118 2529 1161 2572 V,
1182 2532 1218 2567 6.
1240 2529 1348 2573 (Vol.
1371 2528 1400 2563 1.
1425 2539 1463 2574 p.
1485 2530 1549 2566 98.

104 2586 322 2633 Schweigh.
326 2588 342 2629 )
402 2578 538 2635 Κρήτη
556 2581 671 2631 ἔδοξε
685 2583 766 2628 τοῖς
783 2577 974 2620 πλεύσασι
1001 2576 1086 2620 τότε
1105 2584 1264 2635 λῃσταῖς
1287 2579 1326 2628 ἐς
1346 2575 1461 2631 χάριν
1478 2581 1549 2620 τοῦ

103 2635 367 2705 Μιθριδατου
401 2639 610 2690 συλλαβεῖν
642 2635 710 2677 καὶ
742 2638 989 2688 συμμαχῆσαι
1013 2638 1149 2702 σαφῶς
1185 2634 1436 2699 διωκομένοις
1469 2629 1548 2674 ὑπὸ

103 2691 283 2762 Μαρκου
298 2688 524 2735 Ἀντωνίου.
571 2691 936 2761 Πρεσβευσαμένου
961 2690 1003 2732 δὲ
1024 2695 1093 2732 τοῦ
1119 2686 1329 2732 ’Λντωνίου
1347 2704 1447 2743 προς
1473 2684 1546 2731 αὖ-

102 2746 213 2799 τοὺς,
242 2745 442 2804 ὑπεριδεῖν
468 2748 535 2790 καὶ
562 2744 826 2803 ὑπερηφάνως
854 2741 1162 2802 ἆποκρίνασθαι.
1223 2745 1304 2789 Kat
1323 2749 1548 2798 πολεμῆσαι
