1774 3002
202 278 409 327 que-que
430 262 681 324 pro-uscue
704 260 909 312 caedere,
939 262 1070 319 alque
1091 271 1208 304 nunc
1233 258 1452 302 restantes
1477 254 1516 300 ei
1541 254 1649 301 illu-

205 347 368 394 debant
391 345 544 401 simul,
573 343 811 390 nefandum
851 341 896 389 in
921 340 1100 388 modum
1130 353 1345 402 perverso
1371 338 1576 394 volnere,
1605 341 1650 384 ct

475 135 804 174 HISTORIARUM
832 133 1146 172 FRAGMENTA.
1203 133 1295 170 LIB.
1323 133 1385 169 111.
1563 124 1650 168 205

208 484 303 521 haec
323 483 460 529 omnia,
481 493 576 529 quae
596 482 633 518 in
654 485 809 528 utroque
826 481 1048 528 Fragmento
1068 477 1271 514 memoriae
1293 476 1443 523 prodita
1463 477 1650 524 leguntur,

211 551 332 588 neque
351 539 483 583 Nolae,
504 549 626 586 neque
651 538 688 573 in
711 538 843 584 Popilii
868 537 976 578 Foro,
1006 546 1126 582 neque
1147 534 1361 581 Metaponti,
1394 538 1433 569 ut
1450 534 1479 570 F
1482 532 1651 570 reinshe-

210 597 319 640 mius,
341 595 539 632 Bimardus
554 599 590 630 et
612 594 838 630 Debrossius
861 593 1002 640 opinati
1023 596 1121 633 sunt,
1154 590 1223 626 sed
1245 590 1282 626 in
1309 600 1356 625 eo
1378 590 1566 626 Lucaniae
1585 601 1652 638 op-

210 652 312 700 pido.
330 651 435 699 quod
456 651 555 688 Anni
574 651 711 687 Forum
732 651 957 694 vocabatur,
988 660 1010 684 a
1030 648 1197 696 fugitivis
1218 650 1432 694 perpetrata
1457 657 1565 692 esse,
1606 655 1650 683 ac

211 718 341 746 rursus
363 719 484 756 nugas
506 718 620 755 agere
642 706 891 750 Gerlachium,
917 706 979 753 qui
999 706 1087 740 Vol.
1102 704 1163 740 111.
1184 715 1224 751 p.
1244 707 1323 742 101.
1346 707 1383 738 et
1406 706 1483 742 138.
1513 703 1649 751 insigni

212 765 382 802 acumine
416 776 484 800 suo
512 764 604 800 nihil
632 764 789 807 eruerit,
820 773 929 809 quam
965 762 1058 798 haec
1089 761 1127 796 in
1161 762 1253 797 urbe
1271 760 1395 807 aliqua
1422 770 1510 796 esse
1538 761 1651 796 facta.

213 822 333 867 Quale
356 831 446 858 vero
469 822 613 857 facinus
634 824 815 867 patratum
843 819 961 865 luerit,
982 822 1018 854 et
1038 819 1075 854 in
1097 827 1206 864 quem
1226 818 1289 853 vel
1306 817 1344 852 in
1365 827 1473 863 quos,
1493 827 1653 864 sequen-

214 879 311 914 tibus
326 877 618 914 enucleabimus.

326 944 426 971 nunc
443 937 621 969 roelanles
641 933 677 968 ei
690 931 905 975 illudebant)
926 930 1020 968 Cod.
1032 931 1116 966 Vat-
1138 927 1652 967 ‚UNCRESTANTESETL—

215 989 491 1033 LUDEBANT3
502 981 560 1017 ’-
591 988 816 1025 Niebuhrius
841 984 1578 1029 .1NCRESTANTESE1LLUDEBANT;
1596 1004 1648 1011 —

215 1045 413 1083 Bimardus
449 1045 622 1083 INGRES
650 1044 780 1080 TANT
806 1043 897 1081 ESE
927 1041 1250 1086 1LLUDEBANT3
1279 1060 1336 1068 -
1375 1041 1501 1077 Dousa
1528 1042 1652 1089 inqres

216 1105 315 1138 sunto
332 1106 388 1139 set
411 1103 448 1139 vi
471 1102 694 1138 debacvlum·
720 1101 764 1145 (t'.
786 1099 1088 1144 debacchantes„
1112 1119 1169 1125 —-
1196 1097 1393 1134 Putschius
1420 1099 1527 1146 ingre
1554 1101 1655 1134 tante

213 1159 309 1194 send
324 1158 559 1195 debat-rimer.
607 1158 673 1193 His
696 1157 902 1203 scripturae
922 1156 1098 1192 monstris
1118 1164 1344 1202 quamquam
1366 1155 1567 1190 liberamur
1589 1166 1649 1191 co·

216 1214 300 1250 dice
321 1215 428 1261 Vat.‚
456 1215 519 1262 qui
545 1217 726 1250 restantes
752 1217 788 1249 et
814 1213 1013 1249 illudebant
1038 1217 1139 1249 certo
1162 1213 1329 1258 praebet,
1360 1215 1505 1254 tamen,
1537 1222 1650 1258 quum

215 1274 342 1317 aperte
356 1271 477 1307 littera
496 1270 689 1314 exciderit,
710 1274 829 1306 ulrum
851 1273 887 1305 el
904 1269 1112 1314 illudebant,
1134 1279 1181 1304 an
1204 1270 1239 1304 ei
1256 1268 1455 1304 illudebant
1473 1268 1651 1315 scriptum

216 1327 325 1362 ruerit
341 1338 461 1374 neque
492 1328 616 1374 liquet,
639 1337 771 1373 neque,
801 1326 833 1361 si
860 1325 1029 1372 liqueret,
1064 1325 1111 1360 de
1132 1335 1248 1360 sensu
1271 1328 1431 1360 constat.
1478 1324 1655 1372 Kreyssi-

216 1378 321 1429 giuS,
336 1384 399 1429 qui
417 1385 453 1419 ei
467 1383 653 1430 probavit,
683 1382 904 1428 Spartacum
932 1381 1125 1428 designari
1154 1385 1303 1423 censet,
1335 1391 1379 1416 ac
1402 1384 1582 1416 restantes
1602 1382 1654 1416 in-

217 1443 437 1485 terpretatus
462 1441 667 1475 resistentes
694 1449 847 1474 sensum
874 1437 1087 1473 hunc-esse
1108 1438 1206 1473 vult:
1237 1436 1421 1484 Spartaco
1444 1437 1652 1485 illeulebant,

210 1499 412 1542 praecepto
428 1496 506 1531 eius
528 1497 748 1531 resistentes.
805 1493 915 1539 Quod
937 1504 1160 1541 quamquam
1179 1493 1267 1529 olim
1291 1493 1329 1528 in
1350 1492 1528 1530 Seebodii
1556 1494 1653 1530 Bibl.

218 1551 301 1586 crit.
321 1562 356 1587 a.
377 1554 480 1590 1830.
501 1551 589 1586 Vol.
610 1551 653 1586 Il.
674 1562 713 1598 p.
734 1553 816 1589 507.
841 1551 1097 1596 probavimus,
1122 1560 1220 1585 nunc
1247 1554 1368 1585 tamen
1390 1560 1465 1584 non
1492 1551 1653 1597 amplius

219 1603 305 1642 ferri
333 1617 448 1653 posse
476 1605 701 1643 iudicamus.
760 1607 852 1642 Nam
881 1617 994 1653 quum
1023 1606 1118 1642 infra
1147 1605 1296 1641 demum
1334 1609 1369 1648 s.
1396 1608 1455 1644 18.
1485 1610 1654 1642 narretur

218 1661 438 1710 Spartacum
468 1664 605 1699 frustra
631 1656 782 1699 suorum
807 1663 921 1698 furori
945 1663 1146 1706 obstitisse,
1170 1672 1245 1697 non
1275 1664 1570 1698 consentaneum
1597 1667 1654 1699 est

217 1717 431 1755 Sallustium
455 1718 614 1756 eandem
632 1730 710 1754 rem
738 1719 864 1766 paullo
886 1723 971 1754 ante
989 1720 1065 1754 iam
1086 1729 1413 1755 commemorasse.
1457 1719 1550 1755 Tum
1570 1720 1653 1756 illu-

218 1774 307 1810 dere
325 1775 439 1812 alicui
456 1786 530 1811 non
549 1775 736 1822 significat
753 1777 789 1811 ei
804 1786 877 1810 non
891 1775 1047 1819 obedire,
1069 1786 1142 1821 quo
1164 1781 1280 1810 sensu
1300 1772 1485 1811 interdum
1506 1776 1655 1811 eludere

218 1831 374 1877 aliquem
400 1831 556 1875 dicitur,
592 1831 661 1867 sed
687 1833 811 1878 potius
842 1831 943 1868 valet
970 1831 1125 1867 ludibrio
1142 1831 1281 1866 habere
1307 1832 1366 1866 vcl
1397 1842 1479 1867 cum
1500 1832 1654 1868 ludibrio

217 1891 393 1922 tractare.
453 1887 514 1923 Ad
533 1887 604 1922 hoc
630 1898 742 1933 quum
765 1886 966 1923 Sallustius
987 1886 1154 1922 facinora
1175 1897 1198 1922 a
1225 1887 1347 1922 servis
1369 1888 1571 1923 commissa
1598 1899 1655 1923 re-

220 1946 371 1978 censeat
390 1942 504 1978 haec:
526 1947 706 1988 stuprum,
728 1941 894 1985 caedem,
922 1941 1468 1988 incendiumspraedationem,
1495 1954 1654 1980 necesse

222 2002 281 2033 est
308 1998 346 2032 in
366 1998 670 2034 antecedentibus
691 1997 831 2044 aliquid
852 1998 968 2034 ruisse
982 2027 990 2041 ,
1019 2009 1091 2044 quo
1118 1998 1258 2044 factam
1284 1998 1434 2034 caedem
1459 2009 1539 2036 esse
1560 2000 1656 2037 indi—

222 2057 389 2098 caretur;
417 2058 453 2089 et
472 2054 521 2089 ad
546 2054 777 2089 interfectum
803 2054 965 2100 aliquem
984 2054 1173 2090 hominem
1194 2059 1364 2101 spectare
1385 2057 1502 2092 verba
1521 2058 1557 2092 ei
1571 2058 1652 2094 illu-

221 2109 356 2145 debant
372 2110 472 2146 clare
492 2110 690 2145 ostendunt
714 2120 772 2154 ea,
794 2120 890 2156 quae
911 2114 1129 2157 sequuntur.
1159 2109 1239 2147 Sed
1259 2115 1299 2147 ut
1325 2111 1373 2147 de
1403 2115 1505 2148 certo
1526 2114 1652 2160 aliquo

222 2165 288 2200 vix
311 2166 470 2212 cogitari
495 2161 619 2213 polest
644 2167 681 2201 in
703 2166 916 2212 promiscua
937 2166 1055 2202 caede
1083 2166 1270 2212 omnium,
1301 2167 1351 2203 ita
1377 2169 1575 2215 quominus
1604 2170 1653 2206 ad

222 2222 349 2267 plures
377 2222 575 2265 inuadebant
594 2223 756 2264 referas,
787 2222 889 2268 quod
910 2233 972 2259 res
996 2225 1080 2269 ipsa
1103 2222 1255 2268 suadet,
1279 2222 1479 2270 prohibere
1506 2223 1655 2263 videtur

223 2277 424 2324 singularis
456 2289 632 2314 numerus
651 2279 687 2314 ei
708 2279 971 2324 pronominis.-
1007 2279 1133 2324 Quare
1159 2283 1198 2316 ut
1218 2280 1317 2316 haec
1343 2281 1469 2317 omnia
1488 2293 1655 2330 quoquo-

223 2333 334 2368 modo
349 2333 624 2379 expediremus,
642 2335 773 2370 lacuna
787 2340 973 2382 utcunque
989 2335 1070 2371 fieri
1084 2337 1203 2382 potuit
1221 2337 1369 2383 expleta
1392 2339 1509 2374 totum
1530 2339 1654 2375 locum

224 2390 278 2424 sic
298 2390 524 2426 constituere
546 2391 666 2426 conati
687 2398 839 2426 sumus:
874 2396 938 2435 „et
957 2392 1020 2427 alii
1041 2392 1172 2428 civemn
1197 2393 1337 2429 obvium
1362 2403 1538 2441 quemque
1559 2407 1653 2442 pro-

221 2446 356 2482 miscue
377 2446 543 2492 caedere,
561 2450 669 2493 alque
687 2456 786 2482 nuuc
805 2450 989 2483 restantes
1010 2449 1045 2484 ci
1070 2448 1274 2485 illudebant
1299 2450 1430 2493 simul,
1448 2451 1655 2487 nefandum

223 2501 260 2536 in
286 2501 437 2537 modum
463 2506 644 2548 perverso
673 2503 848 2548 voluere,
872 2507 909 2539 et
927 2504 1112 2540 interdum
1132 2505 1297 2540 lacerum
1317 2515 1454 2552 corpus
1481 2508 1655 2544 semiani-

222 2567 322 2592 mum
343 2558 591 2593 omiltentes.“
631 2558 710 2594 lam
730 2558 877 2605 singula
897 2559 1156 2606 dispiciamus.
1196 2560 1258 2596 Ad
1278 2562 1408 2597 civium
1424 2573 1559 2599 vocem
1582 2564 1653 2600 du·

222 2623 307 2648 cere
323 2613 471 2650 videtur
488 2612 514 2650 C
529 2614 649 2649 littera
666 2614 706 2649 iu
724 2614 798 2649 imo
822 2625 935 2652 versu
957 2616 1153 2653 columnae
1170 2620 1300 2653 sextae
1321 2617 1493 2663 residua;
1514 2619 1654 2656 obvium

220 2678 395 2715 quemque
417 2674 539 2706 autem
561 2669 737 2716 scriptum
758 2670 873 2706 fuisse
893 2672 1086 2718 probabile
1105 2672 1229 2708 reddit
1249 2674 1285 2708 ei
1300 2683 1526 2719 pronomen,
1552 2675 1653 2721 quod

219 2724 271 2759 ita
296 2723 407 2762 habet
425 2737 499 2772 quo
522 2736 637 2761 sensu
654 2726 787 2773 plurali
806 2727 998 2765 referatur.
1058 2728 1200 2773 Quodsi
1223 2728 1331 2773 haec,
1357 2734 1397 2765 ut
1415 2730 1651 2776 confidimus,
