1774 3002
152 167 235 210 166
646 172 685 209 c,
717 160 949 210 SALLusT1
981 171 1132 210 CRISPI

153 296 280 352 rites‚
326 296 441 342 domi
490 296 677 358 bellique
726 297 1073 357 impeditissuma
1112 298 1348 358 republica.
1411 299 1606 361 Namque

154 381 442 441 imperatores
487 381 727 441 Hispaniae
776 381 1064 440 stipendium,
1106 382 1285 437 milites,
1327 396 1470 438 arma,
1507 383 1608 428 fru-

155 466 347 510 mentum
374 468 585 524 poscunt3
615 467 658 510 et
685 465 727 510 id
756 479 827 510 res
849 465 991 526 cogit,
1024 467 1228 527 quoniam
1256 464 1500 511 defectione
1526 480 1609 511 so-

155 548 323 594 ciorum
349 550 392 593 et
423 548 591 596 Sertori
623 563 703 609 per
737 549 896 595 montis
934 550 1043 610 fuga
1084 563 1228 610 neque
1269 563 1400 594 manu
1443 551 1610 595 certare

158 686 403 722 lestissimum
432 697 476 722 ac
500 686 830 724 damnosissimum
852 688 940 724 belli
961 686 1117 735 gerendi
1139 697 1279 733 genus,
1314 686 1360 722 de
1382 699 1454 734 quo
1477 687 1532 723 sle
1554 698 1612 723 re-

157 743 228 778 fert
254 741 476 779 Plutarchus
507 743 543 778 in
574 742 714 780 Sertor.
741 756 774 780 c.
798 748 868 789 12,
900 748 990 782 extr.
1022 743 1125 788 (Vol.
1150 743 1194 778 ΙΙ.
1223 753 1260 790 p.
1283 745 1363 782 600.
1393 743 1453 779 ed.
1484 743 1575 780 Sint.
1580 743 1609 788 ).

159 788 250 836 Οὔκ
271 790 407 847 εἶχεν
392 811 413 836 ο
435 792 675 845 Μέτελλος
664 793 685 837 ό
713 813 750 837 τι
781 793 965 850 χρήσαιτο
984 798 1266 863 προσπολεμῶν
1295 789 1412 850 ἆνδρὶ
1429 798 1611 851 τολμητῇ,

157 864 320 904 πασης
347 849 590 901 ἔξαναδυο
603 851 721 921 μέν
706 869 736 893 ω
760 855 979 907 φανερᾶς
1003 849 1178 905 μάχης,
1207 854 1342 893 πᾶσαν
1361 849 1404 893 δὲ
1421 853 1612 906 μεταβαλ-

157 907 318 978 λομὲνῳ
336 907 555 961 μεταβολὴν
582 905 765 966 ευσταλίᾳ
788 909 856 950 καὶ
884 907 1099 978 κουφότητι
1116 912 1184 975 τῆς
1199 902 1398 980 Ἰβηρικῆς
1417 910 1611 964 στρατιᾶς,

159 959 276 1014 αὐτὸς
303 959 516 1006 ὁπλιτικῶν
536 966 604 1007 καὶ
625 968 802 1019 νομίμων
830 962 1001 1019 ἀσκητὴς
1025 960 1194 1033 γεγονώς
1215 963 1384 1019 ἀγώνων
1403 965 1471 1006 καὶ
1495 977 1612 1019 στρα-

158 1016 279 1087 τηγὸς
294 1020 511 1076 ἐμβριθοῦς
531 1022 598 1063 και
617 1023 785 1076 μονίμου
811 1020 1034 1076 φαλαγγος,
1066 1019 1247 1064 ὤσασθαι
1266 1020 1338 1074 μὲν
1356 1022 1427 1071 εἰς
1446 1025 1613 1075 χεῖρας

158 1074 279 1118 ἐλθό
289 1090 404 1127 ντας
436 1079 641 1131 πολεμίο
653 1096 708 1128 υς
739 1079 807 1120 καὶ
837 1081 1073 1132 καταβαλεῖν
1108 1074 1248 1146 ἄριστα
1282 1077 1612 1132 γεγυμνασμένης,

157 1130 445 1202 ὀρειβατεῖν
478 1134 528 1176 δὲ
564 1135 647 1176 καὶ
680 1138 1028 1204 συνηρτῆσθαι
1070 1132 1270 1201 διώξεσι
1309 1134 1391 1175 καὶ
1427 1138 1614 1188 φυγαῖς

158 1185 441 1240 ἀπαύστοις
466 1186 697 1261 ἀνθρώπων
714 1189 942 1259 ὑπηνεμίων
962 1191 1030 1232 καὶ
1053 1185 1166 1257 λιμὸν
1186 1186 1397 1244 ἀνέχεσθαι
1422 1189 1490 1231 καὶ
1511 1191 1612 1231 δίαι-

158 1262 231 1288 ταν
250 1262 406 1303 απυρον
425 1263 492 1288 και
515 1245 712 1302 α’σκηνον,
738 1245 865 1303 ὥσπερ
887 1248 1049 1299 ἐκεῖνοι,
1073 1242 1128 1300 μὴ
1147 1247 1381 1300 δυναμένης.
1411 1261 1467 1279 ’-
1494 1250 1614 1287 Manu

158 1312 306 1345 certare
333 1307 478 1345 Cortius
506 1314 607 1346 recte
639 1311 800 1357 explicat
830 1310 927 1346 iusto
960 1309 1123 1356 proelio,
1163 1307 1261 1355 pede
1291 1309 1424 1344 collato
1457 1312 1613 1353 certare,

159 1366 330 1402 cominus
364 1366 568 1412 congredi;
606 1378 645 1403 v.
668 1366 718 1402 ad
736 1368 817 1414 lug.
845 1378 879 1402 c.
903 1365 1012 1410 LVII,
1033 1367 1067 1402 4.
1096 1364 1241 1413 Cupere
1261 1365 1445 1412 proelium
1469 1366 1614 1401 mam·-

159 1423 241 1459 bus
258 1422 403 1470 facere.
440 1442 489 1448 —-
529 1423 636 1460 Utilia
656 1424 809 1460 omnino
832 1426 917 1459 sunt
936 1421 1060 1458 omnia
1082 1421 1131 1457 ad
1153 1420 1327 1458 alendum
1350 1422 1554 1458 exercitum
1578 1426 1615 1457 et

159 1478 209 1515 ad
234 1479 373 1515 bellum
403 1481 642 1525 necessaria3
681 1481 728 1516 cs.
763 1480 843 1527 lug.
872 1491 905 1515 c.
935 1478 1131 1523 LXXXVI,
1160 1483 1192 1517 1.
1226 1476 1376 1515 Marius
1402 1481 1614 1523 commeatu,

157 1536 347 1583 stipenda),
377 1537 494 1572 armis
513 1537 666 1585 aliisque
685 1536 884 1573 utilibus
905 1537 1010 1572 navis
1026 1538 1168 1572 onerat.
1211 1533 1355 1571 Eadem
1380 1536 1533 1582 saepius
1558 1534 1615 1570 di-

159 1596 294 1628 cuntur
313 1593 568 1634 utensilia3
590 1595 638 1630 cs.
661 1593 779 1629 Tacit.
800 1593 900 1629 Anu.
921 1593 948 1637 I,
966 1595 1024 1636 70,
1039 1594 1075 1630 4.
1095 1591 1367 1628 Pernoctavere
1384 1592 1465 1628 sine
1481 1595 1616 1628 uten-

160 1648 357 1694 sitibus,
387 1650 467 1685 sine
490 1651 582 1697 iyni,
614 1650 675 1686 ubi
706 1661 742 1685 v.
766 1650 929 1685 Gronov.
952 1649 1032 1684 Liv.
1056 1648 1117 1692 111,
1139 1650 1196 1693 42,
1217 1651 1250 1685 5.
1283 1646 1433 1685 Emmaus
1452 1648 1616 1685 omnibus

159 1705 450 1743 utensilibus
468 1707 570 1742 miles
599 1703 795 1742 Tusculum
813 1715 854 1742 se
869 1705 944 1752 fide
968 1705 1290 1751 misericordiaque
1310 1705 1473 1740 victurus
1491 1704 1615 1751 hospi-

161 1766 235 1798 tum
254 1761 470 1798 contulerat.
513 1762 685 1798 Ceterum
705 1763 824 1798 verba
845 1762 948 1798 utilia
960 1769 1110 1808 parare
1129 1771 1198 1807 per
1218 1760 1426 1796 chiasmum
1448 1762 1616 1796 reserun-

160 1823 218 1854 tur
244 1819 293 1855 ad
315 1819 553 1855 remotiorem
585 1816 808 1864 ablativum,
840 1817 887 1853 de
918 1829 991 1864 quo
1020 1817 1220 1853 verborum
1248 1815 1380 1882 ordine
1406 1827 1442 1852 v.
1465 1816 1514 1853 ad
1536 1815 1612 1853 Cat.

164 1875 254 1920 LXI,
275 1878 319 1914 9.
328 1886 365 1922 Ρ.
383 1877 465 1914 326.
494 1880 530 1912 et
549 1874 598 1912 ad
617 1876 698 1922 lug.
721 1873 800 1920 VII,
823 1878 856 1912 5.
886 1885 925 1921 Ρ.
946 1874 1007 1912 43

275 1935 308 1974 5”.
333 1932 367 1970 7.
391 1932 429 1968 in
447 1928 586 1982 Asia)
579 1944 603 1969 1.
628 1943 662 1968 e.
688 1932 726 1967 in
744 1928 943 1978 provincia
963 1939 1138 1974 romana,
1160 1929 1219 1965 cui
1241 1929 1358 1965 Asiae
1377 1927 1515 1965 nomen
1535 1929 1615 1966 ruit.
1680 1937 1684 1941 ’

162 1989 216 2025 Ea
250 1989 568 2035 complectebatur
598 1989 760 2036 Mysiam
793 1991 829 2023 et
856 1986 1138 2034 Hellespontum
1167 1997 1252 2022 cum
1279 1985 1449 2030 Troade,
1493 1985 1618 2022 Aeoli—

163 2045 269 2089 dem,
302 2045 463 2091 Ioniam,
494 2045 672 2081 Doridem
701 2054 785 2081 cum
807 2042 942 2080 Rhodo
970 2044 1112 2089 insula,
1145 2042 1325 2090 Lydiam,
1356 2042 1559 2090 Phrygiam
1582 2046 1618 2078 et

163 2101 322 2138 Cariam.
347 2122 402 2126 —
423 2102 474 2138 Ob
493 2103 625 2138 nimias
646 2111 735 2149 opes
754 2099 1001 2145 Mithridatis,
1033 2112 1086 2137 se.
1110 2109 1203 2146 quas
1220 2099 1280 2135 ille
1304 2099 1354 2135 ita
1371 2100 1546 2146 parabat
1577 2102 1617 2134 ut

163 2161 362 2221 appareret
383 2170 467 2194 eum
491 2160 612 2206 primo
633 2169 782 2205 quoque
804 2161 972 2204 tempore
993 2157 1131 2193 bellum
1154 2166 1241 2192 csse
1265 2159 1510 2202 sumpturum.
1562 2154 1615 2190 De

163 2215 246 2251 eius
277 2218 459 2260 apparatu
491 2226 528 2252 v.
551 2216 723 2262 Appian.
746 2214 787 2250 B.
817 2214 941 2250 Mithr.
973 2225 1006 2252 c.
1037 2215 1094 2251 69.
1127 2213 1231 2257 (Vol.
1249 2213 1275 2248 1.
1280 2223 1331 2274 p.
1350 2213 1430 2251 743.
1453 2211 1614 2256 Serum).

163 2262 426 2334 Μιθριδατης
451 2266 524 2319 μὲν
554 2264 627 2308 οὖν
648 2291 705 2296 -
728 2269 862 2306 πᾶσαν
889 2261 1038 2306 ἐπενόει
1064 2259 1340 2331 παρασκευὴν,
1371 2260 1423 2313 ὡς
1449 2258 1539 2318 ἄρτι
1566 2258 1616 2330 δὴ

163 2318 452 2390 κριθησόμενος
477 2323 567 2391 περὶ
594 2318 793 2363 ἁπάντων.
844 2321 924 2361 Και
940 2316 983 2361 τὸ
1014 2316 1152 2361 λοιπὸν
1179 2324 1249 2362 τοῦ
1277 2320 1425 2375 θέρους
1453 2319 1521 2361 καὶ
1549 2315 1618 2360 τὸν

91 2396 94 2399 ’
164 2381 333 2433 χειμῶνα
352 2375 445 2420 όλον
471 2375 673 2446 ὖλοτομῶν
692 2375 886 2432 ἐπήγνυτο
906 2379 1004 2426 ναῦς
1023 2377 1091 2418 καὶ
1110 2374 1231 2430 οπλα,
1265 2377 1333 2418 καὶ
1354 2378 1464 2418 σίτου
1482 2378 1616 2418 διακο-

163 2437 249 2485 σίας
277 2436 477 2489 μεδίμνων
503 2432 700 2490 μυριάδας
729 2434 792 2475 ἐπὶ
811 2430 999 2490 θαλασσῃ
1025 2435 1199 2475 διετίθει.
1228 2433 1424 2502 σύμμαχοί
1443 2448 1483 2474 τε
1482 2427 1618 2502 mh?

162 2494 486 2559 προσεγίγνοντο,
523 2492 640 2547 χωρὶς
667 2495 736 2560 τῆς
761 2490 954 2557 προτέρας
978 2475 1210 2543 δυνάμεως,
1249 2491 1448 2544 Χαλυβες,
1482 2484 1616 2558 Ἀρμε-

166 2562 264 2599 νιοι,
294 2546 478 2616 Σκύθαι,
511 2550 682 2604 Ταῦροι,
703 2543 878 2616 Ἀχαιοὶ,
908 2542 1103 2615 Ἡνίοχοι,
1141 2545 1409 2616 Λευκόσυροι,
1439 2544 1508 2586 καὶ
1532 2558 1619 2586 οσοι

163 2604 253 2660 περὶ
282 2602 544 2659 Θερμωδοντα
569 2600 746 2658 σωταμόν
771 2606 850 2658 γῆν
886 2603 1018 2671 ξχουσι
1049 2599 1132 2671 τὴν
1141 2598 1364 2673 Ἀμαζόνων
1393 2600 1614 2655 λεγομένην.

167 2665 348 2703 Τοσαῦτα
367 2661 456 2732 μὲν
454 2661 518 2703 ἐπὶ
538 2666 620 2711 τοῖς
631 2673 662 2703 π
732 2660 833 2728 έροις
852 2656 961 2713 αὐτῷ
981 2660 1071 2715 περὶ
1089 2656 1163 2714 τὴν
1171 2656 1308 2701 Ἀσίαν
1322 2659 1614 2712 προσεγίγνετο·

166 2714 382 2784 περάσαντι
417 2714 456 2759 δ’
490 2718 528 2768 ἐς
557 2714 630 2773 τὴν
656 2673 860 2774 ἓνρώπην
886 2701 1158 2784 Σαυροματῶν
1183 2717 1228 2758 οῗ
1249 2730 1288 2756 τε
1320 2715 1516 2755 Βασίλειοι
1550 2714 1618 2754 καὶ

159 2772 346 2831 ’lagny-eg,
383 2775 450 2816 και
471 2772 687 2831 Κόραλλοι,
723 2773 791 2815 καὶ
812 2769 1012 2830 Θρακῶν
1001 2770 1074 2815 όσα
1092 2773 1187 2829 γένη
1203 2768 1310 2827 παρὰ
1330 2784 1399 2811 τον
1415 2766 1615 2826 Μ’Ίστρον
1587 2786 1614 2824 η
