1774 3002
137 139 193 182 68
524 161 539 177 ;
613 145 651 183 C.
683 146 913 185 SALLUSTI
945 147 1096 186 CRISPI

137 256 302 316 effecit3
334 272 440 314 vos,
469 262 719 306 mussantes
751 263 795 306 et
832 262 1117 307 retractantes
1161 262 1307 307 verbis
1355 264 1398 308 et
1433 264 1583 308 vatum

135 341 419 398 carminibus,
450 359 600 403 pacem
633 343 793 404 optatis
824 345 967 405 magis
999 348 1128 406 quain
1158 346 1412 403 defenditis,
1441 361 1583 407 neque

132 424 387 486 intellegitis
415 427 595 472 mollitia
621 428 892 474 decretorum
926 428 1054 487 vobis
1084 429 1362 489 dignitatem,
1394 430 1452 483 illi
1482 446 1582 476 me-

131 511 222 554 tum
252 510 433 555 detrahi.
465 511 612 572 Atque
637 510 680 556 id
709 511 823 568 iure,
857 511 1060 572 quoniam
1090 527 1146 557 ex
1175 512 1338 572 rapinis
1368 514 1619 566 consula-4

129 594 246 650 tum,
280 595 336 640 ob
365 593 623 640 seditionem
646 596 916 654 provinciam
941 611 1038 642 cum
1064 596 1257 642 exercitu
1289 597 1475 657 adeptus
1496 600 1577 643 est.

126 742 283 778 prorsus
301 732 451 768 obstare
468 731 569 779 quod
585 732 697 768 iidem
711 738 917 770 mussantes
931 732 1131 770 dicuntur.
1148 734 1347 771 Praeterea
1365 734 1447 782 ipsa
1463 745 1579 771 enun-

127 789 299 824 ciationis
321 790 567 825 conformatio
593 789 756 826 ostendit
777 790 885 826 nude*
899 791 968 827 sibi
991 790 1129 837 opponi
1154 795 1284 837 optare
1313 795 1350 826 et
1367 791 1577 838 defendere,

126 845 301 892 idemque
333 846 444 882 etiam
467 850 592 882 rectus
618 845 796 893 loquendi
820 859 910 889 usus
933 847 1150 891 confirmat;
1181 857 1301 894 neque
1330 848 1426 883 enim
1455 852 1578 895 potest

124 902 243 938 verbis
263 902 311 938 ad
328 903 523 950 defenditis
541 903 684 946 referri,
703 905 791 950 quin
809 905 919 939 simul
937 903 985 940 ad
1001 905 1133 950 optatis
1153 904 1356 949 reseratur3
1378 903 1446 940 sed
1466 914 1576 940 ver-

124 958 196 994 bis
217 963 388 1006 optare
415 961 575 1006 aliquam
595 969 673 995 rem
699 961 782 1006 quis
805 958 972 996 dixerit?
1013 956 1136 1005 Quare
1155 960 1274 996 verbis
1294 964 1330 996 et
1346 965 1468 997 vatum
1488 958 1575 996 car-

122 1014 277 1050 minibus
296 1009 600 1063 coniungendum
629 1021 685 1052 est
715 1028 797 1052 cum
822 1020 1066 1052 retractantes
1086 1017 1303 1064 participio,
1332 1022 1371 1053 ut
1392 1019 1463 1053 iam
1483 1016 1575 1053 Cor-

122 1071 195 1107 tius
226 1071 333 1117 fecit,
365 1083 590 1119 quamquam
612 1073 643 1108 is
665 1084 739 1108 non
761 1074 852 1109 satis
875 1077 975 1108 recte
1004 1073 1155 1109 ablativi
1177 1073 1251 1109 vim
1276 1077 1434 1120 propter
1460 1074 1574 1120 parti·
1609 1104 1611 1106 .

122 1127 205 1164 cula
227 1129 403 1175 explicat.
445 1129 540 1165 Nam
565 1130 647 1164 trita
672 1130 906 1166 instrumenti
936 1133 1118 1176 potestate
1148 1129 1379 1177 intelligendi
1405 1134 1490 1166 sunt
1511 1131 1574 1166 ab—

121 1185 237 1230 lativi,
258 1185 330 1221 hoc
347 1197 488 1222 sensu:
510 1190 652 1222 moram
672 1187 807 1233 ayendi
823 1186 1003 1233 facientes
1024 1187 1196 1222 inanibus
1215 1186 1468 1233 inertibusque
1489 1197 1573 1224 ver-

119 1241 177 1277 bis
197 1243 330 1278 utendo
347 1247 383 1278 et
402 1246 530 1280 vatum
552 1243 720 1278 carmina
735 1243 969 1279 consulendo.
1007 1242 1122 1278 Recte
1144 1246 1266 1278 autem
1284 1241 1431 1279 Cornus
1452 1246 1573 1279 vatum

119 1297 287 1334 carmina
310 1298 357 1333 de
381 1299 484 1335 libris
507 1297 700 1346 Sibyllinis
723 1299 909 1347 capienda
929 1304 1079 1343 censet,
1112 1300 1245 1346 quibus
1268 1300 1515 1346 superstitiosi
1536 1304 1573 1336 et

119 1355 247 1402 ignavi
264 1356 453 1391 etiamtum
469 1355 581 1390 tidem
598 1355 807 1401 habebant;
830 1356 963 1392 eadem
981 1352 1351 1392 vaticinationes
1373 1356 1573 1404 Sibyllinae

118 1416 303 1447 vocantur
331 1423 352 1447 a
382 1411 561 1448 Cicerone
592 1411 639 1447 de
660 1413 705 1448 N.
730 1412 774 1448 D.
795 1412 847 1457 ΙΙ,
868 1416 911 1457 3,
941 1417 998 1450 10.
1020 1413 1081 1448 ubi
1106 1423 1145 1449 v.
1168 1412 1391 1462 Creauzerum
1414 1424 1450 1459 p.
1472 1417 1569 1457 221„

116 1473 271 1504 vatum
291 1468 376 1504 libri
395 1480 416 1504 a
437 1469 590 1504 Valerio
611 1469 712 1505 Max.
734 1469 768 1513 I,
789 1471 843 1514 ’1.,
872 1469 1054 1516 fatales
1073 1468 1158 1504 libri
1185 1480 1206 1504 a
1227 1469 1332 1506 Livi'o
1356 1468 1479 1514 XXII,
1512 1473 1567 1514 10,

120 1528 188 1568 10.,
218 1526 368 1560 carmi
374 1537 431 1561 na
462 1525 624 1572 Sibyllae
641 1527 686 1561 ab
707 1525 841 1561 eodem
857 1525 1060 1569 XXXVIII,
1080 1527 1139 1570 45,
1161 1529 1197 1563 3.
1216 1545 1273 1551 —
1318 1525 1451 1571 Verba,
1472 1536 1568 1572 quae

115 1579 151 1615 h.
179 1581 202 1616 l.
227 1582 450 1628 praegnanti
472 1583 587 1617 sensu
609 1582 825 1628 significant
851 1583 980 1618 >inania
1008 1582 1139 1626 verba,
1170 1581 1271 1618 idem
1294 1581 1440 1618 Cortius
1468 1582 1570 1618 miri-

115 1636 187 1672 fice
208 1638 381 1684 intelligit
403 1638 450 1673 de
470 1637 710 1685 haruspicum
726 1640 926 1685 responsis,
949 1639 1055 1674 euius
1078 1639 1282 1674 sententiae
1302 1649 1349 1674 ne
1377 1638 1566 1674 minimum

116 1692 267 1739 quidem
288 1693 466 1730 indicium
487 1694 609 1730 adest.
628 1715 685 1721 ——
704 1695 806 1733 VAlio
838 1694 949 1730 modo
972 1694 1190 1730 Gerlachius
1214 1695 1313 1731 hunc
1335 1695 1457 1731 locum
1484 1695 1565 1730 illu-

117 1751 267 1795 stravit,
298 1751 360 1796 qui
384 1751 469 1786 Vol.
491 1751 552 1786 ΙΙΙ.
579 1762 617 1797 p.
638 1755 697 1790 65.
720 1762 775 1798 sq.
819 1780 841 1795 ,‚
861 1751 990 1787 Vatum
1019 1751 1261 1797 carminibus,
1291 1751 1430 1798 inquit,
1458 1750 1564 1787 addi-

113 1809 210 1850 tum,
237 1806 337 1854 quod
358 1807 454 1843 haec
477 1806 670 1843 hominum
691 1811 748 1843 est
767 1808 882 1851 ratio,
912 1811 969 1852 ut,
999 1818 1071 1854 quo
1093 1807 1214 1843 minor
1236 1808 1403 1855 ipsorum
1432 1812 1490 1843 est
1511 1807 1564 1842 in-

115 1861 279 1908 dustria,
312 1875 357 1899 eo
389 1864 542 1910 saepius
567 1864 613 1899 ab
641 1865 723 1900 aliis
752 1864 931 1900 auxilium
958 1867 1172 1911 exspectent
1182 1879 1193 1904 ,·
1223 1875 1297 1911 qua
1324 1863 1475 1911 quidem
1496 1874 1564 1910 spe

113 1909 279 1966 ipsoru'm
298 1920 490 1967 ignaviam
507 1924 724 1957 excusatam
743 1924 887 1968 putant,
906 1921 955 1956 cs.
977 1919 1150 1968 Thucyd.
1166 1921 1213 1966 V,
1230 1923 1311 1959 103.
1339 1921 1563 1967 lnterpretes

112 1977 216 2012 varie
238 1978 396 2022 turbant,
418 1989 458 2014 v.
478 1988 512 2013 c.
535 1976 703 2021 Cortius3
733 1977 852 2014 verbis
870 1981 928 2013 est
941 1980 1099 2024 propter
1114 1976 1238 2023 verba,
1267 1976 1306 2013 h.
1322 1987 1356 2012 e.
1378 1987 1562 2024 augurum

114 2043 317 2079 responsa,
347 2038 382 2069 et
405 2038 528 2070 vatum
543 2035 722 2070 'carmina
743 2034 781 2070 h.
809 2045 843 2069 e.
873 2034 988 2070 libros
1009 2032 1225 2080 Sibyllinos.
1269 2031 1379 2078 Quod
1400 2036 1481 2068 erat
1499 2031 1568 2068 de-

111 2089 418 2135 monstrandum3
450 2091 533 2135 alii,
565 2095 739 2137 tanquam
765 2092 885 2126 omnia
912 2089 1110 2137 manifesta
1142 2093 1278 2135 essent,
1305 2089 1402 2126 haee
1424 2084 1562 2125 intacta

111 2146 381 2192 reliquerunt.“
402 2146 536 2182 Viden'
555 2146 643 2193 quid
661 2148 697 2182 ln
712 2147 783 2184 hac
795 2147 895 2184 V.D.
908 2147 1212 2193 interpretatione
1232 2146 1470 2182 manifestum
1487 2143 1578 2181 sit?

110 2218 166 2225 —
200 2202 360 2238 Detrahi
387 2213 500 2248 quum
521 2203 631 2238 simul
657 2203 705 2238 ad
728 2204 935 2251 diynitatem
951 2207 986 2238 et
1003 2202 1052 2237 ad
1071 2206 1202 2238 metum
1224 2197 1425 2249 pertineat,
1446 2209 1560 2249 zeug-

111 2268 172 2294 ma
192 2258 384 2304 quoddam
406 2258 588 2306 efficitui·;
620 2251 705 2295 n‘am
727 2260 790 2294 illa
812 2262 951 2294 tantum
973 2256 1123 2305 proprie
1150 2258 1284 2294 dicitur
1307 2257 1455 2294 detrahi
1475 2258 1502 2297 i.
1523 2268 1556 2293 e.

111 2323 194 2350 cum
213 2315 426 2351 detrimento
445 2316 559 2350 minui
568 2330 579 2355 ,-
608 2316 760 2350 alterius
781 2316 935 2351 membri
956 2315 1048 2350 ratio
1070 2317 1251 2361 poscebat
1272 2316 1320 2351 ita
1341 2314 1413 2351 dici
1426 2308 1438 2359 ,’
1456 2314 1557 2350 illum

109 2374 206 2407 metu
225 2371 285 2407 lib
297 2373 454 2407 erari.-
483 2370 551 2407 scd
569 2368 831 2407 ‘concinnitatis
853 2382 989 2407 caussa
1013 2371 1063 2407 ad
1082 2375 1277 2419 utrumque
1299 2382 1433 2407 nomen
1456 2370 1556 2406 idem

110 2429 267 2464 verbum
285 2428 442 2463 relatum
464 2432 534 2464 est.
693 2439 695 2441 ·

223 2488 257 2528 s.
280 2487 315 2522 4.
352 2485 468 2531 Atque
487 2485 526 2520 id
542 2485 641 2529 iure)
680 2484 779 2520 Haec
800 2487 916 2521 verba
939 2484 1192 2520 tantummodo
1213 2484 1262 2520 ad
1285 2487 1474 2531 postrema
1495 2493 1557 2518 re-

110 2541 212 2584 ferri,
236 2551 310 2575 non
332 2540 380 2576 ad
405 2540 607 2576 detractam
626 2540 854 2588 dignitatem,
876 2552 923 2576 ex
943 2542 1183 2588 sequentibus
1202 2545 1316 2588 patet.
1339 2559 1393 2567 -—
1426 2539 1553 2575 Verba

109 2606 160 2633 ea·
179 2598 323 2644 rapinis
354 2602 522 2644 spectant
543 2597 589 2634 ad
610 2602 784 2634 vexatam
806 2602 841 2632 et
862 2597 1044 2644 direptam
1075 2610 1110 2633 a.
1131 2600 1191 2636 81.
1213 2608 1248 2633 a.
1270 2595 1356 2632 Chr.
1377 2606 1414 2631 n.
1442 2606 1464 2630 a
1486 2595 1551 2630 Le-

83 2649 87 2651 ’
107 2653 200 2700 pido
222 2658 394 2700 praetore
418 2654 606 2698 Siciliam;
630 2656 678 2690 cl.
697 2654 773 2690 Cic.
797 2654 831 2689 in
853 2654 960 2689 Verr.
986 2655 1028 2698 ll,
1051 2658 1085 2698 3,
1108 2657 1140 2691 8.
1183 2653 1300 2690 Siculi
1315 2652 1447 2688 illum
1467 2663 1551 2687 an-

105 2710 209 2746 num
232 2712 487 2758 pertulerant,
515 2713 581 2758 qui
595 2713 649 2747 sic·
672 2721 733 2747 eos
750 2710 908 2758 afflixit,
940 2714 980 2746 ut
1007 2712 1100 2747 salvi
1116 2720 1195 2746 esse
1213 2719 1285 2745 non
1298 2713 1453 2755 possent
1460 2724 1471 2748 ;
1503 2707 1552 2744 ad

105 2777 217 2815 quem
238 2768 358 2804 locum
376 2768 731 2804 Pseudo-Asconius
751 2779 789 2814 p.
807 2771 888 2806 206.
912 2769 1023 2806 tirell.
1046 2768 1140 2803 haec
1162 2765 1373 2802 annotavit:
1405 2765 1458 2801 M.
1480 2764 1550 2801 Le·
1579 2764 1582 2767 ’
1607 2768 1611 2771 ’
