1774 3002
473 167 803 213 msTom-ARUM
831 170 1144 211 FRAGMENTA.
1202 170 1292 206 Lm.
1318 170 1362 207 n.
1549 163 1630 207 163

186 303 258 352 hic
284 301 396 353 deos
423 298 596 359 penatis
622 311 747 347 meos
776 297 1048 357 patriamque
1081 298 1126 342 et
1154 310 1370 341 summum
1399 294 1627 355 imperium

188 385 293 438 vilia
315 384 481 438 habeo,
511 380 610 443 quis
643 380 746 430 mihi
773 380 878 426 vivo
912 378 1132 426 cruciatus
1161 378 1269 427 satis
1298 382 1388 434 est,
1412 381 1489 424 aut
1515 393 1630 439 quae

191 483 336 530 poena
362 465 567 517 mortuo?
594 464 698 526 quin
727 463 875 511 omnia
902 465 1141 509 memorata
1173 463 1291 523 apud
1319 463 1486 508 inferos
1514 476 1631 521 sup-

155 551 324 614 4plieia
362 549 531 596 scelere
565 562 664 597 meo
701 546 800 594 vici.
867 548 910 594 A
954 546 1095 607 prima
1129 546 1429 593 adulescentia
1467 546 1510 591 in
1553 560 1631 591 ore

191 691 266 727 leat
291 689 330 724 in
355 686 426 724 lwc
454 684 582 722 rerum
599 689 717 728 statu,
745 683 793 719 de
814 695 887 730 quo
908 695 978 719 usu
999 695 1037 721 v.
1058 683 1265 721 Daehnium
1286 683 1336 720 ad
1353 684 1448 737 Nep.
1472 683 1508 728 1,
1528 686 1573 728 3,
1594 684 1632 720 3·

193 745 278 782 coll.¹
295 744 537 781 annotatione
552 745 680 779 nostra
696 740 746 776 ad
762 739 842 777 Cat.
864 751 898 775 c.
919 740 992 785 LII,
1015 745 1074 779 11.
1094 751 1132 787 p.
1154 743 1252 785 267„
1273 751 1348 776 non
1366 742 1479 788 plane
1494 740 1632 786 liquet;

193 801 284 838 mihi
298 805 422 837 tamen
440 800 627 846 posterior
643 798 735 834 ratio
755 795 1071 833 accommodatior
1086 797 1247 832 videtur.
1266 798 1399 833 —Pro
1421 798 1521 844 quin,
1533 795 1634 843 quod

194 863 271 896 tum
289 857 412 896 Vatic-
435 860 490 899 l.‚
519 860 595 891 tum
615 853 802 890 Carrionis
821 857 860 889 et
878 853 1002 889 Ursini
1025 853 1138 889 codd.
1159 857 1303 898 tenent,
1331 854 1422 890 olim
1440 864 1490 889 ex
1509 853 1633 888 Vatic.

194 918 231 953 2.
260 913 442 951 edebatur
460 922 582 958 quum,
605 909 707 957 quod
728 920 803 946 non
822 909 935 946 modo
961 911 1152 946 soloeeum
1172 915 1241 955 est,
1270 910 1340 947 sed
1361 911 1472 946 etiam
1490 914 1639 946 senten·

197 972 285 1009 ιὶιιιι
311 968 438 1012 reddit
462 967 575 1004 valde
603 967 789 1003 elumbem
814 966 1106 1013 interrogatione
1126 977 1247 1014 usque
1276 966 1326 1011 ad
1351 968 1423 1003 via·
1436 970 1639 1014 protracta.

198 1026 335 1065 Contra
354 1035 493 1062 nervos
508 1023 668 1060 orationi
684 1022 788 1066 addi,
806 1023 838 1058 si
854 1026 1023 1059 extrema
1040 1024 1159 1059 verba
1178 1024 1449 1059 correctionem
1466 1027 1504 1059 et
1522 1033 1638 1069 exag—

195 1082 427 1130 gerationem
437 1079 701 1127 praecedentis
717 1079 1010 1125 interrogativae
1026 1080 1298 1116 sentententiae
1307 1082 1512 1125 continent,
1527 1090 1637 1115 nemo

197 1143 255 1177 est
278 1139 369 1186 quin
395 1137 542 1173 sentiat.
563 1155 618 1162 ——
668 1135 798 1173 onmia
826 1136 1008 1183 suppl-*eia
1035 1137 1271 1173 sceler-cneo
1294 1139 1388 1173 vici
1411 1138 1436 1173 i.
1457 1149 1492 1172 e.
1513 1138 1639 1173 omnia

198 1194 385 1242 supplicia
403 1194 547 1231 minora
567 1196 653 1229 sunt
674 1203 743 1239 pro
763 1192 906 1228 scelere
931 1202 1030 1228 meo.
1068 1192 1188 1229 Simili
1207 1193 1321 1229 modo
1342 1193 1483 1231 Caesar
1502 1193 1552 1229 de
1570 1191 1640 1229 Ca-

197 1252 324 1292 tilinae
343 1250 457 1287 sociis
477 1249 568 1286 dicit
583 1249 663 1286 Cat.
680 1248 735 1293 LI,
750 1251 798 1286 8.·
823 1247 1038 1296 nequando
1055 1250 1205 1286 sceler-125
1218 1251 1377 1287 omium
1390 1252 1535 1298 iraqenia
1555 1259 1641 1286 ea·-

199 1311 412 1355 superfla

312 1366 348 1407 ς.
368 1366 406 1401 4.
434 1363 474 1399 in
490 1371 556 1398 ore
572 1362 712 1405 vostro)
733 1362 781 1396 V.
805 1365 980 1397 annotata
1001 1360 1051 1396 ad
1071 1361 1153 1408 lug.
1172 1362 1305 1407 XXXI,
1327 1367 1381 1401 10.
1401 1375 1440 1411 p.
1460 1367 1542 1403 181.
1580 1363 1643 1398 Fr.

201 1420 238 1464 1,
254 1423 313 1459 92.
335 1439 389 1447 —
430 1418 492 1454 Ad
518 1418 665 1454 where
692 1428 742 1453 ex
768 1417 959 1464 primaria
966 1418 1249 1464 enunciatione,
1280 1424 1318 1455 ut
1345 1431 1462 1468 saepe
1491 1420 1551 1464 fit,
1580 1420 1641 1455 ubi

203 1475 395 1523 praecedit
413 1474 570 1511 relativa
588 1474 791 1517 sententia,
823 1473 1027 1511 infinitivus
1047 1475 1101 1509 uti
1117 1475 1351 1523 supplendus
1379 1482 1459 1521 est;
1483 1477 1531 1513 cs.
1550 1479 1586 1519 S.
1606 1481 1642 1515 5.

214 1532 288 1572 71·oe
308 1533 548 1578 myram
566 1529 711 1572 mdear,
721 1531 769 1566 si
789 1531 940 1577 muln}
958 1541 1141 1575 armam,
1169 1543 1279 1580 quam
1306 1543 1503 1580 nequeo,
1533 1543 1643 1569 con-

205 1588 445 1626 centu-im.
484 1586 564 1634 lug.
584 1585 711 1631 XLIX,
729 1590 765 1625 2.
799 1585 902 1630 Quae
919 1586 966 1622 ab
982 1588 1208 1634 inperatore
1228 1590 1501 1638 decuerint,
1523 1590 1644 1626 omnia

204 1646 282 1685 suis
295 1645 518 1691 provinz,-
535 1643 598 1679 ubi
614 1653 650 1678 v.
673 1653 768 1689 quae
787 1653 828 1689 p.
842 1643 923 1682 2⁶17.
943 1645 1221 1680 annotavimus.
1262 1647 1310 1682 ct'.
1331 1647 1442 1690 etiam
1457 1657 1571 1694 supra
1595 1645 1646 1681 ad

207 1701 243 1746 1,
261 1704 340 1744 51..
370 1703 429 1738 lo.
448 1703 487 1734 et
505 1699 667 1736 Gramm.
694 1700 758 1736 lat.
778 1702 894 1736 nostr.
912 1702 947 1742 S.
966 1703 1057 1745 159,
1084 1704 1121 1738 5.
1142 1712 1181 1748 p.
1201 1705 1286 1741 603.
1305 1722 1362 1731 -—
1410 1703 1483 1739 Pro
1503 1703 1645 1739 calli-

207 1757 309 1795 dam
321 1755 538 1803 secundm
551 1755 707 1793 Ursinus
722 1756 853 1792 maluit
864 1757 1082 1794 caninum
1093 1756 1322 1806 semaraim,
1338 1761 1514 1807 opinatus
1530 1760 1647 1795 verba

209 1824 233 1850 a
246 1813 367 1852 Nonio
387 1813 513 1856 allata,
534 1822 631 1858 quae
648 1823 763 1859 supra
776 1812 836 1850 Fr.
852 1814 913 1851 46.
929 1812 1179 1859 exhibuimus,
1201 1826 1248 1851 ex
1262 1816 1335 1852 hoc
1351 1817 1435 1853 loco
1450 1816 1647 1862 desumpta

209 1879 309 1907 esse.
356 1867 400 1904 ld
425 1872 539 1915 negat
562 1867 715 1914 quidem
740 1867 928 1916 Rupertus
941 1896 951 1912 ,
979 1868 1051 1905 sed
1080 1874 1204 1908 tamen
1235 1873 1406 1908 callidam
1430 1872 1648 1920 facundiam

210 1924 301 1962 nihil
319 1923 423 1962 atiud
442 1923 655 1970 significare
680 1929 812 1960 censet
833 1935 944 1970 quam
964 1926 1147 1962 caninum.
1184 1927 1387 1975 Utrumque
1413 1929 1573 1973 falsum,
1563 1939 1573 1947 ·
1596 1928 1650 1963 ni-

211 1980 346 2019 mirum
370 1980 506 2017 caludo
528 1979 608 2026 fac.
633 1979 697 2015 hic
726 1979 968 2026 intelligenda
996 1985 1053 2017 est
1078 1982 1245 2030 perfida,
1280 1985 1473 2032 ambigua,
1503 1985 1649 2031 utrique

214 2036 311 2082 parti
333 2035 543 2074 inserviens
564 2038 602 2069 et
625 2034 803 2079 adulans,
833 2036 920 2081 quia
940 2034 1045 2072 Cotta
1064 2037 1137 2073 hoc
1159 2040 1322 2076 maxime
1344 2043 1442 2091 agit,
1458 2046 1499 2077 ut
1518 2043 1651 2088 probet

216 2101 402 2137 nunquam
429 2101 472 2127 se
495 2091 596 2129 mala
620 2090 696 2127 fide
719 2092 846 2139 egisse
875 2092 913 2127 in
931 2093 1135 2140 populum
1148 2106 1340 2143 nunquam
1359 2098 1442 2134 eius
1463 2108 1650 2145 caussam,

217 2146 306 2183 dum
329 2146 464 2183 callide
481 2157 567 2184 eam
587 2148 681 2184 tueri
701 2158 744 2185 se
764 2145 967 2192 simularet,
989 2150 1163 2187 inimicae
1187 2153 1337 2189 factioni
1357 2154 1586 2201 prodidisse.
1592 2173 1650 2179 —

216 2203 412 2241 Privata
430 2204 552 2250 aratia
570 2208 641 2248 est,
660 2214 756 2250 quae
777 2215 800 2240 a
822 2204 979 2251 privatis
1000 2206 1062 2241 vel
1081 2207 1240 2255 singulis
1262 2210 1396 2246 initur
1386 2238 1396 2255 ‚
1419 2222 1516 2258 quae
1534 2221 1648 2258 quum

217 2262 426 2308 opponatur
444 2259 646 2299 inimicitiis
661 2271 734 2307 pro
753 2260 895 2308 republ.
912 2261 1109 2308 susceptis,
1131 2265 1242 2303 totius
1261 2267 1335 2302 loci
1355 2269 1538 2304 sententia
1556 2267 1651 2303 haec

218 2319 298 2351 est:
325 2319 478 2362 propter
495 2316 635 2358 bonum
661 2317 849 2363 publicum
869 2327 936 2353 eas
961 2322 1088 2364 partes
1107 2319 1144 2355 in
1165 2323 1356 2368 republica
1380 2329 1531 2361 secutus
1557 2334 1652 2368 sum,

218 2381 315 2417 quae
338 2370 428 2410 mihi
442 2371 623 2409 maximas
638 2372 837 2410 multorum
855 2373 1068 2410 inimicitias
1088 2384 1309 2424 genuerunt,
1331 2390 1404 2415 non
1424 2391 1559 2416 curans
1578 2379 1653 2426 pri-

222 2431 345 2465 vatam
374 2427 531 2474 gratiam
559 2427 651 2467 mihi
676 2429 728 2465 ita
752 2429 895 2475 perire,
932 2430 1019 2466 licet
1043 2432 1126 2468 eius
1155 2444 1280 2470 essem
1309 2436 1567 2473 avidissimus.
1595 2454 1653 2461 —

219 2483 346 2523 Verba
364 2484 466 2530 quis
484 2484 597 2520 victus
617 2494 701 2522 cim
716 2485 782 2521 ala
799 2486 908 2523 sium
923 2491 1051 2533 aperte
1071 2495 1243 2535 spectant
1262 2491 1312 2526 ad
1337 2490 1465 2528 Cottae
1489 2493 1653 2537 exilium,

220 2540 327 2576 cuius
353 2549 524 2576 emmam
550 2539 761 2577 inimicitias
781 2551 871 2577 suas
889 2553 959 2588 pro
984 2546 1130 2590 republ.
1147 2551 1344 2593 susceptas
1364 2553 1399 2584 et
1425 2549 1654 2596 reipublicae

222 2596 344 2644 ipsius
372 2595 636 2639 lacerationem
656 2596 772 2633 ruisse
789 2596 902 2644 dicim
933 2598 1035 2645 quod
1058 2611 1134 2636 non
1162 2607 1360 2639 assecutus
1378 2603 1527 2641 Cottius
1545 2607 1655 2641 inter-

222 2653 449 2699 polationem
467 2652 527 2688 ed.
543 2652 675 2687 Venet.
697 2653 777 2699 qm·
789 2654 903 2690 viem
917 2663 1115 2702 perperam
1135 2659 1295 2695 retinuit.
1329 2659 1391 2696 Ad
1409 2660 1510 2698 hunc
1533 2663 1654 2697 locum

225 2708 396 2755 imperita
414 2712 474 2744 est
494 2711 531 2744 et
554 2707 733 2745 historiae
754 2708 947 2747 inscientia
970 2711 1130 2759 insignis
1154 2715 1343 2751 annotatio
1362 2716 1548 2753 Gerlachii
1573 2717 1654 2750 Vol·

222 2763 271 2799 11.
290 2775 328 2810 p.
351 2768 433 2803 m
449 2764 566 2801 haec:
594 2763 783 2809 „Videtur
806 2762 909 2801 Cotta
928 2777 1104 2804 caussam
1126 2771 1302 2806 nobilium
1321 2778 1451 2808 contra
1469 2770 1659 2809 Saturnini

1298 2828 1384 2870 11*
