1774 3002
121 143 180 185 64
518 162 520 164 >
608 148 647 185 C.
681 147 913 186 SALLUSTI
944 147 1096 186 CRlSPI

261 274 331 317 50.
385 271 640 332 Philippus,
682 273 756 335 qui
803 275 946 319 aetate
976 275 1031 319 „et
1069 273 1463 320 consilio‘ceteros
1491 287 1578 319 an-

122 355 269 401 teibat.

262 443 330 485 51.
382 438 537 508 Qralz‘o
567 437 618 484 L.
652 439 855 502 Plez'lszpi
885 446 1040 487 eontra
1067 440 1290 509 Lepzdum.

264 523 467 568 Maxume
489 523 669 579 vellem,
689 526 837 584 patres
862 524 1118 584 conscripti,
1143 515 1452 584 rempublicam
1477 522 1580 584 qui-

129 660 205 697 de
198 660 265 706 iis,
297 661 430 707 quibus
461 660 694 698 adiutoribus
726 661 891 709 Lepidus
923 663 1116 699 tumultum
1143 663 1329 699 excitabat
1358 662 1394 697 in
1411 661 1581 698 Etruria.

127 729 166 754 v.
192 717 242 754 ad
261 717 322 753 Fr.
343 720 401 756 48.

242 774 302 810 Fr.
325 778 383 813 50
425 772 540 819 [cort.
562 784 600 820 Ρ.
616 776 700 812 945.
721 773 820 810 Gerl.
842 773 1056 821 ed.ma·.1,
1073 779 1131 814 18.
1152 775 1214 820 ed.
1234 776 1324 820 min.
1347 775 1375 821 Ι,
1388 777 1448 813 63.
1470 775 1580 812 Debr.

127 832 154 876 Ι,
175 832 252 876 58.]
303 829 413 868 Serv.
442 829 504 866 ad.
526 831 634 878 Virg.
657 831 755 869 Aen.
782 829 844 875 IX,
871 833 955 870 246.
998 831 1051 867 De
1084 832 1254 879 Philippo
1286 833 1379 868 satis
1410 835 1581 869 accurate

130 888 337 935 disputavit
362 887 570 924 Ellendtius
600 888 638 924 in
666 887 866 924 Succincta
893 889 1132 936 eloquentiae
1164 899 1258 925 rom.
1289 889 1447 925 historia
1473 888 1586 925 Bruti

129 945 285 982 editioni
313 944 482 992 praefixa
512 947 547 988 §-
567 948 626 984 28.
653 956 690 992 p.
713 946 877 984 75-78.
905 945 967 981 ed.
987 946 1051 991 IL,
1082 945 1181 982 unde
1205 957 1281 982 non
1306 947 1428 983 solum
1451 945 1585 982 intelli-

128 1003 227 1049 gitur
255 1013 329 1049 qua
358 1006 435 1038 tum
466 1005 587 1037 aetate
616 1002 726 1037 fuerit
752 1003 880 1047 (natus
901 1003 1039 1050 quippe
1067 996 1162 1038 LXII
1182 1004 1343 1047 annos),
1375 1002 1444 1039 sed
1473 1002 1583 1038 etiam

130 1063 268 1106 quanta
288 1059 327 1094 in
349 1063 481 1095 senatu
503 1059 721 1094 auctoritate
741 1059 930 1106 polluerit.
964 1059 1077 1094 Recte
1099 1063 1223 1096 autem
1246 1059 1319 1095 iam
1337 1060 1485 1107 priores
1505 1058 1583 1095 edi-

129 1121 232 1152 tores
257 1115 329 1151 hoc
351 1115 616 1166 Fragmentum
644 1119 730 1151 ante
760 1114 922 1163 Philippi
954 1117 1159 1153 orationem
1188 1117 1439 1161 collocarunt,
1471 1126 1583 1162 quum

130 1173 322 1221 probabile
352 1173 421 1217 sit,
460 1172 676 1210 Sallustium
700 1171 759 1208 his
783 1172 876 1219 ipsis
903 1173 1028 1211 verbis
1050 1183 1225 1209 caussam
1253 1172 1491 1217 reddidisse,
1519 1182 1584 1208 cur

131 1231 233 1267 illam
259 1230 468 1265 orationem
486 1229 661 1265 Historiis
688 1228 927 1265 inserendam
960 1231 1170 1277 putaverit,
1199 1230 1283 1276 pari
1313 1230 1390 1265 sere
1411 1229 1583 1273 consilio,

131 1298 206 1335 quo
224 1286 307 1334 lug.
322 1286 440 1331 XXX,
455 1288 492 1324 4.
515 1286 681 1322 Memmii
702 1286 908 1322 orationem
927 1288 1163 1333 perscribere
1185 1287 1220 1322 ei
1243 1287 1365 1323 visum
1388 1290 1460 1322 est.
1493 1285 1586 1321 Mul-

132 1349 210 1381 tum
238 1343 351 1391 igitur
382 1354 405 1379 a
433 1353 525 1379 vero
548 1342 736 1379 aberravit
756 1342 1005 1388 Debrossius,
1037 1345 1099 1391 qui
1120 1343 1216 1380 haec
1239 1344 1358 1379 verba
1381 1342 1430 1379 ad
1459 1353 1585 1378 narra-

131 1402 270 1438 tionem
301 1399 348 1435 de
375 1398 502 1437 Sullae
538 1399 669 1435 sunere
707 1400 838 1444 refert,
877 1399 1335 1448 Philippum‘coniiciens
1372 1403 1586 1446 propterea,

133 1457 235 1505 quod
254 1461 402 1493 ceteros
423 1460 544 1492 aetate
565 1460 603 1492 et
623 1457 781 1493 consilio
803 1457 993 1502 anteierit,
1025 1457 1075 1493 ad
1096 1456 1239 1494 Sullam
1256 1468 1324 1504 pro
1351 1457 1483 1492 rostris
1501 1457 1585 1492 lau-

134 1514 302 1551 dandum
330 1515 489 1549 electum
520 1524 620 1549 esse
669 1512 822 1549 Scilicet
851 1525 962 1560 quum
994 1513 1095 1561 apud
1122 1513 1337 1578 Appianum
1358 1512 1407 1549 de
1427 1513 1471 1556 Β.
1485 1511 1539 1548 ·.C
1558 1511 1586 1558 Ι,

134 1574 214 1610 106
234 1582 272 1618 p·
298 1574 378 1610 153.
402 1569 621 1617 Schweigh.
643 1570 813 1617 legatur:
842 1561 917 1615 Ὡς
945 1560 984 1606 δ’
1014 1566 1077 1607 ἐπὶ
1104 1569 1175 1606 τοῦ
1201 1563 1377 1634 βήματος
1398 1564 1442 1606 ἕν
1459 1558 1588 1633 ἆγορᾷ

132 1619 357 1678 προῦτεθη,
395 1638 510 1671 τους
536 1621 627 1689 μὲν
657 1621 956 1674 ἐπιταφίους
987 1619 1165 1676 λόγους
1190 1617 1377 1664 εἷπεν“
1361 1638 1383 1663 e
1409 1620 1585 1675 κράτι-

59 1689 63 1691 ’
137 1693 247 1729 στος
267 1679 428 1720 εἰπεῖν
446 1681 544 1720 τῶν
561 1674 691 1727 τότε,
719 1682 821 1730 apud
843 1680 1062 1720 Ciceronem
1083 1687 1205 1720 autem
1225 1683 1387 1730 Philippi
1410 1684 1587 1730 eloquen-

137 1742 186 1778 tia
214 1741 368 1788 saepius
394 1739 568 1776 laudetur
597 1739 665 1786 (cf.
688 1732 735 1775 de
756 1739 858 1776 Orat.
879 1740 939 1784 ΙΙΙ,
961 1744 996 1785 l,
1019 1742 1054 1778 4.
1081 1740 1184 1776 Brut.
1205 1751 1237 1776 c.
1259 1739 1405 1784 XLVH,
1427 1740 1508 1778 173.
1538 1738 1587 1774 de

137 1796 212 1835 Off.
232 1798 260 1843 I,
282 1800 341 1842 30,
363 1797 478 1842 108.),
508 1796 735 1833 Debrossius
757 1796 848 1832 nihil
870 1797 1008 1835 certius
1027 1797 1185 1844 putavit,
1215 1807 1327 1843 quam
1352 1799 1481 1832 nostro
1502 1796 1586 1832 loeo

136 1855 184 1892 de
206 1853 334 1892 Sullae
352 1853 566 1890 laudatione
586 1863 655 1900 per
675 1853 886 1900 Philippum
906 1854 1004 1889 facta
1025 1854 1101 1901 agi.
1148 1852 1226 1890 Sed
1249 1853 1396 1889 etiamsi
1424 1852 1588 1889 certiori-

135 1913 207 1949 bus
227 1911 451 1947 testimoniis
471 1914 660 1953 constaret
679 1909 893 1957 Philippum
912 1920 1047 1946 revera
1067 1909 1210 1947 Sullam
1230 1909 1409 1947 laudasse
1421 1937 1432 1954 ,
1462 1913 1588 1945 tamen

136 1969 209 2006 hoc
234 1969 521 2016 Fragmentum,
552 1967 640 2014 quia
658 1968 787 2006 aetati}
805 1971 844 2005 ,et
871 1967 1015 2004 consilii
1039 1967 1178 2003 mentio
1206 1965 1267 2012 fit,
1297 1977 1373 2003 non
1395 1969 1520 2013 potest
1539 1965 1587 2001 de

135 2036 182 2062 ea
200 2037 241 2062 re
262 2025 430 2072 intelligi.

252 2082 313 2119 Fr.
339 2085 396 2119 51.
436 2081 559 2127 [Cort.
589 2093 627 2129 p.
647 2083 785 2123 945-
795 2083 879 2120 953.
930 2080 1030 2117 Gerl.
1061 2079 1124 2116 ed.
1144 2080 1232 2116 mai.
1254 2080 1288 2124 1,
1311 2081 1369 2118 19.
1412 2078 1474 2115 ed.
1498 2078 1587 2114 min.

140 2137 176 2184 1,
197 2141 257 2177 64.
298 2138 407 2175 Debr.
430 2138 456 2183 I,
478 2136 554 2186 90.]
592 2138 693 2174 Haec
715 2139 833 2174 oratio
854 2141 978 2173 exstat
996 2137 1036 2172 in
1055 2135 1167 2172 codd.
1191 2136 1463 2183 Vatt„11rsin‚
1486 2134 1589 2172 Ciac-

141 2205 227 2232 con.
253 2199 290 2231 et
309 2194 477 2239 Balliol„
501 2194 547 2230 de
573 2195 707 2242 quibus
730 2207 769 2232 v-
789 2194 950 2230 Praesat.
969 2212 1028 2220 —-
1066 2193 1187 2238 Quum
1206 2164 1389 2240 Lepidus
1401 2193 1587 2239 aliquanto

142 2256 228 2289 ante
249 2251 466 2287 consulatus
488 2250 630 2287 finem
622 2261 660 2289 ln
676 2251 831 2287 Galliam
850 2250 1118 2296 transalpinam
1135 2250 1386 2312 provinciam
1392 2249 1494 2286 abire
1514 2249 1590 2284 ius-

144 2320 211 2346 sus
234 2312 338 2344 esset
358 2308 421 2353 (v.
441 2307 502 2343 Fr.
521 2303 558 2353 1,
582 2308 640 2345 47.
644 2308 683 2354 ),
711 2306 810 2343 sed
801 2317 838 2342 m
860 2305 1051 2353 Cisalpina
1073 2309 1109 2341 et
1133 2306 1171 2341 in
1190 2305 1340 2343 Etruria
1359 2305 1588 2353 proscriptos

145 2370 182 2402 et
201 2364 386 2402 turbidam
405 2364 554 2411 plebem
575 2364 645 2399 sibi
676 2362 983 2410 adiungeret(v.
1003 2363 1064 2399 Fau
1086 2362 1120 2407 I,
1142 2365 1202 2401 48.
1223 2364 1324 2408 49.),
1344 2366 1545 2417 revocatus
1567 2371 1589 2397 a

143 2422 334 2471 patribus,
353 2424 392 2456 ut
412 2422 646 2468 inceptorum
666 2430 842 2457 caussam
865 2418 1060 2463 redderet,
1084 2429 1159 2455 non
1178 2419 1320 2466 paruit,
1341 2418 1412 2456 sed
1428 2428 1514 2455 cum
1533 2413 1590 2453 ar-

146 2482 247 2515 mata
265 2488 379 2514 manu
400 2477 450 2513 ad
470 2479 599 2514 urbem
621 2476 802 2520 accessit3
833 2477 881 2512 cs.
903 2476 1068 2523 Appian.
1091 2475 1137 2511 de
1159 2473 1200 2513 B.
1227 2475 1322 2521 c.1‚
1349 2477 1428 2514 107.
1449 2486 1486 2521 p·
1509 2475 1590 2512 154.

147 2524 471 2582 Schweigh.013
497 2525 716 2571 λανθάνων
742 2523 783 2570 δ’
813 2524 872 2580 ἐφ’
901 2525 961 2578 οἷς
987 2524 1192 2582 ἐβούλευεν
1218 2527 1390 2570 ἐκαλεῖτο
1414 2540 1493 2568 mo
1523 2528 1592 2578 τῆς

145 2588 312 2643 βουλῆς·
339 2585 409 2628 καὶ
435 2581 529 2628 οὐδὲ
554 2580 672 2635 αὐτὸς
699 2579 858 2652 ἀγνοῶν
876 2580 935 2637 ἐφ’
957 2581 1016 2634 οἷς
1035 2584 1229 2637 ἐκαλεῖτο,
1255 2581 1336 2652 ᾔει
1364 2577 1484 2637 μετὰ
1507 2585 1593 2623 τοῦ

149 2645 366 2712 ovea-tofi
384 2638 592 2695 παντὸς,
623 2637 683 2692 ὥς
702 2641 749 2692 ἐς
774 2637 865 2695 τὴν
887 2637 1043 2684 πόλιν
1062 2637 1474 2693 εἰσελευσόμενος
1500 2651 1592 2680 συν

149 2695 292 2754 αὐτῷ.
315 2703 394 2742 Sed
416 2715 529 2751 quum
556 2704 760 2741 Ianiculum
779 2707 817 2740 et
829 2714 925 2750 pons
946 2704 1110 2741 Mulvius
1130 2705 1203 2740 iam
1224 2713 1248 2738 a
1270 2701 1399 2739 Catulo
1421 2712 1465 2738 ac
1485 2701 1592 2736 Pom-

144 2763 244 2811 peio
252 2764 458 2810 occupatus
477 2766 593 2811 esset,
602 2759 810 2810 prohibitus
821 2761 948 2798 ur-bem
966 2761 1102 2797 intrare
1116 2765 1152 2797 et
1165 2770 1293 2808 pugna
1301 2757 1403 2795 haud
1421 2757 1550 2806 procul
1570 2767 1591 2795 a
