1774 3002
470 165 799 204 fflsToRIARnM
826 164 1141 203 FRAGMENTA.
1199 164 1288 202 LIB.
1319 165 1364 201 ΙΙ.
1557 157 1640 200 175

296 339 298 341 ,
330 295 400 336 56.
454 288 725 336 Mithridates
760 303 947 348 corpore
983 287 1151 349 ingenti
1190 286 1372 347 perinde
1401 289 1609 332 armatus.

331 377 401 420 57.
455 371 579 428 Quos
608 371 850 419 advorsum
875 371 998 417 multi
1020 385 1080 417 ex
1103 369 1309 431 Bithynia
1332 369 1536 415 volentes
1558 384 1642 415 oc-

196 470 396 511 currere,
435 455 595 500 falsum
620 454 757 500 filium
781 453 1013 515 arguituri.

199 582 299 607 rum
336 570 473 614 mole,
506 568 716 615 perinde
751 569 897 604 armis
931 567 1225 615 inqentibus,
1261 566 1354 603 adeo
1384 587 1440 592 —
1470 565 1643 602 terribilis

194 625 278 674 fud,
297 630 339 663 ut
357 627 475 674 plane
490 629 580 661 nala
598 625 651 660 ad
672 624 854 661 hommum
883 625 1065 660 interitum
1086 624 1283 660 videretur.
1341 623 1396 659 De
1418 622 1642 660 Mithridatis

199 687 386 720 amatura
415 673 1049 744 er.Appian.B.Mithr.e.112‚
1084 684 1177 718 extr.
1236 670 1292 716 Τὸ
1310 678 1425 728 σῶμα
1441 669 1495 729 ἦν
1522 675 1644 730 μέγας

197 734 291 788 μὲν,
321 731 383 784 ὧς
417 731 850 775 ὑποδεικνύουσιν
881 729 974 773 ’ὅσα
1007 728 1136 774 οπλα
1165 726 1319 781 αὖτὸς
1343 733 1569 786 ἔπεμψεν
1597 732 1644 781 ἐς

197 790 399 844 Νεμέαν
426 805 473 831 τε
499 790 584 831 καὶ
604 786 858 841 Δελφους,
892 787 1083 844 εὔρωστος
1102 789 1166 841 δὲ,
1196 784 1251 837 ὦς
1280 788 1392 859 μέχρι
1424 789 1559 838 τέλους
1576 789 1639 830 ἰπ-

197 849 342 888 nabal
371 863 411 888 τε
442 846 511 888 καὶ
547 841 771 898 ἀκοντίσαι,
800 846 868 886 καὶ
904 848 1007 899 χίλια
1034 843 1177 887 στάδια
1199 848 1269 899 τῆς
1301 842 1451 898 ἡμέρας
1484 860 1642 901 περιμε-

199 900 350 945 νόντων
366 898 489 944 αὐτὸν
519 902 563 944 ἐκ
582 899 858 956 διαστημάτων
874 903 1008 943 ἵππων
1026 904 1201 958 δραμεῖν.
1260 906 1343 950 Quo
1363 907 1528 953 Appiani
1559 907 1643 943 ioco

200 976 284 1000 cum
313 964 554 1002 Sallustianis
576 965 701 1000 verbis
720 968 936 1010 comparato
959 964 1069 1000 facite
1101 963 1323 1009 intelligitur
1338 974 1498 1010 prorsus
1515 963 1643 999 inseii-

200 1031 282 1058 cem
298 1031 386 1058 esse
404 1021 528 1068 Lipsii
538 1020 801 1064 coniecturam,
819 1020 882 1067 qui
903 1019 952 1056 ad
963 1021 1098 1057 Vellei.
1114 1019 1157 1066 ΙΙ,
1175 1022 1232 1064 18,
1254 1023 1288 1058 1.
1302 1020 1464 1067 perinde
1481 1023 1526 1056 el
1542 1021 1645 1056 ani·

200 1089 235 1113 m
245 1080 355 1114 atur
381 1076 621 1114 scribendum
642 1077 845 1112 censuerit.

311 1134 375 1172 Fr.
407 1135 468 1173 57.
514 1132 632 1179 [cort.
659 1144 698 1180 p.
716 1135 799 1172 958.
829 1133 930 1169 Gert.
955 1134 1014 1170 ed.
1039 1134 1128 1170 mai.
1157 1133 1200 1178 11,
1227 1135 1285 1171 18.
1314 1133 1376 1170 ed.
1405 1134 1494 1169 min.
1516 1133 1559 1177 ΙΙ,
1581 1135 1645 1172 95.

199 1201 240 1238 p.
257 1192 341 1235 m,
363 1193 403 1229 8.
432 1190 544 1227 Debr.
564 1190 635 1233 111,
654 1187 708 1238 9.]
751 1190 830 1225 Hoc
851 1190 1135 1237 Fragmentum,
1164 1201 1187 1225 a
1207 1189 1401 1226 Prisciano
1420 1189 1476 1234 X,
1511 1193 1554 1233 2,
1585 1193 1643 1228 12.

200 1257 242 1294 p.
260 1249 343 1285 481.
362 1247 428 1283 Kr.
448 1251 637 1283 servatum
650 1275 660 1290 ,
690 1246 739 1282 ad
760 1245 983 1282 Mithridatis
1008 1258 1071 1282 res
1091 1247 1279 1294 pertinere
1303 1247 1492 1294 colligitur
1517 1257 1566 1283 ex
1584 1246 1645 1282 Bi-

203 1303 358 1351 thyniae
379 1303 754 1346 commemoratione,
780 1313 891 1350 quam
923 1314 991 1340 rex
1011 1304 1187 1340 Ponticus
1219 1303 1322 1339 initio
1343 1304 1430 1340 beiti
1451 1304 1644 1339 invaserat

203 1361 261 1405 (v.
277 1358 442 1407 Appian.
464 1360 507 1395 B.
528 1359 653 1395 Mithr.
675 1372 710 1395 c.
726 1361 784 1403 71,
811 1360 906 1404 in.);
930 1371 1047 1406 quare
1077 1361 1182 1395 locus
1206 1360 1370 1407 quidem,
1397 1356 1458 1396 ubi
1483 1370 1644 1407 ponere·

204 1421 284 1460 tur,
313 1416 448 1452 dubius
470 1426 557 1452 esse
589 1427 662 1451 non
683 1417 812 1463 potuit.
875 1415 1043 1452 Ceterum
1065 1427 1202 1452 sensus
1228 1418 1434 1453 verborum
1455 1417 1566 1464 longe
1585 1421 1643 1452 est

205 1473 496 1508 obscurissimus
518 1477 554 1508 et
574 1474 638 1508 vix
657 1472 861 1508 eruendus.
921 1472 1014 1508 Nam
1036 1484 1111 1520 quo
1130 1473 1313 1520 pertineat
1327 1482 1419 1521 quos
1432 1474 1643 1517 relativum,

206 1533 270 1565 aut
298 1529 360 1576 qui
381 1527 611 1576 intelligendi
637 1529 709 1566 sint
730 1529 832 1565 multi
860 1539 911 1565 ea:
931 1529 1126 1578 Bithynia,
1155 1534 1217 1567 aut
1250 1541 1324 1577 quo
1354 1540 1469 1566 sensu
1487 1530 1645 1566 volentes

206 1584 254 1622 sit
273 1580 533 1634 accipiendum
546 1615 555 1630 ,
586 1590 783 1632 praeterea
811 1590 931 1622 utrum
950 1595 1150 1623 occia-rere
1169 1597 1216 1622 an
1236 1596 1458 1631 accurrere,
1481 1586 1585 1635 quod
1604 1586 1642 1621 in

206 1642 346 1690 aliquot
364 1641 478 1678 codd.
494 1646 562 1686 est,
587 1643 698 1679 scribi
722 1641 868 1688 debeat,
885 1642 1047 1690 denique
1062 1644 1146 1690 quis
1170 1643 1218 1679 sit
1236 1642 1360 1690 falsus
1372 1643 1473 1690 filim
1491 1648 1528 1679 e't
1548 1654 1644 1690 quae

206 1698 292 1734 eius·
316 1698 499 1746 arguendi
522 1709 660 1735 caussa
684 1702 747 1735 aut
766 1699 828 1746 qui
854 1698 1012 1743 modus,
1042 1710 1152 1735 nemo
1177 1700 1286 1736 facile
1309 1700 1456 1736 dixerit.
1515 1700 1644 1736 Douza

206 1754 357 1802 quidem
389 1754 528 1803 fal-rum
555 1755 672 1802 filium
703 1755 985 1803 intelligendum
1018 1764 1180 1792 censens
1213 1756 1418 1793 Nicomedis
1446 1757 1564 1803 filium
1594 1766 1645 1793 ex

208 1811 311 1859 Nysa
326 1815 544 1859 mceptmn,
565 1811 613 1849 de
633 1823 706 1859 quo
728 1813 888 1859 loquitur
902 1812 1137 1849 Mithridates
1157 1813 1195 1848 in
1215 1814 1377 1860 epistola
1398 1824 1444 1849 ae
1463 1814 1645 1849 Arsacem

206 1867 342 1911 Fr.1V,
366 1870 421 1914 19,
440 1870 491 1912 9.,
510 1869 735 1916 Fragmento
756 1868 828 1904 hoc
844 1869 1049 1915 significari
1065 1874 1180 1916 putat,
1201 1871 1337 1905 multos
1359 1869 1556 1917 Bithynos,
1581 1870 1643 1916 qui

211 1934 233 1958 a
255 1923 458 1968 Romanis,
484 1935 641 1971 regnum
662 1925 754 1960 inud
776 1929 921 1960 mortuo
942 1925 1146 1961 Nicomede
1169 1926 1461 1972 occupantibus,
1486 1926 1646 1973 gratiam

210 1979 306 2015 inire
327 1979 539 2024 studerent,
567 1984 697 2016 contra
716 1991 805 2024 eos,
836 1981 899 2027 qui
917 1981 1133 2028 Nicomedis
1154 1981 1220 2018 filii
1238 1986 1366 2029 partes
1387 1986 1646 2029 sequerentur,

212 2035 436 2079 occurrisse,
458 2046 618 2082 eumque
639 2047 714 2072 non
734 2037 939 2083 legitimum
956 2038 1090 2074 mortui
1109 2038 1213 2085 regis
1231 2038 1361 2083 filium,
1386 2039 1454 2075 sed
1477 2039 1646 2086 spurium

213 2101 300 2127 esse
320 2092 508 2138 arguisse.
547 2091 625 2129 Sed
643 2091 739 2129 haec
763 2093 963 2129 incertiora
984 2098 1088 2138 sunt,
1117 2105 1228 2141 quam
1254 2095 1388 2142 quibus
1410 2096 1567 2132 muttum
1584 2096 1647 2132 tri-

211 2148 328 2192 buas,
358 2158 583 2194 quamquam
612 2148 830 2186 Gerlachius
858 2150 943 2185 Vol.
967 2150 1028 2186 111.
1054 2161 1091 2197 p.
1118 2152 1178 2189 ⁷9.
1205 2152 1424 2199 simpliciter
1450 2153 1646 2200 amplexus

213 2208 282 2248 est,
302 2214 349 2239 ne
364 2214 410 2239 eo
429 2203 579 2255 quidem
595 2204 777 2249 offensus,
797 2205 898 2253 quod
912 2206 1041 2244 Douza
1060 2207 1215 2244 mirifico
1230 2218 1357 2244 errore
1372 2209 1529 2257 Nysam,
1550 2219 1647 2256 quae

214 2259 428 2296 Nicomedis
444 2271 541 2296 uxor
560 2262 639 2306 fuit,
658 2273 726 2308 pro
745 2263 833 2299 eius
847 2263 923 2299 filio
946 2263 1072 2300 habet.
1114 2264 1193 2300 Hoc
1211 2265 1363 2312 quidem
1382 2276 1511 2302 errore
1532 2266 1647 2303 vitato

213 2315 437 2352 Debrossius
453 2327 600 2363 quoque
616 2318 702 2354 Voi.
722 2318 765 2354 11.
780 2330 819 2366 p.
833 2321 893 2358 38.
908 2319 1060 2356 Douzae
1080 2320 1119 2356 in
1135 2322 1355 2358 universum
1369 2323 1538 2369 sequitur
1559 2333 1647 2359 sen·

215 2373 379 2416 tentiam,
391 2376 548 2410 eatenus
571 2378 712 2411 tantum
735 2377 783 2412 ab
802 2380 848 2411 eo
866 2377 1103 2424 discrepans,
1115 2377 1218 2424 quod
1234 2378 1647 2415 Pseudo-Nicomedem

214 2427 403 2476 quendam
424 2430 470 2465 ab
490 2429 572 2476 ipso
587 2429 798 2468 Mithridate
815 2434 1056 2470 subornatum
1074 2433 1193 2481 fingit,
1215 2445 1326 2480 quem
1341 2435 1493 2483 Bithyni
1512 2437 1647 2472 salsum

215 2495 303 2521 esse
331 2483 498 2521 defuncti
521 2485 735 2523 Nicomedis
752 2487 870 2526 'filium
892 2490 1106 2537 arguerint;
1138 2491 1276 2538 quippe
1304 2492 1438 2538 legatis
1458 2491 1577 2528 Roma
1598 2490 1647 2528 ad

216 2551 301 2578 eam
320 2541 491 2579 fraudem
513 2543 815 2589 cognoscendam
837 2545 967 2582 missis
995 2546 1078 2582 Itos
1106 2547 1343 2583 advorsus
1362 2550 1492 2585 nullm
1509 2558 1562 2585 ex
1578 2548 1641 2586 Bi-

216 2597 341 2646 thynia
355 2599 578 2634 occur-rme.
614 2598 725 2635 Unde
743 2598 838 2637 haec
858 2602 984 2638 omnia
1004 2603 1102 2647 scire
1120 2604 1279 2650 potuerit
1299 2603 1525 2641 Debrossius
1544 2606 1648 2652 equi-

219 2653 305 2689 dem
325 2655 468 2690 nescio.
480 2674 538 2681 —
580 2653 744 2691 Velenus
759 2656 1003 2706 Kreyssigins
1017 2657 1275 2696 in'Comment.
1292 2660 1345 2697 de
1360 2659 1402 2697 G.
1418 2661 1510 2698 San.
1523 2661 1646 2708 Crispi

218 2708 327 2746 Histt.
347 2709 407 2748 lib.
428 2710 489 2746 111.
505 2710 693 2758 Fragmm.
710 2722 749 2758 p.
763 2714 824 2750 44.
844 2715 983 2760 opponi
1004 2719 1133 2751 censet
1152 2715 1443 2753 detrectantibus
1465 2718 1646 2761 militiam,

218 2764 320 2810 quod
339 2765 404 2801 illo
425 2765 574 2812 quidem
595 2767 678 2803 loco
699 2777 842 2813 verum,
863 2768 937 2816 hic,
959 2771 1050 2806 utin
1071 2781 1111 2806 re
1123 2769 1251 2817 dubia,
1271 2782 1350 2808 non
1370 2772 1647 2809 affirmaverim.
