1774 3002
0 332 30 383 Ψ

0 403 25 515 3

10 531 18 557 l

0 1138 9 1157 v
0 1116 4 1126 “
0 1058 15 1100 ““-’“
0 612 26 1031 =⁸¹ffiwufl¹⁵wfflmffs⁴

498 166 827 212 HisTOfflARUM
857 175 1173 212 FRAGMENTA..
1227 177 1313 213 Lm.
1344 177 1388 212 11.
1576 174 1655 217 133

214 296 257 341 in
295 275 422 341 bella*
442 296 645 343 euntibus
675 295 906 344 iuvenibus
941 300 1171 357 parentum
1206 299 1320 344 sacta
1353 313 1653 346 memoraren-

214 381 286 424 tur
316 393 344 423 a
378 377 600 425 matribus.

348 464 417 505 20.
470 459 670 506 Celtiberi
707 474 757 506 se
791 462 971 522 regibus
1009 463 1230 509 devovent
1261 466 1304 508 et
1338 466 1440 523 post
1474 479 1554 510 eos
1578 465 1652 510 vi-

211 546 299 588 tam
316 543 530 589 „refutant

210 679 483 717 risimilitudine
511 689 585 714 non
615 678 817 716 abhorrere
847 680 1013 725 videtur,
1054 685 1267 726 auctorem,
1305 686 1503 730 antequam
1536 694 1597 720 res
1629 694 1652 719 a

209 736 385 783 Pompeio
405 739 442 771 et
463 735 611 771 Metello
631 739 758 784 gestas
783 741 1092 784 persequeretur,
1122 737 1319 773 ostendere
1344 739 1557 784 studuisse,
1587 741 1650 787 qui

210 793 347 839 factum
375 792 443 836 sit,
480 796 520 827 ut
540 789 728 828 Sertorius
756 795 831 829 tam
859 793 924 829 diu
952 793 1110 829 duorum
1139 793 1445 832 adversariorum
1473 797 1649 843 impetum

210 847 393 884 sustinere
412 858 457 884 ac
477 847 650 894 frangere
669 852 812 894 posset.
840 868 896 874 —
924 849 1044 885 Dictio
1064 853 1218 896 nuptum
1243 852 1302 886 mi
1308 855 1323 886 t
1330 851 1555 888 rebantur
1585 853 1651 888 im-

210 904 340 940 merito
371 902 528 940 offendit
553 903 749 949 Ursinum,
785 906 847 952 qui
868 906 997 942 maluit
1006 906 1334 953 promittebanmr,
1372 909 1434 945 vel
1457 908 1651 945 tradeban-

209 964 290 1001 ἡαπ
314 971 400 996 nam
424 959 464 995 in
481 960 622 996 mittere
643 961 759 998 verbo
778 961 818 997 h.
834 962 859 997 l.
880 972 957 997 non
978 966 1050 997 tam
1072 963 1172 997 valet
1188 962 1383 1010 ahleqandi
1398 965 1514 1008 notio,
1538 976 1650 1012 quam

208 1015 380 1058 mdo-di
405 1020 443 1052 et
464 1014 513 1052 ad
533 1015 704 1052 maritum
728 1016 948 1062 deducendi,
978 1019 1037 1053 cui
1060 1018 1215 1054 aliarum
1235 1020 1403 1065 gentium
1419 1021 1514 1056 mori
1532 1032 1649 1068 oppo-

207 1071 304 1108 nitur
326 1071 574 1119 Hispanarum
602 1072 789 1119 virginum
817 1073 1071 1118 consuetudo,
1108 1085 1179 1110 sua
1206 1080 1349 1121 sponte·
1368 1077 1473 1113 viros
1501 1089 1649 1114 sumen—

210 1127 312 1164 tium.
350 1147 405 1155 —
437 1127 491 1163 De
503 1128 702 1175 promptus
722 1130 828 1165 vocis
847 1133 1030 1176 potestate
1054 1141 1091 1165 v.
1113 1130 1162 1166 ad
1184 1129 1288 1167 Catil.
1311 1144 1345 1169 c.
1365 1132 1489 1178 XLIII,
1510 1136 1547 1171 4.
1593 1134 1647 1170 De

207 1188 390 1220 structura
412 1194 497 1220 cum
513 1183 678 1230 genitivo
697 1186 744 1220 cl'.
765 1185 814 1221 ad
833 1186 914 1233 lug.
932 1198 967 1222 c.
988 1185 1184 1231 LXXXIV,
1205 1191 1240 1225 2.
1266 1200 1306 1234 p.
1327 1191 1412 1227 438.

235 1272 244 1276 -
314 1239 375 1277 Fr.
402 1241 459 1278 19.
507 1237 622 1285 [Cort.
641 1251 678 1287 p.
696 1244 799 1280 1010.
822 1242 920 1278 Gerl.
940 1242 1003 1278 ed.
1023 1243 1112 1278 mai.
1139 1242 1215 1279 Inc.
1235 1246 1317 1282 204.
1337 1244 1397 1280 ed.
1420 1246 1511 1281 min.
1530 1247 1574 1291 Π,
1590 1251 1647 1287 26.

204 1307 241 1342 p.
259 1297 341 1341 m
360 1299 396 1334 2.
429 1295 540 1332 Debr.
568 1296 613 1341 Π,
642 1294 738 1344 109.]
788 1298 913 1334 Verba
940 1310 962 1334 a
992 1298 1126 1335 Servio
1155 1298 1204 1335 ad
1230 1301 1338 1347 Virg.
1369 1302 1464 1337 Aen.
1492 1302 1538 1345 X,
1562 1306 1646 1342 281.

204 1352 315 1391 allata
339 1350 443 1388 haud
463 1351 576 1389 dubie
605 1351 654 1388 ad
681 1353 840 1389 eandem
860 1365 939 1390 rem
965 1359 1156 1402 spectant,
1187 1359 1224 1390 ut
1250 1357 1529 1402 antecedentia;
1558 1371 1645 1395 nam

203 1406 264 1444 his
282 1402 431 1455 quoque
456 1418 615 1445 caussae
641 1409 892 1455 explicantur,
922 1422 988 1447 cur
1011 1411 1166 1457 Hispani
1195 1415 1268 1447 tam
1297 1413 1410 1450 sortes
1433 1417 1553 1460 atque»
1570 1417 1647 1452 bel*-

203 1463 311 1501 licosi
339 1464 488 1500 tuerint.
543 1462 690 1500 Similia
723 1464 774 1500 ad
806 1466 978 1503 virtutem
1006 1467 1220 1503 incitamina
1247 1468 1350 1515 apud
1376 1471 1468 1507 alias
1498 1482 1645 1518 quoque

203 1522 334 1566 gentes
352 1520 401 1556 ‘in
429 1531 502 1556 usu
529 1520 646 1556 ruisse
675 1521 898 1568 interpretes
925 1523 975 1559 ad
997 1522 1036 1561 h.
1060 1524 1084 1559 l.
1115 1524 1381 1570 observarunt,
1410 1526 1494 1562 coll.
1526 1527 1644 1564 Statio

203 1574 297 1612 Sitv.
311 1575 376 1620 IV,
389 1577 427 1620 ¹1,
441 1578 501 1614 43.
519 1580 557 1612 et
576 1575 692 1614 Tacit.
713 1577 835 1613 Germ.
854 1590 889 1614 c.
904 1581 941 1618 ὃ.
965 1599 1022 1604 -
1049 1580 1121 1615 Pro
1140 1586 1454 1626 memorarentur,
1484 1586 1524 1621 ut
1543 1588 1645 1620 recte

201 1628 336 1678 legitur
362 1631 466 1679 apud
485 1630 680 1677 Sei-vitun,
709 1644 840 1670 omnes
870 1633 1037 1671 Sallustii
1065 1635 1228 1672 editores
1255 1648 1455 1685 perperam
1482 1640 1645 1687 scripse·

201 1690 286 1724 runt
301 1691 558 1725 mensor-m.
1455 1706 1474 1726 ·,

310 1743 371 1781 Fr.
388 1747 448 1783 m.
493 1743 606 1788 [Cort.
628 1756 667 1791 p.
683 1747 786 1784 1007.
807 1746 906 1782 Gerl.
929 1746 989 1782 ed.
1011 1748 1097 1783 mai.
1114 1747 1190 1784 Inc.
1209 1750 1287 1788 104.
1310 1749 1372 1797 ed.
1392 1751 1483 1786 min.
1503 1750 1567 1796 IV,
1581 1755 1642 1790 86.

199 1811 238 1846 p.
258 1802 342 1845 230,
363 1803 422 1839 15.
444 1800 555 1837 Debr.
578 1800 639 1844 111,
661 1801 759 1845 102]
803 1802 903 1838 Haec
932 1804 1064 1848 verba,
1096 1815 1191 1850 quae
1215 1803 1351 1842 Servio
1383 1806 1563 1843 debentur
1593 1808 1643 1843 ad

158 1865 163 1867 ·
187 1854 310 1902 ’Ἧι-ς.
331 1855 468 1903 Georg.
488 1856 552 1900 IV,
571 1859 675 1900 218„
705 1857 794 1894 inde
813 1869 835 1893 a
855 1858 1030 1895 Carrione
1055 1871 1186 1896 omnes
1217 1861 1380 1899 editores
1398 1867 1548 1909 praeter
1570 1863 1642 1899 De-

200 1911 387 1947 brossium
407 1922 491 1947 cum
511 1911 584 1947 alio
603 1912 847 1960 Fragmento,
877 1914 1013 1950 ibidem
1032 1915 1097 1959 IV,
1116 1920 1197 1954 211.
1224 1918 1302 1962 (Fr.
1324 1919 1372 1962 V,
1393 1919 1447 1962 1.)
1476 1923 1640 1964 servato,

175 1972 178 1973 ’
201 1966 472 2002 coniunxerunt
488 1967 527 2002 in
548 1978 683 2011 unum,
718 1970 826 2014 quasi
846 1971 905 2006 sic,
921 1981 1015 2006 vera
1034 1969 1199 2007 Sallustii
1223 1983 1357 2009 manus
1376 1985 1559 2021 expressa
1582 1986 1642 2012 es-

202 2024 271 2057 set.
318 2020 396 2059 Sed
420 2032 641 2068 quamquam
673 2025 877 2060 sententiae
903 2026 1143 2062 similitudine
1173 2028 1353 2074 efficitur,
1391 2034 1430 2067 ut
1458 2030 1562 2067 haud
1587 2032 1642 2071 in-

201 2076 396 2113 commode
415 2076 510 2117 haec
530 2078 754 2125 Fragmenta
781 2080 942 2117 conflata
972 2081 1092 2118 videri
1111 2085 1278 2130 possint,
1305 2089 1430 2122 tamen
1451 2085 1641 2125 Can-ionis

201 2133 452 2169 coniecturam
472 2133 605 2177 salsam
623 2145 710 2171 esse
728 2137 947 2182 planissime
968 2143 1125 2184 apparet
1144 2151 1192 2176 ex
1215 2140 1350 2178 Servio
1365 2171 1375 2187 ,
1404 2143 1468 2190 qui
1489 2143 1640 2180 disertis

200 2189 327 2225 verbis
357 2193 484 2225 monet
509 2188 621 2226 huius
638 2190 850 2239 Fragmenti
871 2195 988 2230 verba
1010 2194 1058 2230 de
1077 2195 1260 2233 Celtiber-12³
1287 2209 1374 2234 esse
1399 2199 1519 2244 dicta,
1550 2202 1641 2237 alte-

201 2255 280 2281 rum
311 2243 361 2280 ad
379 2243 540 2282 Parthos
557 2244 756 2294 Medosque
782 2254 964 2297 spectare.
1017 2249 1082 2287 Bis
1108 2252 1221 2299 igitur
1246 2253 1386 2292 erravit
1406 2255 1639 2304 Gerlaehius,

200 2300 263 2347 qui
290 2303 483 2347 utrumque
511 2302 633 2338 locum
666 2314 715 2339 ex
736 2304 923 2343 Carrionis
951 2308 1133 2345 sententia
1170 2309 1207 2345 in
1236 2322 1348 2347 unum
1374 2312 1523 2359 Fragm.
1553 2325 1640 2351 con—

199 2357 361 2393 iunctum
382 2356 467 2392 Vol.
484 2357 543 2393 111.
572 2369 611 2404 p.
631 2362 712 2398 132.
737 2361 788 2398 ad
810 2363 998 2410 Hispanos
1017 2368 1156 2400 tantum
1178 2366 1309 2411 refert,
1346 2369 1383 2404 in
1412 2367 1473 2404 ed.
1493 2370 1638 2407 minore

198 2416 323 2448 autem
347 2411 507 2449 eundem
534 2412 582 2449 de
605 2415 696 2451 solis
722 2416 838 2454 Asiae
858 2419 1009 2466 populis
1031 2420 1184 2468 intelligi
1208 2423 1337 2459 voluit.
1385 2423 1479 2461 Rem
1508 2435 1531 2460 a
1558 2425 1640 2462 Sal-

198 2469 308 2505 lustio
328 2467 498 2504 traditam
524 2470 677 2523 egregie
698 2472 855 2516 illustrat
876 2475 1006 2512 Valet.
1026 2476 1124 2513 Max.
1145 2477 1187 2522 Π,
1208 2482 1243 2522 6,
1263 2484 1321 2518 11.
1347 2479 1513 2516 Celtiberi
1530 2483 1639 2519 etiam

197 2523 307 2571 ncfizs
323 2534 404 2561 esse
422 2524 602 2561 ducebant
618 2528 990 2578 proeliosuperesse,
1017 2543 1128 2579 quum
1155 2532 1187 2570 ἰδ’
1206 2536 1411 2580 occidisset,
1435 2548 1511 2584 pro
1534 2540 1638 2575 cuiuis

197 2580 314 2618 saluae
335 2581 504 2627 spir-imm
528 2581 765 2633 devoverant,
791 2597 887 2633 quae
907 2589 1026 2624 verba
1054 2589 1104 2624 ita
1133 2600 1218 2626 cum
1246 2594 1385 2629 nostris
1413 2599 1634 2640 congruunt,

197 2638 238 2671 ut
253 2635 319 2685 vix
339 2635 497 2673 dubitari
517 2638 650 2684 possit,
667 2640 754 2686 quin
778 2641 865 2678 inde
885 2646 1067 2691 expressa
1087 2646 1171 2681 sint.
1203 2647 1265 2683 Ad
1283 2648 1445 2685 eundem
1468 2649 1632 2686 Sallustii

197 2691 319 2727 locum
347 2693 512 2738 respexit
535 2693 644 2729 etiam
657 2695 883 2735 ,Plutarchus
902 2700 939 2736 in
960 2700 1124 2741 Sertorio
1149 2713 1182 2737 c.
1201 2707 1257 2747 14,
1275 2715 1314 2750 p.
1336 2705 1435 2740 med.
1457 2698 1635 2750 Ἒθους

200 2737 239 2781 δ’
262 2738 668 2799 ὅντοςἸβηρικοῦ
685 2743 800 2797 τοὺς
818 2751 928 2804 περὶ
953 2747 1040 2794 τὸν
1062 2750 1275 2807 ἄρχοντα
1303 2758 1634 2810 τεταγμένους
