1774 3002
454 170 783 210 ms'romAmm
810 167 1121 208 FRAGMENTA.
1179 168 1267 204 [ΑΒ.
1298 166 1360 204 1v.
1543 158 1627 204 ³4⁷

190 298 261 346 cui
296 298 636 358 cognomentum
666 293 878 342 Clodiano
903 293 1004 348 fuit,
1025 290 1317 352 perincertum
1345 290 1545 336 stolidior
1573 305 1630 336 an

188 381 364 436 vanior,
388 379 535 437 legem
564 379 619 424 de
649 378 856 439 pecunia,
890 390 1020 438 quam
1042 375 1167 421 Sulla
1185 374 1455 436 emptoribus
1482 375 1628 421 bono-

189 479 286 511 rum
319 462 567 517 remiserat,
601 461 820 523 exigenda
856 457 1167 521 promulgavit.

324 549 392 592 51.
449 547 595 607 Atque
626 544 761 590 hiavit
784 544 943 590 humus
971 543 1128 598 multa,
1157 544 1285 588 vasta
1320 545 1362 588 et
1394 541 1626 602 profunda.

291 691 294 693 ‚
324 632 392 677 52.
447 628 698 679 Exercitum
733 627 916 685 dimisit,
947 630 995 673 ut
1019 627 1204 688 primum
1230 625 1358 687 Alpis
1396 625 1629 688 digressus

189 715 270 760 αεὶ.
314 722 320 726 ’

192 850 421 899 reipublicae
447 853 557 897 atque
577 849 712 885 aerarii
733 848 897 894 domino,
914 848 1167 895 compluribus
1189 847 1348 885 remissa
1364 851 1479 892 esset,
1498 848 1630 885 Lentu-

191 909 263 952 lus,
288 918 363 955 quo
389 911 623 944 succurreret
642 906 789 942 aerario
813 909 899 942 tunc
919 904 1124 951 exhausto,
1151 906 1274 953 legem
1293 905 1393 941 illam
1412 906 1629 952 promulga-

191 965 260 1007 vit,
289 974 399 1012 quam
427 974 540 1010 quum
569 974 727 999 necesse
758 966 861 999 esset
878 973 1055 1009 magnam
1087 961 1268 998 invidiam
1296 961 1457 1006 habere,
1486 962 1631 1008 perlata

191 1025 266 1058 non
285 1024 356 1057 est.

236 1100 238 1102 v
288 1068 364 1113 Fr.
384 1081 443 1116 51.
483 1076 599 1122 [Cort.
621 1087 660 1123 p.
680 1076 765 1113 991.
802 1074 903 1111 Gert.
929 1074 989 1111 ed.
1011 1075 1100 1111 mai.
1122 1075 1187 1119 IV,
1208 1077 1269 1113 33.
1291 1073 1352 1110 ed.
1374 1075 1464 1110 min.
1485 1073 1550 1118 IV,
1568 1078 1629 1114 85.

189 1146 228 1182 Ρ.
245 1136 329 1179 1⁴10,
347 1137 406 1172 Ἄ).
426 1133 539 1170 Debr.
558 1133 602 1178 11,
620 1135 680 1171 68.
699 1131 760 1175 III,
781 1132 879 1176 161.]
938 1132 1088 1176 Verbis,
1110 1142 1205 1179 quae
1225 1132 1399 1178 leguntur
1419 1130 1523 1178 apud
1532 1131 1628 1168 Non.

190 1191 255 1236 IV,
274 1193 357 1229 228.
377 1201 417 1237 p.
435 1193 517 1234 318,
537 1192 598 1228 27.
616 1190 788 1233 Meroen,
808 1192 929 1226 terrae
949 1192 1088 1225 motum
1105 1188 1307 1236 significari
1328 1199 1441 1235 quum
1462 1192 1629 1235 apertum

191 1248 250 1292 sit,
274 1258 360 1283 eum
380 1245 661 1293 intelligendum
685 1245 865 1289 coniicio,
893 1257 967 1292 quo
987 1246 1106 1282 Roma
1126 1256 1161 1280 a.
1183 1248 1241 1285 71.
1264 1246 1327 1282 vel
1347 1247 1405 1283 70.
1426 1256 1460 1281 a.
1483 1243 1568 1283 Chr.
1591 1256 1628 1281 n.

190 1315 377 1340 concussa
397 1308 467 1346 est,
487 1307 582 1339 teste
604 1302 810 1348 Phlegonte
832 1302 933 1348 apud
953 1302 1059 1338 Phot.
1080 1301 1167 1337 cod.
1187 1303 1247 1340 97.
1266 1313 1303 1348 p.
1312 1305 1370 1345 84,
1393 1312 1426 1337 a.
1452 1294 1629 1338 Λεύκολ-

191 1359 257 1405 λος
277 1351 339 1397 δὲ’
332 1350 489 1422 Αμισόν
506 1350 736 1419 ἐπολιόρκει,
756 1353 825 1394 καὶ
845 1351 1075 1420 Μουρήναν
1095 1353 1158 1394 ἐπὶ
1176 1357 1249 1422 τῆς
1261 1354 1491 1407 πολιορκίας
1509 1370 1628 1395 κατα-

191 1407 316 1453 λιπὼν
346 1406 451 1478 μετὰ
457 1412 573 1452 δυοῖν
593 1406 808 1464 ταγμάτοιν
828 1404 954 1459 αυτὸς
965 1405 1060 1462 μετὰ
1076 1413 1205 1476 τριῶν
1222 1407 1354 1450 αλλων
1371 1413 1546 1464 προῆγεν
1566 1410 1629 1452 ἐπὶ

192 1469 408 1535 Καβείρων,
428 1463 529 1509 ὅπου
547 1468 767 1520 διεχείμαζε.
805 1466 885 1506 Καὶ
908 1461 1118 1520 Ἀδριανὸν
1136 1466 1291 1517 ἐπέταξε
1306 1470 1523 1534 πολεμκῆσαι
1542 1472 1631 1508 Μι-

190 1521 378 1581 θριδάτῃ,
397 1523 467 1565 καὶ
479 1522 702 1591 πολεμήσας
718 1522 882 1575 ἐνίκησε.
923 1522 1019 1564 Καὶ
1037 1526 1248 1575 σεισμοῦ
1266 1518 1337 1564 ἐν’
1334 1522 1479 1594 Ρόμῃ
1495 1539 1630 1577 γενο-

191 1581 343 1649 μένου
381 1576 539 1622 πολλὰ
570 1577 757 1646 ταύτης
793 1578 1054 1620 συνέπεσε·
1093 1580 1162 1620 καὶ
1196 1577 1296 1620 αλλα
1318 1579 1362 1620 δὲ
1393 1583 1554 1621 πλεῖστα
1587 1579 1632 1621 ἐν

190 1634 314 1705 ταύτῃ
332 1636 555 1705 ξυνηνέχθη
571 1640 620 1693 τῇ
634 1629 880 1688 Ὀλυμπιαδι,
901 1635 969 1677 καὶ
977 1631 1174 1688 Ῥωμαίων
1198 1640 1254 1691 τῷ
1279 1637 1396 1693 τρίτῳ
1414 1631 1538 1689 αὖτῆς
1555 1636 1631 1678 ἔτει

191 1688 496 1747 ἆπετιμηθησαν
524 1689 711 1748 μυριάδες
731 1689 967 1745 ἐνενήκοντα
994 1693 1062 1733 και
1079 1694 1160 1745 μία.
1220 1697 1382 1734 Aliunde
1405 1697 1556 1744 quidem
1581 1697 1629 1734 de

191 1754 265 1792 hoc
282 1758 404 1791 terrae
423 1758 524 1791 motu
543 1766 618 1791 non
638 1757 804 1798 constat;
825 1752 895 1791 sed
915 1755 1090 1801 quoniam
1110 1758 1255 1801 tempus
1276 1755 1356 1791 eius
1378 1755 1464 1792 facti
1486 1765 1508 1790 a
1522 1754 1629 1791 Phle-

192 1814 306 1858 gente
329 1814 493 1848 notatum
508 1822 593 1848 cum
611 1811 660 1846 iis
679 1811 786 1846 annis
807 1811 990 1858 congruit,
1015 1822 1109 1858 quos
1126 1815 1254 1848 auctor
1266 1811 1359 1848 libro
1377 1814 1511 1858 quarto
1528 1822 1627 1847 com-

191 1868 325 1914 plexus
357 1872 436 1911 est,
470 1867 725 1913 interpretatio
756 1871 884 1903 nostra
918 1868 1178 1914 probabilitate
1208 1879 1284 1904 non
1304 1878 1434 1904 carere
1466 1866 1626 1903 videtur.

192 1923 440 1960 Grammatica
467 1925 667 1959 verborum
694 1923 788 1958 ratio
815 1922 911 1960 haec
935 1927 1013 1967 est,
1048 1928 1087 1959 ut
1106 1925 1332 1968 accusativi,
1365 1924 1499 1970 quibus
1517 1923 1629 1960 mavit

192 1979 466 2015 intransitivum
488 1978 674 2022 definitur,
695 1979 806 2025 plane
831 1978 1002 2016 adverbii
1022 1979 1135 2016 modo
1159 1981 1270 2027 positi
1292 1981 1386 2024 sint,
1414 1980 1462 2016 de
1482 1991 1555 2027 quo
1577 1981 1627 2016 ct.

193 2038 367 2071 annotata
393 2034 443 2070 ad
471 2035 551 2082 lug.
583 2047 615 2071 c.
635 2035 683 2079 V,
709 2037 748 2072 4.
774 2046 813 2081 p.
832 2036 911 2079 34.;
941 2037 1052 2072 multa
1082 2041 1204 2073 autem
1233 2037 1394 2083 pertinet
1425 2036 1475 2073 ad
1502 2037 1628 2073 hiatus

194 2091 445 2138 compluribus
468 2091 561 2127 locis
581 2092 713 2135 raetos,
736 2094 841 2128 vas-ta
866 2091 916 2129 ad
943 2103 1072 2130 eorum
1099 2093 1330 2131 latitudinem
1358 2095 1419 2131 vel
1438 2094 1628 2138 ambitum,

185 2147 382 2195 proftmda
407 2146 458 2184 ad
476 2147 718 2184 altitudinem.

305 2204 364 2239 Fr.
388 2207 444 2242 52.
464 2202 579 2248 [cort.
600 2215 639 2250 p.
658 2206 742 2242 991.
762 2203 860 2242 Gerl.
881 2205 940 2242 ed.
959 2205 1046 2242 mai.
1066 2206 1130 2251 IV,
1144 2210 1204 2245 25.
1221 2205 1282 2243 ed.
1301 2207 1394 2243 min.
1418 2207 1481 2253 IV,
1505 2210 1566 2246 28.
1585 2219 1623 2255 p.

191 2260 274 2303 22⁷,
293 2263 351 2298 25.
374 2259 485 2296 Debr.
505 2259 568 2303 IV,
587 2261 665 2304 80.]
721 2261 1003 2308 Fragmentum,
1031 2262 1132 2308 quod
1159 2267 1216 2300 est
1251 2263 1353 2310 apud
1370 2263 1486 2301 Arus.
1510 2276 1548 2300 v.
1569 2265 1624 2301 di-

189 2316 351 2364 qrednbr,
374 2327 412 2362 Ρ.
437 2319 521 2354 223.
541 2316 722 2362 Lindem„
740 2317 966 2355 Debrossius
984 2329 1183 2365 perperam
1201 2319 1252 2356 ad
1270 2320 1487 2368 Pompeium
1506 2323 1629 2358 retulit

192 2383 239 2408 ex
264 2372 445 2418 Hispania
469 2371 699 2410 redeuntem.
755 2374 791 2411 Is
811 2375 911 2411 enim
931 2375 1134 2412 exercitum
1154 2388 1228 2412 non
1250 2376 1401 2421 dimisit,
1422 2382 1461 2414 ut
1484 2389 1624 2424 cogno-

193 2429 307 2465 scitur
328 2439 378 2464 ex
390 2428 616 2465 Plutarcho
607 2440 645 2465 1n
663 2431 793 2477 Pomp.
814 2442 848 2467 c.
857 2435 917 2474 21,
939 2432 988 2467 in.
1033 2422 1077 2470 A
1085 2441 1238 2482 πηγεν
1260 2430 1336 2483 (sc.
1351 2425 1372 2470 ὃ
1395 2427 1624 2482 Πομπήϊος)

192 2481 262 2528 εἰς
275 2477 491 2522 Ἰταλίαν
510 2475 594 2521 τὸν
621 2477 830 2535 στρατὸν
848 2478 1062 2550 ἇκμάζοντι
1084 2488 1139 2540 τῷ
1160 2487 1332 2540 δουλικῷ
1350 2485 1507 2558 πολέμῳ
1525 2483 1625 2527 κατὰ

191 2533 313 2602 τύχην
339 2536 563 2604 φερόμενος.
609 2541 701 2578 Ibid.
720 2542 822 2579 med.
853 2534 923 2581 Ἐν
948 2527 1123 2597 τοσαύτῃ
1143 2541 1186 2582 δὲ
1203 2544 1296 2609 τιμῇ
1323 2542 1392 2583 καὶ
1412 2544 1626 2599 προςδοκία

191 2595 261 2633 τοῦ
285 2586 472 2659 ἇνδρὸς”
450 2607 553 2644 ομως
572 2591 666 2645 ἐνῆν
682 2609 740 2642 τις
756 2590 912 2646 ὑποψία
932 2596 999 2636 καὶ
1019 2583 1149 2645 δέος
1124 2613 1182 2644 ως
1198 2594 1254 2638 οὗ
1275 2598 1624 2669 προησομένου

191 2642 243 2688 τὸ
259 2660 549 2700 στρατευμα,
570 2650 907 2702 βαδιουμένου
927 2651 977 2692 δὲ
996 2650 1048 2693 δῖ
1066 2649 1232 2694 οπλων
1250 2670 1334 2694 και
1350 2655 1624 2720 μοναρχίας

190 2702 271 2743 ἐπὶ
296 2703 383 2756 τὴν
406 2701 572 2745 Συλλα
597 2707 867 2748 πολιτείαν.
888 2732 946 2739 -—
958 2703 1071 2749 Ἐπεὶ
1090 2709 1134 2749 δὲ
1152 2725 1219 2749 και
1237 2710 1384 2775 ταύτην
1405 2705 1534 2750 ἆνεῖλε
1552 2706 1625 2761 τὴν

189 2754 385 2801 ὑπόνοιαν
416 2756 439 2802 ὁ
455 2759 678 2814 Πομπήϊος
710 2759 960 2818 προειπὼν
998 2758 1216 2817 ἀφήσειν
1251 2761 1303 2807 τὸ
1344 2763 1624 2820 στράτευμα
