1774 3002
148 178 233 220 220
638 181 678 219 C.
705 181 935 219 SALLUSTI
958 182 1109 220 CRISPI

283 311 351 353 33.
407 305 626 352 Dardania
668 307 925 368 [secundum
962 305 1242 369 Sallustium]
1273 323 1300 353 a
1331 321 1449 370 rege·
1475 310 1593 356 Dar-

147 391 361 437 danorum
396 390 533 445 Mida,
570 390 643 451 qui
670 391 911 451 Phrygiam
944 392 1093 437 tenuit.

282 479 351 521 34.
414 475 526 520 Tota
555 476 701 520 autem
736 475 881 520 insula
922 475 1092 522 modica
1133 477 1176 521 et
1211 475 1453 523 cultoribus
1494 476 1594 523 ina-

147 558 215 604 nis
253 559 333 604 est.

147 697 287 744 gnitate
303 698 414 742 atque
431 694 553 742 gradu
568 706 655 731 esse
673 695 824 740 dictum,
842 695 930 732 inde
946 697 1188 743 consequitur
1211 696 1455 734 honorificam
1471 696 1596 734 Achil-

147 754 192 790 lis
218 753 443 789 mentionem
474 752 538 788 vix
567 752 640 788 alio
667 753 749 788 loco
772 752 855 788 fieri
879 754 1069 799 potuisse,
1092 764 1203 799 quam
1227 754 1522 801 qu0·Saltustius
1548 754 1596 791 de

146 811 288 847 Luculli
314 810 445 845 itinere
462 813 563 856 post
593 810 785 845 liberatam
809 808 988 857 Cyzicum
1018 810 1056 845 in
1082 810 1268 847 Troadem
1291 812 1597 856 lacto-narravit,

144 873 221 914 qua
242 867 443 903 occasione
468 870 765 902 consentaneum
787 870 843 903 est
872 866 1030 902 Achillis
1052 868 1270 903 memoriam
1291 869 1373 906 sive
1395 879 1418 905 a
1445 868 1598 907 Lucullo

148 926 229 972 ipso
244 925 423 960 recultam
435 924 564 968 fuisse,
578 924 660 959 sive
677 925 723 959 ab
739 927 890 959 auctore
912 924 1130 970 repetitam
1141 924 1190 960 cs.
1207 925 1396 961 Plutarch.
1419 926 1457 961 in
1469 925 1598 962 Lucul.

147 994 181 1018 c.
204 986 261 1020 12
288 982 339 1017 in.
365 973 624 1044 ΖΛούκουλλος
643 974 686 1016 δὲ
715 976 785 1024 εἰς
814 972 1023 1030 Τρωάδα
1046 976 1322 1030 καταχθεὶς
1341 974 1538 1031 ἐσκήνωσε
1556 976 1600 1019 ἕν
1675 1001 1677 1003 ·

147 1037 202 1088 τῷ
222 1035 314 1089 ἱερῷ
334 1035 404 1085 τῆς
420 1027 667 1086 Ἀφροδίτης.

259 1095 318 1132 Fr.
339 1097 400 1132 33
419 1093 535 1138 [Cort.
553 1105 590 1140 p.
615 1097 718 1132 1010.
748 1093 845 1129 Gerl.
871 1092 933 1130 ed.
954 1094 1042 1129 mai.
1064 1094 1141 1130 Inc.
1164 1095 1243 1132 172.
1263 1098 1299 1130 et
1318 1098 1401 1133 201.
1423 1094 1486 1131 ed.
1509 1095 1597 1131 min.

145 1152 214 1196 ΙΙΙ,
235 1154 294 1190 28.
318 1163 357 1198 p.
379 1152 469 1195 217,
485 1153 522 1189 6.
548 1150 660 1186 Debr.
682 1150 734 1194 II,
753 1154 832 1188 152.
850 1151 916 1195 ΙΙΙ,
949 1151 1047 1196 130.]
1070 1149 1181 1187 Serv.
1211 1150 1261 1187 ad
1291 1151 1398 1199 Virg.
1430 1150 1526 1187 Aen.
1555 1152 1598 1195 11,

144 1212 228 1248 325.
258 1208 360 1244 haec·
376 1208 457 1243 sine
479 1207 561 1243 libri
578 1210 666 1243 nota
682 1207 731 1242 ita
747 1207 896 1252 laudat,
917 1211 955 1242 ut
974 1207 1021 1242 de
1043 1208 1187 1255 integra
1204 1208 1324 1244 forma
1345 1215 1389 1244 ac
1416 1208 1600 1244 sententia

146 1267 346 1302 verborum
377 1264 691 1301 Sallustianorum
718 1275 792 1299 non
816 1265 928 1311 plane
950 1268 1108 1300 constet.
1137 1264 1285 1312 Virgilii
1314 1264 1413 1304 enim
1447 1275 1598 1301 versum

155 1323 261 1360 Venit
276 1332 420 1358 summa
441 1321 518 1357 dies
545 1325 580 1357 et
599 1321 826 1357 ineluctabile
847 1326 987 1368 tempus
1007 1321 1228 1358 Dardaniae
1249 1320 1298 1357 ita
1326 1321 1388 1357 ille
1413 1332 1603 1357 commen-

147 1383 263 1416 tatur:
290 1378 555 1425 ‚‚Dardaniae)
581 1377 739 1422 Troiae;
764 1381 827 1414 aut
858 1389 880 1414 a
904 1377 1101 1422 Dardano,
1128 1378 1229 1414 Iovis
1258 1381 1295 1414 et
1317 1377 1489 1429 Electrae
1509 1377 1599 1423 filio,

145 1441 208 1473 aut
243 1439 343 1472 certe
376 1434 586 1472 secundum
614 1434 833 1472 Sallustium
858 1447 882 1470 a
902 1445 988 1483 rege
1018 1434 1113 1471 etc.“
1144 1434 1247 1479 Quae
1275 1436 1415 1480 verba,
1446 1435 1478 1470 si
1510 1435 1600 1482 quid
1659 1480 1662 1483 Ι

146 1494 260 1530 video
275 1523 283 1538 ‚
311 1493 412 1529 hunc
430 1503 582 1528 sensum
605 1491 764 1528 habent:
782 1491 959 1528 Sallustio
977 1495 1128 1528 auctore
1146 1491 1357 1528 Dardaniae
1375 1491 1458 1528 sive
1480 1495 1600 1528 terrae

146 1551 228 1587 sive
250 1550 353 1587 urbis
375 1560 534 1594 nomen,
561 1547 661 1595 quod
683 1552 794 1595 poeta
811 1560 879 1596 pro
904 1550 987 1596 ipsa
1002 1549 1115 1585 Troia
1136 1549 1354 1596 usurpavit,
1373 1559 1448 1584 non
1472 1549 1518 1585 ab
1537 1559 1601 1585 an—

146 1609 247 1654 tiquo
268 1607 392 1654 aliquo
421 1615 507 1654 reye
526 1605 702 1641 Dardano
727 1617 814 1641 esse
834 1607 1063 1652 profectum,
1087 1605 1156 1642 sed
1176 1605 1337 1659 Midam,
1367 1606 1429 1652 qui
1450 1604 1601 1642 Darda-

144 1666 201 1701 nis
220 1666 259 1700 in
283 1663 453 1711 Phrygia
475 1663 728 1709 imperitaret,
750 1662 985 1699 Dardaniam
1013 1655 1256 1706 condidisse,
1287 1672 1496 1710 nomenque
1518 1662 1553 1698 ei
1577 1673 1599 1698 a

139 1716 246 1770 yeme
260 1720 529 1758 Dardanorum
549 1718 749 1755 indidisse.
781 1719 976 1770 Utcunque
998 1723 1076 1765 est,
1098 1717 1298 1755 Sallustius
1319 1717 1417 1754 hanc
1438 1718 1485 1754 de
1509 1717 1598 1755 Dar·

142 1779 278 1816 daniae
300 1778 446 1825 origine
469 1776 691 1812 sententiam
722 1776 871 1812 nonnisi
899 1776 947 1813 ibi
968 1776 1094 1823 potuit
1106 1776 1297 1822 proferre,
1321 1775 1384 1811 ubi
1404 1775 1598 1811 lucullum

143 1837 180 1872 in
201 1834 348 1881 Troade
373 1836 564 1870 versatum
589 1843 675 1869 esse
700 1832 870 1868 tradidit.
901 1834 1023 1878 Quare
1046 1833 1169 1869 locum
1194 1832 1282 1869 huic
1295 1831 1324 1868 F
1326 1835 1521 1880 ragmento
1539 1842 1598 1868 as-

141 1894 328 1942 signatum
349 1892 441 1928 satis
468 1894 609 1926 certum
630 1893 818 1936 putamus.

254 1950 316 1985 Fr.
336 1951 395 1987 34.
437 1947 555 1993 [Cort.
572 1958 610 1993 p.
628 1949 731 1985 1003.
753 1946 852 1983 Gerl.
874 1945 935 1982 ed.
961 1946 1049 1981 mai.
1070 1945 1144 1982 Inc.
1165 1947 1224 1984 29.
1247 1944 1308 1982 ed.
1331 1945 1422 1981 min.
1445 1943 1512 1989 ΠΙ,
1536 1946 1595 1984 38.

139 2019 179 2054 p.
202 2007 293 2051 217,
323 2010 384 2044 22.
416 2005 527 2041 Debr.
556 2004 621 2048 III,
656 2005 736 2042 154.
768 2003 841 2048 IV,
872 2003 949 2048 30.]
972 2002 1099 2038 Verba
1125 2003 1291 2040 servavit
1311 2002 1418 2038 Mart.
1444 2000 1597 2049 Capella

141 2065 190 2100 V.
212 2075 249 2110 p.
276 2067 356 2101 111.
387 2060 637 2109 Intelligenda
662 2064 720 2096 est
744 2065 867 2097 autem
890 2059 991 2096 Neue
1019 2059 1141 2096 insula
1166 2070 1284 2107 prope
1309 2059 1506 2102 Lemnum,
1533 2058 1595 2094 ubi

141 2124 227 2168 post
252 2119 478 2155 Mithridatis
500 2119 626 2166 fugam
654 2129 676 2153 a
701 2116 838 2165 Cyzico
862 2117 999 2153 classis
1024 2116 1134 2164 regia
1155 2128 1178 2152 a
1199 2116 1351 2152 Lucullo
1380 2126 1428 2151 ex
1446 2114 1595 2151 Troade

143 2176 369 2214 adveniente
394 2176 494 2212 victa
509 2179 577 2219 est,
599 2174 699 2210 unde
724 2174 950 2220 intelligitur,
969 2184 1035 2208 cur
1055 2172 1128 2209 hoc
1149 2172 1298 2220 Fragm.
1322 2172 1468 2209 duobus
1485 2182 1595 2218 supe-

142 2233 302 2270 rioribus
329 2231 603 2269 subiiciendum
633 2231 753 2267 suerit.
785 2232 832 2267 cs.
857 2229 1018 2276 Appian.
1041 2229 1166 2265 Mithr.
1188 2241 1222 2265 c.
1251 2230 1311 2267 77
1339 2220 1596 2273 Λουκουλλος

142 2285 186 2327 δὲ
217 2284 307 2353 περι
342 2280 411 2325 τὸν
439 2280 610 2350 Ἀχαιῶν
636 2283 774 2335 λιμένα
802 2282 1052 2350 τριςκαίδεκα
1078 2284 1176 2330 ναῦς
1196 2278 1270 2322 εἷλε
1287 2296 1367 2323 των
1384 2281 1593 2333 πολεμίων.

144 2337 325 2396 oninium
345 2341 461 2394 (corr.
491 2337 697 2407 Μάριον)
700 2339 755 2380 δὲ
771 2355 839 2380 και
865 2334 1123 2405 Ἀλέξανδρον
1147 2338 1216 2379 καὶ
1246 2334 1463 2379 Διονύσιον
1482 2336 1594 2404 περὶ

140 2402 354 2452 Λῆμνον
382 2395 477 2438 ἕν’
458 2393 613 2451 ερήμῃ
638 2411 695 2447 νη
709 2408 775 2436 σω
796 2390 1091 2462 καταλαβών
1113 2419 1168 2425 —
1194 2394 1348 2436 ἐπέπλει
1368 2392 1441 2447 μὲν
1459 2387 1594 2461 αὐτοῖς

142 2456 270 2523 ῥοθίῳ
291 2469 331 2496 τε
353 2456 487 2522 πολλῷ
513 2452 580 2493 καὶ
600 2448 696 2504 μετὰ
717 2437 1059 2506 καταφρονήσεως.
1078 2475 1136 2484 ——
1159 2451 1238 2493 Καὶ
1257 2447 1383 2503 φόνος
1397 2445 1522 2499 natvs·
1539 2440 1592 2502 ἦν

142 2506 275 2553 αὐτῶν
293 2511 360 2552 καὶ
371 2507 492 2564 φυγή·
513 2525 549 2550 κ.
565 2525 599 2549 τ.
621 2513 654 2549 λ.
671 2513 838 2549 Eandem
862 2524 938 2550 rem
958 2512 1262 2549 traditPlutarch.
1282 2513 1317 2548 in
1328 2511 1457 2548 Lucul.
1469 2522 1503 2546 c.
1519 2513 1588 2553 12,

141 2573 204 2610 ubi
228 2585 266 2609 v.
292 2572 472 2609 Sintenis.
493 2571 578 2607 Vol.
601 2570 651 2615 ΙΙ,
672 2582 713 2618 p.
738 2572 820 2608 452.
871 2569 1090 2606 Gerlachius
1107 2570 1194 2604 Vol.
1218 2569 1284 2614 ΙΙΙ,
1307 2579 1343 2616 p.
1370 2571 1448 2606 125.
1471 2566 1586 2614 Frag-

143 2634 306 2666 mentum
339 2632 436 2665 recte
461 2627 661 2672 intellexit;
697 2626 766 2664 sed
794 2626 894 2673 quod
928 2625 1033 2662 addit
1065 2637 1140 2671 „ex
1160 2625 1321 2672 Appiani
1342 2625 1366 2660 l.
1390 2624 1415 2658 l.
1435 2623 1589 2659 manife-

143 2690 238 2723 stum
269 2683 324 2730 (Ἰ)
357 2685 415 2729 fit,
447 2684 664 2722 Sallustium
685 2681 739 2728 (ἲ)
761 2683 807 2719 de
838 2683 950 2719 huius
981 2683 1125 2720 insulae
1155 2680 1430 2728 antiquitatibus
1451 2677 1506 2724 (ζ’)
1527 2690 1587 2715 ac-

142 2742 307 2780 curatius
318 2740 374 2787 (?)
393 2741 659 2788 exposuisse“‚
681 2740 720 2776 id
738 2739 842 2776 haud
862 2750 935 2775 uno
958 2740 1107 2776 nomine
1129 2740 1310 2775 incertum
1329 2739 1398 2780 est,
1421 2740 1456 2772 et
1471 2735 1585 2772 fidem

140 2799 244 2837 haud
264 2799 463 2847 vulgarem
482 2798 660 2846 postulat.
