<?xml version="1.0" encoding="UTF-8"?>
<!DOCTYPE html PUBLIC "-//W3C//DTD XHTML 1.0 Transitional//EN"
    "http://www.w3.org/TR/xhtml1/DTD/xhtml1-transitional.dtd">
<html xmlns="http://www.w3.org/1999/xhtml" xml:lang="en" lang="en">
 <head>
  <title>
</title>
<meta http-equiv="Content-Type" content="text/html;charset=utf-8" />
  <meta name='ocr-system' content='tesseract 3.04.00' />
  <meta name='ocr-capabilities' content='ocr_page ocr_carea ocr_par ocr_line ocrx_word'/>
</head>
<body>
  <div class='ocr_page' id='page_1' title='image "./operaquaesupersu03salluoft_0147.png"; bbox 0 0 1774 3002; ppageno 0'>
   <div class='ocr_carea' id='block_1_1' title="bbox 0 0 205 213">
    <p class='ocr_par' dir='ltr' id='par_1_1' title="bbox 0 0 205 213">
     <span class='ocr_line' id='line_1_1' title="bbox 0 0 205 213; baseline 0 2789"><span class='ocrx_word' id='word_1_1' title='bbox 0 0 205 213; x_wconf 95' lang='lat' dir='ltr'><strong> </strong></span> 
     </span>
    </p>
   </div>
   <div class='ocr_carea' id='block_1_2' title="bbox 473 149 1631 194">
    <p class='ocr_par' dir='ltr' id='par_1_2' title="bbox 473 149 1631 194">
     <span class='ocr_line' id='line_1_2' title="bbox 473 149 1631 194; baseline 0.002 -2"><span class='ocrx_word' id='word_1_2' title='bbox 473 152 802 193; x_wconf 74' lang='lat' dir='ltr'>HISTORIARUM</span> <span class='ocrx_word' id='word_1_3' title='bbox 828 153 1142 193; x_wconf 73' lang='lat' dir='ltr'>FRAGMENTA.</span> <span class='ocrx_word' id='word_1_4' title='bbox 1199 154 1289 192; x_wconf 90' lang='lat' dir='ltr'><strong>LIB.</strong></span> <span class='ocrx_word' id='word_1_5' title='bbox 1322 154 1350 190; x_wconf 91' lang='lat'><strong>1.</strong></span> <span class='ocrx_word' id='word_1_6' title='bbox 1574 149 1631 194; x_wconf 66' lang='lat' dir='ltr'>W</span> 
     </span>
    </p>
   </div>
   <div class='ocr_carea' id='block_1_3' title="bbox 190 248 1634 505">
    <p class='ocr_par' dir='ltr' id='par_1_3' title="bbox 190 248 1634 505">
     <span class='ocr_line' id='line_1_3' title="bbox 190 248 1634 340; baseline -0.001 -16"><span class='ocrx_word' id='word_1_7' title='bbox 190 281 355 339; x_wconf 74' lang='lat' dir='ltr'><strong>samue,</strong></span> <span class='ocrx_word' id='word_1_8' title='bbox 393 293 531 340; x_wconf 89' lang='lat' dir='ltr'><strong>quum</strong></span> <span class='ocrx_word' id='word_1_9' title='bbox 547 318 549 320; x_wconf 89' lang='lat'><strong>.</strong></span> <span class='ocrx_word' id='word_1_10' title='bbox 563 279 622 324; x_wconf 83' lang='lat' dir='ltr'><strong>e&#39;x</strong></span> <span class='ocrx_word' id='word_1_11' title='bbox 655 280 750 324; x_wconf 63' lang='lat' dir='ltr'><strong>s&#39;uo:</strong></span> <span class='ocrx_word' id='word_1_12' title='bbox 776 277 969 340; x_wconf 62' lang='lat' dir='ltr'><strong>‘quisque</strong></span> <span class='ocrx_word' id='word_1_13' title='bbox 1001 279 1172 324; x_wconf 78' lang='lat' dir='ltr'><strong>terrore</strong></span> <span class='ocrx_word' id='word_1_14' title='bbox 1205 276 1524 338; x_wconf 72' lang='lat' dir='ltr'><strong>quinquaginta</strong></span> <span class='ocrx_word' id='word_1_15' title='bbox 1557 248 1634 323; x_wconf 83' lang='lat' dir='ltr'><strong>aut</strong></span> 
     </span>
     <span class='ocr_line' id='line_1_4' title="bbox 193 359 1634 421; baseline -0.001 -13"><span class='ocrx_word' id='word_1_16' title='bbox 193 361 382 421; x_wconf 85' lang='lat' dir='ltr'><strong>amplius</strong></span> <span class='ocrx_word' id='word_1_17' title='bbox 413 361 602 408; x_wconf 78' lang='lat' dir='ltr'><strong>hostium</strong></span> <span class='ocrx_word' id='word_1_18' title='bbox 640 361 797 417; x_wconf 90' lang='lat' dir='ltr'><strong>millia,</strong></span> <span class='ocrx_word' id='word_1_19' title='bbox 814 414 818 415; x_wconf 15' lang='lat'><em>⁷</em></span> <span class='ocrx_word' id='word_1_20' title='bbox 835 376 978 407; x_wconf 87' lang='lat' dir='ltr'><strong>novas</strong></span> <span class='ocrx_word' id='word_1_21' title='bbox 1020 359 1220 406; x_wconf 85' lang='lat' dir='ltr'><strong>immanis</strong></span> <span class='ocrx_word' id='word_1_22' title='bbox 1248 362 1445 420; x_wconf 72' lang='lat' dir='ltr'><strong>fornas,</strong></span> <span class='ocrx_word' id='word_1_23' title='bbox 1480 361 1634 406; x_wconf 82' lang='lat' dir='ltr'><strong>oceani</strong></span> 
     </span>
     <span class='ocr_line' id='line_1_5' title="bbox 193 442 1460 505; baseline -0.002 -14"><span class='ocrx_word' id='word_1_24' title='bbox 193 445 386 500; x_wconf 83' lang='lat' dir='ltr'><strong>accolas,</strong></span> <span class='ocrx_word' id='word_1_25' title='bbox 421 445 680 505; x_wconf 80' lang='lat' dir='ltr'><strong>corporibus</strong></span> <span class='ocrx_word' id='word_1_26' title='bbox 714 444 937 490; x_wconf 90' lang='lat' dir='ltr'><strong>hominum</strong></span> <span class='ocrx_word' id='word_1_27' title='bbox 975 442 1098 489; x_wconf 86' lang='lat' dir='ltr'><strong>vesci</strong></span> <span class='ocrx_word' id='word_1_28' title='bbox 1133 442 1460 489; x_wconf 82' lang='lat' dir='ltr'><strong>contenderent.</strong></span> 
     </span>
    </p>
   </div>
   <div class='ocr_carea' id='block_1_4' title="bbox 184 660 1635 2781">
    <p class='ocr_par' dir='ltr' id='par_1_4' title="bbox 184 660 1635 2781">
     <span class='ocr_line' id='line_1_6' title="bbox 193 660 1632 707; baseline -0.002 -8"><span class='ocrx_word' id='word_1_29' title='bbox 193 663 395 707; x_wconf 72' lang='lat' dir='ltr'><strong>lacunoeo,</strong></span> <span class='ocrx_word' id='word_1_30' title='bbox 439 661 510 699; x_wconf 90' lang='lat' dir='ltr'><strong>sed</strong></span> <span class='ocrx_word' id='word_1_31' title='bbox 541 662 724 698; x_wconf 88' lang='lat' dir='ltr'><strong>editorum</strong></span> <span class='ocrx_word' id='word_1_32' title='bbox 759 662 986 699; x_wconf 85' lang='lat' dir='ltr'><strong>coniecturis</strong></span> <span class='ocrx_word' id='word_1_33' title='bbox 1020 661 1216 698; x_wconf 78' lang='lat' dir='ltr'><strong>debentur.</strong></span> <span class='ocrx_word' id='word_1_34' title='bbox 1267 661 1429 697; x_wconf 81' lang='lat' dir='ltr'><strong>Primam</strong></span> <span class='ocrx_word' id='word_1_35' title='bbox 1461 660 1632 697; x_wconf 75' lang='lat' dir='ltr'><strong>lacunam</strong></span> 
     </span>
     <span class='ocr_line' id='line_1_7' title="bbox 192 715 1633 768; baseline -0.002 -14"><span class='ocrx_word' id='word_1_36' title='bbox 192 718 424 768; x_wconf 67' lang='lat' dir='ltr'><strong>(atrocesque</strong></span> <span class='ocrx_word' id='word_1_37' title='bbox 435 718 580 766; x_wconf 72' lang='lat' dir='ltr'><strong>famae)</strong></span> <span class='ocrx_word' id='word_1_38' title='bbox 601 719 723 754; x_wconf 87' lang='lat' dir='ltr'><strong>Maius</strong></span> <span class='ocrx_word' id='word_1_39' title='bbox 742 719 834 754; x_wconf 87' lang='lat' dir='ltr'><strong>scite</strong></span> <span class='ocrx_word' id='word_1_40' title='bbox 855 719 1022 766; x_wconf 86' lang='lat' dir='ltr'><strong>explevit</strong></span> <span class='ocrx_word' id='word_1_41' title='bbox 1040 719 1124 765; x_wconf 88' lang='lat' dir='ltr'><strong>ipso</strong></span> <span class='ocrx_word' id='word_1_42' title='bbox 1145 717 1389 765; x_wconf 85' lang='lat' dir='ltr'><strong>grammatico</strong></span> <span class='ocrx_word' id='word_1_43' title='bbox 1411 715 1528 759; x_wconf 81' lang='lat' dir='ltr'><strong>duee,</strong></span> <span class='ocrx_word' id='word_1_44' title='bbox 1549 717 1633 763; x_wconf 86' lang='lat' dir='ltr'><strong>qui:</strong></span> 
     </span>
     <span class='ocr_line' id='line_1_8' title="bbox 191 772 1635 822; baseline -0.001 -12"><span class='ocrx_word' id='word_1_45' title='bbox 191 774 394 820; x_wconf 55' lang='lat' dir='ltr'><strong>„Famam</strong></span> <span class='ocrx_word' id='word_1_46' title='bbox 422 775 557 822; x_wconf 89' lang='lat' dir='ltr'><strong>inquit,</strong></span> <span class='ocrx_word' id='word_1_47' title='bbox 589 775 771 822; x_wconf 82' lang='lat' dir='ltr'><strong>Virgilius</strong></span> <span class='ocrx_word' id='word_1_48' title='bbox 801 775 1063 822; x_wconf 80' lang='lat' dir='ltr'><strong>singulariter3</strong></span> <span class='ocrx_word' id='word_1_49' title='bbox 1110 778 1149 809; x_wconf 88' lang='lat' dir='ltr'><strong>at</strong></span> <span class='ocrx_word' id='word_1_50' title='bbox 1175 772 1376 810; x_wconf 78' lang='lat' dir='ltr'><strong>Sallustius</strong></span> <span class='ocrx_word' id='word_1_51' title='bbox 1402 772 1539 820; x_wconf 86' lang='lat' dir='ltr'><strong>plurali</strong></span> <span class='ocrx_word' id='word_1_52' title='bbox 1566 783 1635 808; x_wconf 87' lang='lat' dir='ltr'><strong>nu—</strong></span> 
     </span>
     <span class='ocr_line' id='line_1_9' title="bbox 192 827 1633 878; baseline -0.001 -12"><span class='ocrx_word' id='word_1_53' title='bbox 192 841 316 875; x_wconf 85' lang='lat' dir='ltr'><strong>mero,</strong></span> <span class='ocrx_word' id='word_1_54' title='bbox 329 834 379 878; x_wconf 56' lang='grc' dir='ltr'><strong>Ἴιιι</strong></span> <span class='ocrx_word' id='word_1_55' title='bbox 397 832 436 866; x_wconf 89' lang='lat' dir='ltr'><strong>in</strong></span> <span class='ocrx_word' id='word_1_56' title='bbox 454 832 576 878; x_wconf 86' lang='lat' dir='ltr'><strong>primo</strong></span> <span class='ocrx_word' id='word_1_57' title='bbox 594 830 855 867; x_wconf 79' lang='lat' dir='ltr'><strong>historiarum:</strong></span> <span class='ocrx_word' id='word_1_58' title='bbox 879 836 919 867; x_wconf 76' lang='lat' dir='ltr'><strong>at</strong></span> <span class='ocrx_word' id='word_1_59' title='bbox 932 841 1007 878; x_wconf 80' lang='lat' dir='ltr'><strong>per</strong></span> <span class='ocrx_word' id='word_1_60' title='bbox 1026 831 1127 866; x_wconf 89' lang='lat' dir='ltr'><strong>etc.“</strong></span> <span class='ocrx_word' id='word_1_61' title='bbox 1147 849 1199 855; x_wconf 92' lang='lat'>—</span> <span class='ocrx_word' id='word_1_62' title='bbox 1226 829 1407 874; x_wconf 77' lang='lat' dir='ltr'><strong>Formas,</strong></span> <span class='ocrx_word' id='word_1_63' title='bbox 1431 827 1534 874; x_wconf 81' lang='lat' dir='ltr'><strong>quod</strong></span> <span class='ocrx_word' id='word_1_64' title='bbox 1550 828 1633 875; x_wconf 74' lang='lat' dir='ltr'><strong>ipse</strong></span> 
     </span>
     <span class='ocr_line' id='line_1_10' title="bbox 194 885 1635 935; baseline -0.001 -13"><span class='ocrx_word' id='word_1_65' title='bbox 194 885 336 925; x_wconf 83' lang='lat' dir='ltr'><strong>dudum</strong></span> <span class='ocrx_word' id='word_1_66' title='bbox 348 888 609 931; x_wconf 79' lang='lat' dir='ltr'><strong>conieceram,</strong></span> <span class='ocrx_word' id='word_1_67' title='bbox 629 887 742 923; x_wconf 86' lang='lat' dir='ltr'><strong>etiam</strong></span> <span class='ocrx_word' id='word_1_68' title='bbox 756 887 899 923; x_wconf 88' lang='lat' dir='ltr'><strong>Keilius</strong></span> <span class='ocrx_word' id='word_1_69' title='bbox 920 886 1160 923; x_wconf 88' lang='lat' dir='ltr'><strong>scribendum</strong></span> <span class='ocrx_word' id='word_1_70' title='bbox 1181 886 1295 930; x_wconf 85' lang='lat' dir='ltr'><strong>vidit,</strong></span> <span class='ocrx_word' id='word_1_71' title='bbox 1321 894 1549 935; x_wconf 76' lang='lat' dir='ltr'><strong>quamquam</strong></span> <span class='ocrx_word' id='word_1_72' title='bbox 1567 885 1635 920; x_wconf 87' lang='lat' dir='ltr'><strong>ali-</strong></span> 
     </span>
     <span class='ocr_line' id='line_1_11' title="bbox 193 940 1634 990; baseline 0 -12"><span class='ocrx_word' id='word_1_73' title='bbox 193 946 249 978; x_wconf 85' lang='lat' dir='ltr'><strong>ter</strong></span> <span class='ocrx_word' id='word_1_74' title='bbox 277 944 389 989; x_wconf 58' lang='lat' dir='ltr'><strong>attiue</strong></span> <span class='ocrx_word' id='word_1_75' title='bbox 415 954 488 990; x_wconf 82' lang='lat' dir='ltr'><strong>ego</strong></span> <span class='ocrx_word' id='word_1_76' title='bbox 517 944 640 979; x_wconf 89' lang='lat' dir='ltr'><strong>locum</strong></span> <span class='ocrx_word' id='word_1_77' title='bbox 675 944 919 979; x_wconf 86' lang='lat' dir='ltr'><strong>constituens.</strong></span> <span class='ocrx_word' id='word_1_78' title='bbox 964 941 1197 990; x_wconf 78' lang='lat' dir='ltr'><strong>Intelligendi</strong></span> <span class='ocrx_word' id='word_1_79' title='bbox 1225 946 1312 978; x_wconf 89' lang='lat' dir='ltr'><strong>sunt</strong></span> <span class='ocrx_word' id='word_1_80' title='bbox 1341 940 1506 978; x_wconf 66' lang='lat' dir='ltr'><strong>homes</strong></span> <span class='ocrx_word' id='word_1_81' title='bbox 1537 941 1634 978; x_wconf 70' lang='grc' dir='ltr'><strong>ποσὰ</strong></span> 
     </span>
     <span class='ocr_line' id='line_1_12' title="bbox 192 996 1634 1046; baseline -0.001 -13"><span class='ocrx_word' id='word_1_82' title='bbox 192 998 238 1042; x_wconf 83' lang='lat' dir='ltr'><strong>(i.</strong></span> <span class='ocrx_word' id='word_1_83' title='bbox 258 1010 294 1034; x_wconf 86' lang='lat' dir='ltr'><strong>e.</strong></span> <span class='ocrx_word' id='word_1_84' title='bbox 314 999 486 1043; x_wconf 68' lang='lat' dir='ltr'><strong>insolita,</strong></span> <span class='ocrx_word' id='word_1_85' title='bbox 519 1011 564 1043; x_wconf 65' lang='lat' dir='ltr'><strong>v.</strong></span> <span class='ocrx_word' id='word_1_86' title='bbox 579 998 634 1034; x_wconf 80' lang='lat' dir='ltr'><strong>ad</strong></span> <span class='ocrx_word' id='word_1_87' title='bbox 649 998 755 1035; x_wconf 84' lang='lat' dir='ltr'><strong>Catil.</strong></span> <span class='ocrx_word' id='word_1_88' title='bbox 775 1011 809 1035; x_wconf 84' lang='lat' dir='ltr'><strong>e.</strong></span> <span class='ocrx_word' id='word_1_89' title='bbox 830 999 886 1044; x_wconf 90' lang='lat' dir='ltr'><strong>Ll,</strong></span> <span class='ocrx_word' id='word_1_90' title='bbox 905 1002 943 1037; x_wconf 88' lang='grc'><strong>8.</strong></span> <span class='ocrx_word' id='word_1_91' title='bbox 962 1009 1001 1046; x_wconf 87' lang='lat' dir='ltr'><strong>p.</strong></span> <span class='ocrx_word' id='word_1_92' title='bbox 1021 999 1126 1042; x_wconf 77' lang='lat'><strong>240.)</strong></span> <span class='ocrx_word' id='word_1_93' title='bbox 1149 1002 1186 1034; x_wconf 80' lang='lat' dir='ltr'><strong>et</strong></span> <span class='ocrx_word' id='word_1_94' title='bbox 1208 998 1361 1034; x_wconf 69' lang='grc' dir='ltr'>ῡηηιακι·</span> <span class='ocrx_word' id='word_1_95' title='bbox 1372 996 1523 1044; x_wconf 68' lang='lat' dir='ltr'><strong>for-nd,</strong></span> <span class='ocrx_word' id='word_1_96' title='bbox 1549 996 1575 1034; x_wconf 90' lang='lat' dir='ltr'><strong>i.</strong></span> <span class='ocrx_word' id='word_1_97' title='bbox 1596 1007 1634 1032; x_wconf 85' lang='lat' dir='ltr'><strong>e.</strong></span> 
     </span>
     <span class='ocr_line' id='line_1_13' title="bbox 191 1051 1634 1101; baseline -0.002 -10"><span class='ocrx_word' id='word_1_98' title='bbox 191 1053 332 1099; x_wconf 71' lang='lat' dir='ltr'><strong>Mauri,</strong></span> <span class='ocrx_word' id='word_1_99' title='bbox 365 1059 405 1090; x_wconf 91' lang='lat' dir='ltr'><strong>ut</strong></span> <span class='ocrx_word' id='word_1_100' title='bbox 422 1066 539 1101; x_wconf 84' lang='lat' dir='ltr'><strong>supra</strong></span> <span class='ocrx_word' id='word_1_101' title='bbox 557 1054 912 1091; x_wconf 87' lang='lat' dir='ltr'><strong>demonstravimus.</strong></span> <span class='ocrx_word' id='word_1_102' title='bbox 962 1053 1184 1091; x_wconf 82' lang='lat' dir='ltr'><strong>Gerlachius</strong></span> <span class='ocrx_word' id='word_1_103' title='bbox 1205 1054 1245 1089; x_wconf 82' lang='lat' dir='ltr'><strong>in</strong></span> <span class='ocrx_word' id='word_1_104' title='bbox 1266 1058 1423 1100; x_wconf 84' lang='lat' dir='ltr'><strong>utraque</strong></span> <span class='ocrx_word' id='word_1_105' title='bbox 1442 1051 1505 1088; x_wconf 87' lang='lat' dir='ltr'><strong>ed.</strong></span> <span class='ocrx_word' id='word_1_106' title='bbox 1528 1062 1634 1089; x_wconf 82' lang='lat' dir='ltr'><strong>rece—</strong></span> 
     </span>
     <span class='ocr_line' id='line_1_14' title="bbox 191 1109 1632 1158; baseline -0.001 -12"><span class='ocrx_word' id='word_1_107' title='bbox 191 1111 247 1156; x_wconf 90' lang='lat' dir='ltr'><strong>pit</strong></span> <span class='ocrx_word' id='word_1_108' title='bbox 265 1109 393 1147; x_wconf 89' lang='lat' dir='ltr'><strong>Orellii</strong></span> <span class='ocrx_word' id='word_1_109' title='bbox 419 1111 672 1147; x_wconf 85' lang='lat' dir='ltr'><strong>coniecturam</strong></span> <span class='ocrx_word' id='word_1_110' title='bbox 694 1110 822 1158; x_wconf 71' lang='lat' dir='ltr'><strong>feras,</strong></span> <span class='ocrx_word' id='word_1_111' title='bbox 852 1121 926 1158; x_wconf 90' lang='lat' dir='ltr'><strong>qua</strong></span> <span class='ocrx_word' id='word_1_112' title='bbox 946 1109 1038 1146; x_wconf 89' lang='lat' dir='ltr'><strong>nihil</strong></span> <span class='ocrx_word' id='word_1_113' title='bbox 1057 1114 1116 1146; x_wconf 91' lang='lat' dir='ltr'><strong>est</strong></span> <span class='ocrx_word' id='word_1_114' title='bbox 1144 1110 1318 1146; x_wconf 87' lang='lat' dir='ltr'><strong>alienius.</strong></span> <span class='ocrx_word' id='word_1_115' title='bbox 1367 1109 1493 1146; x_wconf 76' lang='lat' dir='ltr'><strong>Ferae</strong></span> <span class='ocrx_word' id='word_1_116' title='bbox 1519 1109 1632 1152; x_wconf 87' lang='lat' dir='ltr'><strong>enim,</strong></span> 
     </span>
     <span class='ocr_line' id='line_1_15' title="bbox 187 1165 1631 1213; baseline -0.002 -10"><span class='ocrx_word' id='word_1_117' title='bbox 187 1170 288 1213; x_wconf 69' lang='lat' dir='ltr'><strong>qnae</strong></span> <span class='ocrx_word' id='word_1_118' title='bbox 309 1166 409 1203; x_wconf 82' lang='lat' dir='ltr'><strong>nude</strong></span> <span class='ocrx_word' id='word_1_119' title='bbox 429 1167 551 1203; x_wconf 87' lang='lat' dir='ltr'><strong>dictae</strong></span> <span class='ocrx_word' id='word_1_120' title='bbox 571 1166 662 1203; x_wconf 86' lang='lat' dir='ltr'><strong>nibil</strong></span> <span class='ocrx_word' id='word_1_121' title='bbox 686 1167 789 1203; x_wconf 89' lang='lat' dir='ltr'><strong>aliud</strong></span> <span class='ocrx_word' id='word_1_122' title='bbox 809 1171 896 1203; x_wconf 88' lang='lat' dir='ltr'><strong>sunt</strong></span> <span class='ocrx_word' id='word_1_123' title='bbox 915 1177 1029 1213; x_wconf 89' lang='lat' dir='ltr'><strong>quam</strong></span> <span class='ocrx_word' id='word_1_124' title='bbox 1052 1167 1155 1202; x_wconf 80' lang='lat' dir='ltr'><strong>l‘erae</strong></span> <span class='ocrx_word' id='word_1_125' title='bbox 1177 1166 1333 1210; x_wconf 63' lang='lat' dir='ltr'><strong>besuae,</strong></span> <span class='ocrx_word' id='word_1_126' title='bbox 1361 1166 1466 1202; x_wconf 87' lang='lat' dir='ltr'><strong>velut</strong></span> <span class='ocrx_word' id='word_1_127' title='bbox 1486 1165 1631 1208; x_wconf 85' lang='lat' dir='ltr'><strong>leones,</strong></span> 
     </span>
     <span class='ocr_line' id='line_1_16' title="bbox 192 1219 1633 1270; baseline -0.001 -12"><span class='ocrx_word' id='word_1_128' title='bbox 192 1221 371 1269; x_wconf 73' lang='lat' dir='ltr'><strong>tigrides,</strong></span> <span class='ocrx_word' id='word_1_129' title='bbox 414 1223 543 1270; x_wconf 89' lang='lat' dir='ltr'><strong>pardi,</strong></span> <span class='ocrx_word' id='word_1_130' title='bbox 586 1222 679 1270; x_wconf 86' lang='lat' dir='ltr'><strong>quid</strong></span> <span class='ocrx_word' id='word_1_131' title='bbox 705 1223 743 1258; x_wconf 91' lang='lat' dir='ltr'><strong>in</strong></span> <span class='ocrx_word' id='word_1_132' title='bbox 771 1223 927 1260; x_wconf 87' lang='lat' dir='ltr'><strong>Sertorii</strong></span> <span class='ocrx_word' id='word_1_133' title='bbox 952 1220 1148 1259; x_wconf 77' lang='lat' dir='ltr'><strong>exercitu?</strong></span> <span class='ocrx_word' id='word_1_134' title='bbox 1198 1222 1275 1258; x_wconf 86' lang='lat' dir='ltr'><strong>Aut</strong></span> <span class='ocrx_word' id='word_1_135' title='bbox 1299 1220 1392 1268; x_wconf 88' lang='lat' dir='ltr'><strong>quid</strong></span> <span class='ocrx_word' id='word_1_136' title='bbox 1419 1225 1496 1264; x_wconf 89' lang='lat' dir='ltr'><strong>est,</strong></span> <span class='ocrx_word' id='word_1_137' title='bbox 1529 1219 1633 1267; x_wconf 86' lang='lat' dir='ltr'><strong>quod</strong></span> 
     </span>
     <span class='ocr_line' id='line_1_17' title="bbox 188 1275 1633 1326; baseline -0.001 -12"><span class='ocrx_word' id='word_1_138' title='bbox 188 1280 321 1315; x_wconf 65' lang='lat' dir='ltr'><strong>ocean*</strong></span> <span class='ocrx_word' id='word_1_139' title='bbox 343 1281 501 1325; x_wconf 73' lang='lat' dir='ltr'><strong>accitae,</strong></span> <span class='ocrx_word' id='word_1_140' title='bbox 533 1284 597 1315; x_wconf 88' lang='lat' dir='ltr'><strong>aut</strong></span> <span class='ocrx_word' id='word_1_141' title='bbox 622 1279 838 1326; x_wconf 72' lang='lat' dir='ltr'><strong>corporibus</strong></span> <span class='ocrx_word' id='word_1_142' title='bbox 863 1279 1047 1316; x_wconf 70' lang='grc' dir='ltr'>Ιιοηιίηιιηι</span> <span class='ocrx_word' id='word_1_143' title='bbox 1073 1279 1172 1314; x_wconf 74' lang='lat' dir='ltr'><strong>vesci</strong></span> <span class='ocrx_word' id='word_1_144' title='bbox 1195 1275 1396 1314; x_wconf 78' lang='lat' dir='ltr'><strong>dicuntur?</strong></span> <span class='ocrx_word' id='word_1_145' title='bbox 1435 1276 1538 1313; x_wconf 84' lang='lat' dir='ltr'><strong>Nihil</strong></span> <span class='ocrx_word' id='word_1_146' title='bbox 1563 1276 1633 1313; x_wconf 86' lang='lat' dir='ltr'><strong>ho-</strong></span> 
     </span>
     <span class='ocr_line' id='line_1_18' title="bbox 184 1332 1632 1382; baseline -0.003 -11"><span class='ocrx_word' id='word_1_147' title='bbox 184 1345 273 1371; x_wconf 87' lang='lat' dir='ltr'><strong>-rum</strong></span> <span class='ocrx_word' id='word_1_148' title='bbox 292 1336 366 1371; x_wconf 81' lang='lat' dir='ltr'><strong>tale</strong></span> <span class='ocrx_word' id='word_1_149' title='bbox 388 1340 464 1380; x_wconf 89' lang='lat' dir='ltr'><strong>est,</strong></span> <span class='ocrx_word' id='word_1_150' title='bbox 486 1347 559 1382; x_wconf 87' lang='lat' dir='ltr'><strong>quo</strong></span> <span class='ocrx_word' id='word_1_151' title='bbox 580 1346 655 1371; x_wconf 92' lang='lat' dir='ltr'><strong>non</strong></span> <span class='ocrx_word' id='word_1_152' title='bbox 674 1335 915 1372; x_wconf 84' lang='lat' dir='ltr'><strong>vehementer</strong></span> <span class='ocrx_word' id='word_1_153' title='bbox 935 1334 1123 1371; x_wconf 82' lang='lat' dir='ltr'><strong>offendas.</strong></span> <span class='ocrx_word' id='word_1_154' title='bbox 1142 1353 1200 1361; x_wconf 93' lang='lat'>—</span> <span class='ocrx_word' id='word_1_155' title='bbox 1227 1335 1299 1369; x_wconf 88' lang='lat' dir='ltr'><strong>Pro</strong></span> <span class='ocrx_word' id='word_1_156' title='bbox 1319 1341 1501 1377; x_wconf 80' lang='lat' dir='ltr'><strong>acc..as,</strong></span> <span class='ocrx_word' id='word_1_157' title='bbox 1530 1332 1632 1379; x_wconf 87' lang='lat' dir='ltr'><strong>quod</strong></span> 
     </span>
     <span class='ocr_line' id='line_1_19' title="bbox 191 1387 1632 1438; baseline -0.002 -12"><span class='ocrx_word' id='word_1_158' title='bbox 191 1391 230 1426; x_wconf 90' lang='lat' dir='ltr'><strong>in</strong></span> <span class='ocrx_word' id='word_1_159' title='bbox 250 1390 337 1431; x_wconf 87' lang='lat' dir='ltr'><strong>cod.</strong></span> <span class='ocrx_word' id='word_1_160' title='bbox 358 1396 435 1435; x_wconf 86' lang='lat' dir='ltr'><strong>est,</strong></span> <span class='ocrx_word' id='word_1_161' title='bbox 461 1392 583 1427; x_wconf 85' lang='lat' dir='ltr'><strong>Maius</strong></span> <span class='ocrx_word' id='word_1_162' title='bbox 604 1402 653 1430; x_wconf 86' lang='lat' dir='ltr'><strong>ex</strong></span> <span class='ocrx_word' id='word_1_163' title='bbox 675 1392 827 1438; x_wconf 87' lang='lat' dir='ltr'><strong>ingenio</strong></span> <span class='ocrx_word' id='word_1_164' title='bbox 844 1393 1013 1438; x_wconf 88' lang='lat' dir='ltr'><strong>reposuit</strong></span> <span class='ocrx_word' id='word_1_165' title='bbox 1031 1392 1188 1435; x_wconf 77' lang='lat' dir='ltr'><strong>accitas,</strong></span> <span class='ocrx_word' id='word_1_166' title='bbox 1216 1389 1329 1436; x_wconf 90' lang='lat' dir='ltr'><strong>idque</strong></span> <span class='ocrx_word' id='word_1_167' title='bbox 1351 1387 1572 1425; x_wconf 86' lang='lat' dir='ltr'><strong>Gerlachius</strong></span> <span class='ocrx_word' id='word_1_168' title='bbox 1592 1388 1632 1423; x_wconf 92' lang='lat' dir='ltr'><strong>in</strong></span> 
     </span>
     <span class='ocr_line' id='line_1_20' title="bbox 190 1438 1633 1493; baseline -0.003 -10"><span class='ocrx_word' id='word_1_169' title='bbox 190 1450 346 1493; x_wconf 78' lang='lat' dir='ltr'><strong>utraque</strong></span> <span class='ocrx_word' id='word_1_170' title='bbox 371 1447 433 1483; x_wconf 85' lang='lat' dir='ltr'><strong>ed.</strong></span> <span class='ocrx_word' id='word_1_171' title='bbox 466 1446 646 1483; x_wconf 86' lang='lat' dir='ltr'><strong>exhibuit.</strong></span> <span class='ocrx_word' id='word_1_172' title='bbox 693 1446 866 1484; x_wconf 89' lang='lat' dir='ltr'><strong>Sentiens</strong></span> <span class='ocrx_word' id='word_1_173' title='bbox 886 1446 1094 1484; x_wconf 57' lang='lat' dir='ltr'><strong>veronaee</strong></span> <span class='ocrx_word' id='word_1_174' title='bbox 1114 1447 1231 1482; x_wconf 85' lang='lat' dir='ltr'><strong>verba</strong></span> <span class='ocrx_word' id='word_1_175' title='bbox 1255 1438 1376 1492; x_wconf 77' lang='lat' dir='ltr'><strong>aeque</strong></span> <span class='ocrx_word' id='word_1_176' title='bbox 1403 1455 1427 1480; x_wconf 86' lang='lat' dir='ltr'><strong>a</strong></span> <span class='ocrx_word' id='word_1_177' title='bbox 1448 1448 1633 1480; x_wconf 83' lang='lat' dir='ltr'><strong>structura</strong></span> 
     </span>
     <span class='ocr_line' id='line_1_21' title="bbox 191 1501 1631 1550; baseline -0.001 -12"><span class='ocrx_word' id='word_1_178' title='bbox 191 1507 304 1548; x_wconf 85' lang='lat' dir='ltr'><strong>atque</strong></span> <span class='ocrx_word' id='word_1_179' title='bbox 333 1514 357 1539; x_wconf 85' lang='lat' dir='ltr'><strong>a</strong></span> <span class='ocrx_word' id='word_1_180' title='bbox 375 1514 492 1539; x_wconf 87' lang='lat' dir='ltr'><strong>sensu</strong></span> <span class='ocrx_word' id='word_1_181' title='bbox 509 1504 704 1547; x_wconf 88' lang='lat' dir='ltr'><strong>laborare,</strong></span> <span class='ocrx_word' id='word_1_182' title='bbox 733 1514 781 1539; x_wconf 90' lang='lat' dir='ltr'><strong>eo</strong></span> <span class='ocrx_word' id='word_1_183' title='bbox 802 1514 844 1539; x_wconf 87' lang='lat' dir='ltr'><strong>se</strong></span> <span class='ocrx_word' id='word_1_184' title='bbox 862 1502 1077 1550; x_wconf 85' lang='lat' dir='ltr'><strong>expedivit,</strong></span> <span class='ocrx_word' id='word_1_185' title='bbox 1107 1506 1147 1538; x_wconf 91' lang='lat' dir='ltr'><strong>ut</strong></span> <span class='ocrx_word' id='word_1_186' title='bbox 1164 1502 1250 1537; x_wconf 88' lang='lat' dir='ltr'><strong>Vol.</strong></span> <span class='ocrx_word' id='word_1_187' title='bbox 1271 1501 1330 1537; x_wconf 88' lang='lat' dir='ltr'><strong>m.</strong></span> <span class='ocrx_word' id='word_1_188' title='bbox 1348 1512 1390 1548; x_wconf 83' lang='lat' dir='ltr'><strong>p·</strong></span> <span class='ocrx_word' id='word_1_189' title='bbox 1409 1501 1467 1540; x_wconf 80' lang='lat'><strong>76.</strong></span> <span class='ocrx_word' id='word_1_190' title='bbox 1491 1501 1631 1537; x_wconf 79' lang='lat' dir='ltr'><strong>scribe-</strong></span> 
     </span>
     <span class='ocr_line' id='line_1_22' title="bbox 191 1556 1632 1606; baseline -0.001 -12"><span class='ocrx_word' id='word_1_191' title='bbox 191 1562 270 1594; x_wconf 84' lang='lat' dir='ltr'><strong>ret:</strong></span> <span class='ocrx_word' id='word_1_192' title='bbox 294 1558 393 1603; x_wconf 85' lang='lat' dir='ltr'><strong>„sed</strong></span> <span class='ocrx_word' id='word_1_193' title='bbox 412 1560 475 1595; x_wconf 86' lang='lat' dir='ltr'><strong>vel</strong></span> <span class='ocrx_word' id='word_1_194' title='bbox 491 1559 566 1595; x_wconf 90' lang='lat' dir='ltr'><strong>hoc</strong></span> <span class='ocrx_word' id='word_1_195' title='bbox 585 1559 638 1595; x_wconf 87' lang='lat' dir='ltr'><strong>ita</strong></span> <span class='ocrx_word' id='word_1_196' title='bbox 652 1560 834 1606; x_wconf 77' lang='lat' dir='ltr'><strong>explices,</strong></span> <span class='ocrx_word' id='word_1_197' title='bbox 854 1564 894 1596; x_wconf 91' lang='lat' dir='ltr'><strong>ut</strong></span> <span class='ocrx_word' id='word_1_198' title='bbox 911 1558 1082 1596; x_wconf 86' lang='lat' dir='ltr'><strong>additum</strong></span> <span class='ocrx_word' id='word_1_199' title='bbox 1102 1561 1246 1594; x_wconf 87' lang='lat' dir='ltr'><strong>statuas</strong></span> <span class='ocrx_word' id='word_1_200' title='bbox 1266 1556 1317 1593; x_wconf 87' lang='lat' dir='ltr'><strong>ad</strong></span> <span class='ocrx_word' id='word_1_201' title='bbox 1337 1558 1397 1594; x_wconf 70' lang='lat' dir='ltr'><strong>nei</strong></span> <span class='ocrx_word' id='word_1_202' title='bbox 1411 1557 1632 1594; x_wconf 69' lang='lat' dir='ltr'><strong>ntiraoelum</strong></span> 
     </span>
     <span class='ocr_line' id='line_1_23' title="bbox 190 1587 1630 1662; baseline -0.003 -10"><span class='ocrx_word' id='word_1_203' title='bbox 190 1587 435 1661; x_wconf 60' lang='lat' dir='ltr'><strong>meridtmfl</strong></span> <span class='ocrx_word' id='word_1_204' title='bbox 474 1615 553 1651; x_wconf 89' lang='lat' dir='ltr'><strong>Nos</strong></span> <span class='ocrx_word' id='word_1_205' title='bbox 571 1615 774 1660; x_wconf 85' lang='lat' dir='ltr'><strong>miracula,</strong></span> <span class='ocrx_word' id='word_1_206' title='bbox 801 1626 898 1661; x_wconf 88' lang='lat' dir='ltr'><strong>quae</strong></span> <span class='ocrx_word' id='word_1_207' title='bbox 917 1615 1102 1662; x_wconf 85' lang='lat' dir='ltr'><strong>corruptis</strong></span> <span class='ocrx_word' id='word_1_208' title='bbox 1122 1613 1343 1650; x_wconf 83' lang='lat' dir='ltr'><strong>lectionibus</strong></span> <span class='ocrx_word' id='word_1_209' title='bbox 1360 1612 1546 1658; x_wconf 85' lang='lat' dir='ltr'><strong>nituntur,</strong></span> <span class='ocrx_word' id='word_1_210' title='bbox 1568 1624 1630 1649; x_wconf 91' lang='lat' dir='ltr'><strong>su-</strong></span> 
     </span>
     <span class='ocr_line' id='line_1_24' title="bbox 190 1669 1628 1718; baseline -0.001 -11"><span class='ocrx_word' id='word_1_211' title='bbox 190 1671 416 1718; x_wconf 85' lang='lat' dir='ltr'><strong>perstitiosis</strong></span> <span class='ocrx_word' id='word_1_212' title='bbox 441 1671 604 1707; x_wconf 82' lang='lat' dir='ltr'><strong>aniculis</strong></span> <span class='ocrx_word' id='word_1_213' title='bbox 626 1671 895 1718; x_wconf 87' lang='lat' dir='ltr'><strong>relinquentes,</strong></span> <span class='ocrx_word' id='word_1_214' title='bbox 942 1681 1012 1718; x_wconf 87' lang='lat' dir='ltr'><strong>pro</strong></span> <span class='ocrx_word' id='word_1_215' title='bbox 1043 1671 1183 1708; x_wconf 75' lang='lat' dir='ltr'><strong>accitas</strong></span> <span class='ocrx_word' id='word_1_216' title='bbox 1211 1669 1433 1717; x_wconf 85' lang='lat' dir='ltr'><strong>scripsimus</strong></span> <span class='ocrx_word' id='word_1_217' title='bbox 1460 1669 1628 1714; x_wconf 76' lang='lat' dir='ltr'><strong>accolas,</strong></span> 
     </span>
     <span class='ocr_line' id='line_1_25' title="bbox 189 1725 1628 1764; baseline -0.001 -1"><span class='ocrx_word' id='word_1_218' title='bbox 189 1737 342 1763; x_wconf 86' lang='lat' dir='ltr'><strong>manum</strong></span> <span class='ocrx_word' id='word_1_219' title='bbox 364 1726 532 1764; x_wconf 83' lang='lat' dir='ltr'><strong>Sallustii</strong></span> <span class='ocrx_word' id='word_1_220' title='bbox 559 1738 630 1763; x_wconf 91' lang='lat' dir='ltr'><strong>nos</strong></span> <span class='ocrx_word' id='word_1_221' title='bbox 658 1727 868 1764; x_wconf 84' lang='lat' dir='ltr'><strong>restituisse</strong></span> <span class='ocrx_word' id='word_1_222' title='bbox 895 1727 1000 1764; x_wconf 88' lang='lat' dir='ltr'><strong>certi.</strong></span> <span class='ocrx_word' id='word_1_223' title='bbox 1045 1727 1183 1764; x_wconf 83' lang='lat' dir='ltr'><strong>Oceani</strong></span> <span class='ocrx_word' id='word_1_224' title='bbox 1209 1726 1360 1762; x_wconf 78' lang='lat' dir='ltr'><strong>accolae</strong></span> <span class='ocrx_word' id='word_1_225' title='bbox 1386 1725 1487 1761; x_wconf 89' lang='lat' dir='ltr'><strong>enim</strong></span> <span class='ocrx_word' id='word_1_226' title='bbox 1506 1725 1628 1762; x_wconf 83' lang='lat' dir='ltr'><strong>Mauri</strong></span> 
     </span>
     <span class='ocr_line' id='line_1_26' title="bbox 191 1780 1629 1829; baseline -0.003 -9"><span class='ocrx_word' id='word_1_227' title='bbox 191 1787 296 1829; x_wconf 81' lang='lat' dir='ltr'><strong>sunt,</strong></span> <span class='ocrx_word' id='word_1_228' title='bbox 316 1783 368 1819; x_wconf 86' lang='lat' dir='ltr'><strong>ad</strong></span> <span class='ocrx_word' id='word_1_229' title='bbox 385 1794 491 1820; x_wconf 88' lang='lat' dir='ltr'><strong>oram</strong></span> <span class='ocrx_word' id='word_1_230' title='bbox 510 1785 627 1820; x_wconf 85' lang='lat' dir='ltr'><strong>maris</strong></span> <span class='ocrx_word' id='word_1_231' title='bbox 646 1782 823 1820; x_wconf 86' lang='lat' dir='ltr'><strong>Atlantici</strong></span> <span class='ocrx_word' id='word_1_232' title='bbox 842 1783 1071 1828; x_wconf 80' lang='lat' dir='ltr'><strong>habitantes,</strong></span> <span class='ocrx_word' id='word_1_233' title='bbox 1096 1783 1143 1820; x_wconf 88' lang='lat' dir='ltr'><strong>ab</strong></span> <span class='ocrx_word' id='word_1_234' title='bbox 1160 1782 1345 1829; x_wconf 76' lang='lat' dir='ltr'><strong>Hispania</strong></span> <span class='ocrx_word' id='word_1_235' title='bbox 1362 1780 1477 1819; x_wconf 82' lang='lat' dir='ltr'><strong>valde</strong></span> <span class='ocrx_word' id='word_1_236' title='bbox 1496 1782 1629 1817; x_wconf 89' lang='lat' dir='ltr'><strong>remoti</strong></span> 
     </span>
     <span class='ocr_line' id='line_1_27' title="bbox 191 1838 1629 1887; baseline -0.002 -12"><span class='ocrx_word' id='word_1_237' title='bbox 191 1843 229 1875; x_wconf 85' lang='lat' dir='ltr'><strong>et</strong></span> <span class='ocrx_word' id='word_1_238' title='bbox 248 1841 297 1875; x_wconf 88' lang='lat' dir='ltr'><strong>ob</strong></span> <span class='ocrx_word' id='word_1_239' title='bbox 319 1838 360 1874; x_wconf 89' lang='lat' dir='ltr'><strong>id</strong></span> <span class='ocrx_word' id='word_1_240' title='bbox 378 1840 504 1886; x_wconf 88' lang='lat' dir='ltr'><strong>ipsum</strong></span> <span class='ocrx_word' id='word_1_241' title='bbox 527 1840 719 1887; x_wconf 85' lang='lat' dir='ltr'><strong>incogniti.</strong></span> <span class='ocrx_word' id='word_1_242' title='bbox 757 1840 900 1876; x_wconf 88' lang='lat' dir='ltr'><strong>Keilius</strong></span> <span class='ocrx_word' id='word_1_243' title='bbox 918 1840 1099 1876; x_wconf 87' lang='lat' dir='ltr'><strong>maiorem</strong></span> <span class='ocrx_word' id='word_1_244' title='bbox 1121 1840 1296 1875; x_wconf 86' lang='lat' dir='ltr'><strong>lacunam</strong></span> <span class='ocrx_word' id='word_1_245' title='bbox 1318 1842 1485 1874; x_wconf 87' lang='lat' dir='ltr'><strong>statuens</strong></span> <span class='ocrx_word' id='word_1_246' title='bbox 1504 1838 1629 1873; x_wconf 84' lang='lat' dir='ltr'><strong>locum</strong></span> 
     </span>
     <span class='ocr_line' id='line_1_28' title="bbox 192 1892 1628 1942; baseline -0.001 -12"><span class='ocrx_word' id='word_1_247' title='bbox 192 1895 248 1931; x_wconf 86' lang='lat' dir='ltr'><strong>sie</strong></span> <span class='ocrx_word' id='word_1_248' title='bbox 276 1896 461 1941; x_wconf 85' lang='lat' dir='ltr'><strong>explevit:</strong></span> <span class='ocrx_word' id='word_1_249' title='bbox 498 1906 613 1933; x_wconf 83' lang='lat' dir='ltr'><strong>novas</strong></span> <span class='ocrx_word' id='word_1_250' title='bbox 638 1897 814 1932; x_wconf 67' lang='lat' dir='ltr'><strong>inmanes</strong></span> <span class='ocrx_word' id='word_1_251' title='bbox 846 1895 1050 1942; x_wconf 66' lang='lat' dir='ltr'><strong>normas</strong></span> <span class='ocrx_word' id='word_1_252' title='bbox 1074 1894 1333 1942; x_wconf 77' lang='lat' dir='ltr'><strong>fluctibus]</strong></span> <span class='ocrx_word' id='word_1_253' title='bbox 1361 1895 1493 1931; x_wconf 64' lang='lat' dir='ltr'><strong>oceani,</strong></span> <span class='ocrx_word' id='word_1_254' title='bbox 1516 1892 1628 1938; x_wconf 79' lang='lat' dir='ltr'><strong>[ad-</strong></span> 
     </span>
     <span class='ocr_line' id='line_1_29' title="bbox 186 1947 1628 1998; baseline -0.002 -12"><span class='ocrx_word' id='word_1_255' title='bbox 186 1951 395 1996; x_wconf 74' lang='lat' dir='ltr'><strong>pulsos];</strong></span> <span class='ocrx_word' id='word_1_256' title='bbox 431 1951 501 1987; x_wconf 88' lang='lat' dir='ltr'><strong>sed</strong></span> <span class='ocrx_word' id='word_1_257' title='bbox 522 1950 684 1997; x_wconf 71' lang='lat' dir='ltr'><strong>for-nias</strong></span> <span class='ocrx_word' id='word_1_258' title='bbox 701 1951 871 1998; x_wconf 71' lang='lat' dir='ltr'><strong>fluctibus</strong></span> <span class='ocrx_word' id='word_1_259' title='bbox 896 1952 1098 1998; x_wconf 74' lang='lat' dir='ltr'><strong>adpulsos</strong></span> <span class='ocrx_word' id='word_1_260' title='bbox 1119 1955 1165 1991; x_wconf 70' lang='lat' dir='ltr'><strong>‚et</strong></span> <span class='ocrx_word' id='word_1_261' title='bbox 1186 1950 1298 1986; x_wconf 90' lang='lat' dir='ltr'><strong>nimis</strong></span> <span class='ocrx_word' id='word_1_262' title='bbox 1317 1949 1463 1986; x_wconf 88' lang='lat' dir='ltr'><strong>recedit</strong></span> <span class='ocrx_word' id='word_1_263' title='bbox 1490 1960 1519 1997; x_wconf 61' lang='lat' dir='ltr'><strong>a&gt;</strong></span> <span class='ocrx_word' id='word_1_264' title='bbox 1539 1947 1628 1984; x_wconf 86' lang='lat' dir='ltr'><strong>cod.</strong></span> 
     </span>
     <span class='ocr_line' id='line_1_30' title="bbox 191 2003 1629 2052; baseline -0.001 -12"><span class='ocrx_word' id='word_1_265' title='bbox 191 2005 384 2052; x_wconf 82' lang='lat' dir='ltr'><strong>vestigiis,</strong></span> <span class='ocrx_word' id='word_1_266' title='bbox 415 2017 538 2052; x_wconf 89' lang='lat' dir='ltr'><strong>neque</strong></span> <span class='ocrx_word' id='word_1_267' title='bbox 567 2017 698 2042; x_wconf 82' lang='lat' dir='ltr'><strong>sanam</strong></span> <span class='ocrx_word' id='word_1_268' title='bbox 728 2006 878 2042; x_wconf 89' lang='lat' dir='ltr'><strong>dicendi</strong></span> <span class='ocrx_word' id='word_1_269' title='bbox 904 2008 1087 2042; x_wconf 88' lang='lat' dir='ltr'><strong>rationem</strong></span> <span class='ocrx_word' id='word_1_270' title='bbox 1115 2010 1178 2042; x_wconf 89' lang='lat' dir='ltr'><strong>aut</strong></span> <span class='ocrx_word' id='word_1_271' title='bbox 1207 2016 1362 2042; x_wconf 87' lang='lat' dir='ltr'><strong>sensum</strong></span> <span class='ocrx_word' id='word_1_272' title='bbox 1389 2003 1629 2042; x_wconf 89' lang='lat' dir='ltr'><strong>commodum</strong></span> 
     </span>
     <span class='ocr_line' id='line_1_31' title="bbox 190 2060 1630 2109; baseline 0.001 -14"><span class='ocrx_word' id='word_1_273' title='bbox 190 2060 318 2096; x_wconf 83' lang='lat' dir='ltr'><strong>habet.</strong></span> <span class='ocrx_word' id='word_1_274' title='bbox 334 2074 391 2086; x_wconf 79' lang='lat'><strong>—⁴</strong></span> <span class='ocrx_word' id='word_1_275' title='bbox 418 2061 459 2095; x_wconf 89' lang='lat' dir='ltr'><strong>In</strong></span> <span class='ocrx_word' id='word_1_276' title='bbox 475 2063 619 2108; x_wconf 87' lang='lat' dir='ltr'><strong>protasi</strong></span> <span class='ocrx_word' id='word_1_277' title='bbox 642 2066 730 2108; x_wconf 90' lang='lat' dir='ltr'><strong>post</strong></span> <span class='ocrx_word' id='word_1_278' title='bbox 745 2062 876 2109; x_wconf 79' lang='lat' dir='ltr'><strong>famae</strong></span> <span class='ocrx_word' id='word_1_279' title='bbox 894 2062 1145 2109; x_wconf 90' lang='lat' dir='ltr'><strong>supplendum</strong></span> <span class='ocrx_word' id='word_1_280' title='bbox 1165 2066 1223 2097; x_wconf 90' lang='lat' dir='ltr'><strong>est</strong></span> <span class='ocrx_word' id='word_1_281' title='bbox 1240 2065 1369 2106; x_wconf 69' lang='lat' dir='ltr'><strong>erant,</strong></span> <span class='ocrx_word' id='word_1_282' title='bbox 1400 2060 1447 2096; x_wconf 88' lang='lat' dir='ltr'><strong>de</strong></span> <span class='ocrx_word' id='word_1_283' title='bbox 1467 2071 1544 2107; x_wconf 86' lang='lat' dir='ltr'><strong>qua</strong></span> <span class='ocrx_word' id='word_1_284' title='bbox 1562 2060 1630 2096; x_wconf 90' lang='lat' dir='ltr'><strong>im-</strong></span> 
     </span>
     <span class='ocr_line' id='line_1_32' title="bbox 191 2112 1631 2164; baseline 0 -12"><span class='ocrx_word' id='word_1_285' title='bbox 191 2117 349 2162; x_wconf 77' lang='lat' dir='ltr'><strong>perfecti</strong></span> <span class='ocrx_word' id='word_1_286' title='bbox 375 2117 499 2164; x_wconf 86' lang='lat' dir='ltr'><strong>ellipsi</strong></span> <span class='ocrx_word' id='word_1_287' title='bbox 524 2129 563 2154; x_wconf 92' lang='lat' dir='ltr'><strong>v.</strong></span> <span class='ocrx_word' id='word_1_288' title='bbox 591 2117 641 2154; x_wconf 85' lang='lat' dir='ltr'><strong>ad</strong></span> <span class='ocrx_word' id='word_1_289' title='bbox 663 2118 745 2164; x_wconf 86' lang='lat' dir='ltr'><strong>lug.</strong></span> <span class='ocrx_word' id='word_1_290' title='bbox 765 2118 932 2163; x_wconf 88' lang='lat' dir='ltr'><strong>XXVIII,</strong></span> <span class='ocrx_word' id='word_1_291' title='bbox 952 2112 987 2156; x_wconf 77' lang='lat'><strong>5.</strong></span> <span class='ocrx_word' id='word_1_292' title='bbox 1015 2129 1054 2164; x_wconf 90' lang='lat' dir='ltr'><strong>p.</strong></span> <span class='ocrx_word' id='word_1_293' title='bbox 1076 2120 1159 2157; x_wconf 83' lang='lat'><strong>163.</strong></span> <span class='ocrx_word' id='word_1_294' title='bbox 1178 2116 1322 2163; x_wconf 87' lang='lat' dir='ltr'><strong>LXVII,</strong></span> <span class='ocrx_word' id='word_1_295' title='bbox 1345 2121 1381 2155; x_wconf 86' lang='lat'><strong>1.</strong></span> <span class='ocrx_word' id='word_1_296' title='bbox 1413 2127 1451 2164; x_wconf 91' lang='lat' dir='ltr'><strong>p.</strong></span> <span class='ocrx_word' id='word_1_297' title='bbox 1471 2117 1556 2156; x_wconf 73' lang='lat'><strong>364.</strong></span> <span class='ocrx_word' id='word_1_298' title='bbox 1593 2120 1631 2152; x_wconf 89' lang='lat' dir='ltr'><strong>et</strong></span> 
     </span>
     <span class='ocr_line' id='line_1_33' title="bbox 193 2172 1629 2220; baseline 0.001 -13"><span class='ocrx_word' id='word_1_299' title='bbox 193 2172 355 2208; x_wconf 87' lang='lat' dir='ltr'><strong>Gramm.</strong></span> <span class='ocrx_word' id='word_1_300' title='bbox 382 2173 447 2209; x_wconf 88' lang='lat' dir='ltr'><strong>lat.</strong></span> <span class='ocrx_word' id='word_1_301' title='bbox 474 2178 591 2209; x_wconf 89' lang='lat' dir='ltr'><strong>nostr.</strong></span> <span class='ocrx_word' id='word_1_302' title='bbox 622 2176 655 2217; x_wconf 76' lang='lat' dir='ltr'><strong>S.</strong></span> <span class='ocrx_word' id='word_1_303' title='bbox 674 2176 753 2212; x_wconf 77' lang='lat'><strong>113.</strong></span> <span class='ocrx_word' id='word_1_304' title='bbox 783 2178 856 2210; x_wconf 86' lang='lat' dir='ltr'><strong>not.</strong></span> <span class='ocrx_word' id='word_1_305' title='bbox 877 2178 912 2212; x_wconf 90' lang='lat' dir='ltr'><strong>l.</strong></span> <span class='ocrx_word' id='word_1_306' title='bbox 939 2185 981 2220; x_wconf 84' lang='lat' dir='ltr'><strong>p.</strong></span> <span class='ocrx_word' id='word_1_307' title='bbox 999 2176 1080 2212; x_wconf 70' lang='lat'><strong>234.</strong></span> <span class='ocrx_word' id='word_1_308' title='bbox 1121 2173 1266 2210; x_wconf 76' lang='lat' dir='ltr'><strong>Keiliu‘s</strong></span> <span class='ocrx_word' id='word_1_309' title='bbox 1288 2172 1480 2214; x_wconf 77' lang='lat' dir='ltr'><strong>excidisse</strong></span> <span class='ocrx_word' id='word_1_310' title='bbox 1500 2178 1629 2208; x_wconf 90' lang='lat' dir='ltr'><strong>censet</strong></span> 
     </span>
     <span class='ocr_line' id='line_1_34' title="bbox 190 2227 1627 2277; baseline 0 -13"><span class='ocrx_word' id='word_1_311' title='bbox 190 2227 308 2274; x_wconf 75' lang='lat' dir='ltr'><strong>ibant,</strong></span> <span class='ocrx_word' id='word_1_312' title='bbox 341 2228 446 2265; x_wconf 85' lang='lat' dir='ltr'><strong>haud</strong></span> <span class='ocrx_word' id='word_1_313' title='bbox 470 2229 582 2266; x_wconf 89' lang='lat' dir='ltr'><strong>dubie</strong></span> <span class='ocrx_word' id='word_1_314' title='bbox 609 2234 762 2276; x_wconf 89' lang='lat' dir='ltr'><strong>propter</strong></span> <span class='ocrx_word' id='word_1_315' title='bbox 780 2240 857 2277; x_wconf 82' lang='lat' dir='ltr'><strong>per</strong></span> <span class='ocrx_word' id='word_1_316' title='bbox 876 2230 1117 2277; x_wconf 79' lang='lat' dir='ltr'><strong>particulam,</strong></span> <span class='ocrx_word' id='word_1_317' title='bbox 1148 2240 1245 2276; x_wconf 86' lang='lat' dir='ltr'><strong>quae</strong></span> <span class='ocrx_word' id='word_1_318' title='bbox 1265 2239 1405 2266; x_wconf 84' lang='lat' dir='ltr'><strong>caussa</strong></span> <span class='ocrx_word' id='word_1_319' title='bbox 1426 2228 1532 2266; x_wconf 88' lang='lat' dir='ltr'><strong>nihili</strong></span> <span class='ocrx_word' id='word_1_320' title='bbox 1550 2233 1627 2273; x_wconf 88' lang='lat' dir='ltr'><strong>est;</strong></span> 
     </span>
     <span class='ocr_line' id='line_1_35' title="bbox 193 2284 1628 2333; baseline 0.001 -14"><span class='ocrx_word' id='word_1_321' title='bbox 193 2285 241 2324; x_wconf 73' lang='lat' dir='ltr'><strong>ct*</strong></span> <span class='ocrx_word' id='word_1_322' title='bbox 266 2284 370 2321; x_wconf 87' lang='lat' dir='ltr'><strong>Catil.</strong></span> <span class='ocrx_word' id='word_1_323' title='bbox 390 2285 512 2330; x_wconf 75' lang='lat' dir='ltr'><strong>e-L113</strong></span> <span class='ocrx_word' id='word_1_324' title='bbox 533 2290 589 2324; x_wconf 80' lang='grc'><strong>15.</strong></span> <span class='ocrx_word' id='word_1_325' title='bbox 610 2285 726 2330; x_wconf 74' lang='lat' dir='ltr'><strong>Quasi</strong></span> <span class='ocrx_word' id='word_1_326' title='bbox 739 2296 826 2323; x_wconf 82' lang='lat' dir='ltr'><strong>vero</strong></span> <span class='ocrx_word' id='word_1_327' title='bbox 845 2287 1126 2333; x_wconf 76' lang='lat' dir='ltr'><strong>malimnper</strong></span> <span class='ocrx_word' id='word_1_328' title='bbox 1145 2289 1289 2323; x_wconf 73' lang='lat' dir='ltr'><strong>totam</strong></span> <span class='ocrx_word' id='word_1_329' title='bbox 1306 2285 1502 2322; x_wconf 78' lang='lat' dir='ltr'><strong>Italiam</strong></span> <span class='ocrx_word' id='word_1_330' title='bbox 1521 2286 1628 2321; x_wconf 75' lang='lat' dir='ltr'><strong>sint.</strong></span> 
     </span>
     <span class='ocr_line' id='line_1_36' title="bbox 193 2340 1630 2390; baseline 0.001 -14"><span class='ocrx_word' id='word_1_331' title='bbox 193 2340 297 2376; x_wconf 88' lang='lat' dir='ltr'><strong>Idem</strong></span> <span class='ocrx_word' id='word_1_332' title='bbox 325 2352 394 2388; x_wconf 89' lang='lat' dir='ltr'><strong>pro</strong></span> <span class='ocrx_word' id='word_1_333' title='bbox 420 2345 655 2389; x_wconf 69' lang='lat' dir='ltr'><strong>atrocesque</strong></span> <span class='ocrx_word' id='word_1_334' title='bbox 685 2342 803 2379; x_wconf 89' lang='lat' dir='ltr'><strong>edidit</strong></span> <span class='ocrx_word' id='word_1_335' title='bbox 828 2347 967 2390; x_wconf 77' lang='lat' dir='ltr'><strong>atque</strong></span> <span class='ocrx_word' id='word_1_336' title='bbox 997 2347 1153 2379; x_wconf 74' lang='lat' dir='ltr'><strong>atroces.</strong></span> <span class='ocrx_word' id='word_1_337' title='bbox 1186 2362 1243 2368; x_wconf 93' lang='lat'><strong>—</strong></span> <span class='ocrx_word' id='word_1_338' title='bbox 1277 2341 1353 2379; x_wconf 79' lang='lat' dir='ltr'><strong>Ex</strong></span> <span class='ocrx_word' id='word_1_339' title='bbox 1385 2351 1452 2378; x_wconf 74' lang='lat' dir='ltr'><strong>suo</strong></span> <span class='ocrx_word' id='word_1_340' title='bbox 1485 2345 1630 2377; x_wconf 77' lang='lat' dir='ltr'><strong>terrore</strong></span> 
     </span>
     <span class='ocr_line' id='line_1_37' title="bbox 194 2395 1626 2444; baseline 0.001 -12"><span class='ocrx_word' id='word_1_341' title='bbox 194 2408 369 2433; x_wconf 80' lang='lat' dir='ltr'><strong>caussam</strong></span> <span class='ocrx_word' id='word_1_342' title='bbox 390 2395 782 2444; x_wconf 79' lang='lat' dir='ltr'><strong>designat;v.}1and.</strong></span> <span class='ocrx_word' id='word_1_343' title='bbox 801 2399 849 2435; x_wconf 89' lang='lat' dir='ltr'><strong>de</strong></span> <span class='ocrx_word' id='word_1_344' title='bbox 868 2399 1028 2436; x_wconf 87' lang='lat' dir='ltr'><strong>Particc.</strong></span> <span class='ocrx_word' id='word_1_345' title='bbox 1048 2399 1141 2435; x_wconf 88' lang='lat' dir='ltr'><strong>Latt.</strong></span> <span class='ocrx_word' id='word_1_346' title='bbox 1158 2398 1244 2434; x_wconf 87' lang='lat' dir='ltr'><strong>Vol.</strong></span> <span class='ocrx_word' id='word_1_347' title='bbox 1264 2398 1307 2433; x_wconf 88' lang='lat' dir='ltr'><strong>IL</strong></span> <span class='ocrx_word' id='word_1_348' title='bbox 1326 2409 1367 2444; x_wconf 90' lang='lat' dir='ltr'><strong>p.</strong></span> <span class='ocrx_word' id='word_1_349' title='bbox 1382 2400 1554 2444; x_wconf 80' lang='lat' dir='ltr'><strong>635sqq.</strong></span> <span class='ocrx_word' id='word_1_350' title='bbox 1576 2416 1626 2422; x_wconf 90' lang='lat'><strong>—-</strong></span> 
     </span>
     <span class='ocr_line' id='line_1_38' title="bbox 193 2452 1627 2502; baseline 0.001 -14"><span class='ocrx_word' id='word_1_351' title='bbox 193 2452 248 2488; x_wconf 86' lang='lat' dir='ltr'><strong>De</strong></span> <span class='ocrx_word' id='word_1_352' title='bbox 278 2464 375 2490; x_wconf 86' lang='lat' dir='ltr'><strong>voce</strong></span> <span class='ocrx_word' id='word_1_353' title='bbox 405 2453 560 2500; x_wconf 76' lang='lat' dir='ltr'><strong>amplius</strong></span> <span class='ocrx_word' id='word_1_354' title='bbox 587 2465 628 2490; x_wconf 89' lang='lat' dir='ltr'><strong>v.</strong></span> <span class='ocrx_word' id='word_1_355' title='bbox 655 2454 704 2490; x_wconf 91' lang='lat' dir='ltr'><strong>ad</strong></span> <span class='ocrx_word' id='word_1_356' title='bbox 729 2455 810 2502; x_wconf 82' lang='lat' dir='ltr'><strong>lug.</strong></span> <span class='ocrx_word' id='word_1_357' title='bbox 828 2454 955 2499; x_wconf 88' lang='lat' dir='ltr'><strong>LXIX,</strong></span> <span class='ocrx_word' id='word_1_358' title='bbox 973 2459 1009 2493; x_wconf 79' lang='lat'><strong>2.</strong></span> <span class='ocrx_word' id='word_1_359' title='bbox 1027 2466 1066 2502; x_wconf 89' lang='lat' dir='ltr'><strong>p.</strong></span> <span class='ocrx_word' id='word_1_360' title='bbox 1087 2455 1171 2493; x_wconf 82' lang='lat'><strong>371.</strong></span> <span class='ocrx_word' id='word_1_361' title='bbox 1201 2457 1239 2489; x_wconf 87' lang='lat' dir='ltr'><strong>et</strong></span> <span class='ocrx_word' id='word_1_362' title='bbox 1256 2453 1381 2490; x_wconf 85' lang='lat' dir='ltr'><strong>Hand.</strong></span> <span class='ocrx_word' id='word_1_363' title='bbox 1402 2453 1450 2490; x_wconf 87' lang='lat' dir='ltr'><strong>de</strong></span> <span class='ocrx_word' id='word_1_364' title='bbox 1469 2454 1627 2489; x_wconf 84' lang='lat' dir='ltr'><strong>Particc.</strong></span> 
     </span>
     <span class='ocr_line' id='line_1_39' title="bbox 193 2509 1628 2558; baseline 0 -13"><span class='ocrx_word' id='word_1_365' title='bbox 193 2509 278 2546; x_wconf 84' lang='lat' dir='ltr'><strong>Vol.</strong></span> <span class='ocrx_word' id='word_1_366' title='bbox 307 2509 336 2544; x_wconf 91' lang='grc' dir='ltr'><strong>Ι.</strong></span> <span class='ocrx_word' id='word_1_367' title='bbox 365 2519 403 2555; x_wconf 90' lang='lat' dir='ltr'><strong>p.</strong></span> <span class='ocrx_word' id='word_1_368' title='bbox 430 2510 502 2547; x_wconf 76' lang='lat'><strong>288</strong></span> <span class='ocrx_word' id='word_1_369' title='bbox 529 2519 586 2554; x_wconf 90' lang='lat' dir='ltr'><strong>sq.</strong></span> <span class='ocrx_word' id='word_1_370' title='bbox 622 2528 679 2536; x_wconf 79' lang='lat'><strong>—</strong></span> <span class='ocrx_word' id='word_1_371' title='bbox 713 2510 802 2547; x_wconf 88' lang='lat' dir='ltr'><strong>Post</strong></span> <span class='ocrx_word' id='word_1_372' title='bbox 826 2512 940 2547; x_wconf 73' lang='lat' dir='ltr'><strong>millia</strong></span> <span class='ocrx_word' id='word_1_373' title='bbox 966 2511 1101 2558; x_wconf 85' lang='lat' dir='ltr'><strong>supple</strong></span> <span class='ocrx_word' id='word_1_374' title='bbox 1127 2518 1226 2554; x_wconf 75' lang='lat' dir='ltr'><strong>esse,</strong></span> <span class='ocrx_word' id='word_1_375' title='bbox 1263 2521 1374 2558; x_wconf 84' lang='lat' dir='ltr'><strong>quem</strong></span> <span class='ocrx_word' id='word_1_376' title='bbox 1404 2509 1628 2546; x_wconf 81' lang='lat' dir='ltr'><strong>infinitivum</strong></span> 
     </span>
     <span class='ocr_line' id='line_1_40' title="bbox 190 2563 1622 2614; baseline -0.001 -14"><span class='ocrx_word' id='word_1_377' title='bbox 190 2565 315 2610; x_wconf 85' lang='lat' dir='ltr'><strong>poscit</strong></span> <span class='ocrx_word' id='word_1_378' title='bbox 335 2566 487 2602; x_wconf 82' lang='lat' dir='ltr'><strong>verbum</strong></span> <span class='ocrx_word' id='word_1_379' title='bbox 503 2563 785 2606; x_wconf 46' lang='lat' dir='ltr'><strong>contenderent}</strong></span> <span class='ocrx_word' id='word_1_380' title='bbox 797 2578 837 2606; x_wconf 84' lang='lat' dir='ltr'><strong>v.</strong></span> <span class='ocrx_word' id='word_1_381' title='bbox 852 2578 967 2614; x_wconf 85' lang='lat' dir='ltr'><strong>supra</strong></span> <span class='ocrx_word' id='word_1_382' title='bbox 983 2567 1034 2603; x_wconf 85' lang='lat' dir='ltr'><strong>ad</strong></span> <span class='ocrx_word' id='word_1_383' title='bbox 1045 2567 1074 2603; x_wconf 88' lang='lat' dir='ltr'><strong>F</strong></span> <span class='ocrx_word' id='word_1_384' title='bbox 1076 2576 1198 2612; x_wconf 85' lang='lat' dir='ltr'><strong>ragm.</strong></span> <span class='ocrx_word' id='word_1_385' title='bbox 1212 2565 1315 2611; x_wconf 78' lang='lat'>1‚·45‚</span> <span class='ocrx_word' id='word_1_386' title='bbox 1333 2567 1391 2604; x_wconf 84' lang='lat'><strong>19.</strong></span> <span class='ocrx_word' id='word_1_387' title='bbox 1406 2569 1443 2601; x_wconf 88' lang='lat' dir='ltr'><strong>et</strong></span> <span class='ocrx_word' id='word_1_388' title='bbox 1456 2568 1491 2608; x_wconf 75' lang='lat' dir='ltr'><strong>S.</strong></span> <span class='ocrx_word' id='word_1_389' title='bbox 1501 2567 1562 2604; x_wconf 79' lang='lat'><strong>23.</strong></span> <span class='ocrx_word' id='word_1_390' title='bbox 1574 2583 1622 2589; x_wconf 92' lang='lat'><em>-</em></span> 
     </span>
     <span class='ocr_line' id='line_1_41' title="bbox 192 2619 1624 2672; baseline -0.001 -16"><span class='ocrx_word' id='word_1_391' title='bbox 192 2619 247 2672; x_wconf 81' lang='lat' dir='ltr'><strong>De</strong></span> <span class='ocrx_word' id='word_1_392' title='bbox 276 2620 473 2657; x_wconf 83' lang='lat' dir='ltr'><strong>adiectivis</strong></span> <span class='ocrx_word' id='word_1_393' title='bbox 501 2629 616 2656; x_wconf 78' lang='lat' dir='ltr'><strong>novas</strong></span> <span class='ocrx_word' id='word_1_394' title='bbox 633 2621 809 2658; x_wconf 66' lang='lat' dir='ltr'><strong>manis</strong></span> <span class='ocrx_word' id='word_1_395' title='bbox 841 2623 923 2659; x_wconf 88' lang='lat' dir='ltr'><strong>sine</strong></span> <span class='ocrx_word' id='word_1_396' title='bbox 954 2621 1156 2670; x_wconf 81' lang='lat' dir='ltr'><strong>copulandi</strong></span> <span class='ocrx_word' id='word_1_397' title='bbox 1180 2622 1363 2668; x_wconf 86' lang='lat' dir='ltr'><strong>particula</strong></span> <span class='ocrx_word' id='word_1_398' title='bbox 1391 2621 1624 2658; x_wconf 86' lang='lat' dir='ltr'><strong>substantivo</strong></span> 
     </span>
     <span class='ocr_line' id='line_1_42' title="bbox 191 2676 1623 2726; baseline -0.001 -14"><span class='ocrx_word' id='word_1_399' title='bbox 191 2677 411 2722; x_wconf 84' lang='lat' dir='ltr'><strong>praemissis</strong></span> <span class='ocrx_word' id='word_1_400' title='bbox 444 2687 483 2712; x_wconf 89' lang='lat' dir='ltr'><strong>v.</strong></span> <span class='ocrx_word' id='word_1_401' title='bbox 517 2676 567 2712; x_wconf 86' lang='lat' dir='ltr'><strong>ad</strong></span> <span class='ocrx_word' id='word_1_402' title='bbox 591 2676 674 2724; x_wconf 82' lang='lat' dir='ltr'><strong>lug.</strong></span> <span class='ocrx_word' id='word_1_403' title='bbox 705 2688 742 2714; x_wconf 84' lang='lat' dir='ltr'><strong>c.</strong></span> <span class='ocrx_word' id='word_1_404' title='bbox 766 2677 881 2723; x_wconf 84' lang='lat' dir='ltr'><strong>XXX,</strong></span> <span class='ocrx_word' id='word_1_405' title='bbox 908 2682 944 2718; x_wconf 80' lang='grc'><strong>3.</strong></span> <span class='ocrx_word' id='word_1_406' title='bbox 970 2690 1011 2726; x_wconf 83' lang='lat' dir='ltr'><strong>p.</strong></span> <span class='ocrx_word' id='word_1_407' title='bbox 1035 2679 1118 2717; x_wconf 77' lang='lat'><strong>172.</strong></span> <span class='ocrx_word' id='word_1_408' title='bbox 1149 2681 1187 2713; x_wconf 89' lang='lat' dir='ltr'><strong>et</strong></span> <span class='ocrx_word' id='word_1_409' title='bbox 1214 2677 1378 2715; x_wconf 87' lang='lat' dir='ltr'><strong>Gramm.</strong></span> <span class='ocrx_word' id='word_1_410' title='bbox 1413 2678 1477 2714; x_wconf 83' lang='lat' dir='ltr'><strong>lat.</strong></span> <span class='ocrx_word' id='word_1_411' title='bbox 1506 2680 1623 2713; x_wconf 85' lang='lat' dir='ltr'><strong>nostr.</strong></span> 
     </span>
     <span class='ocr_line' id='line_1_43' title="bbox 191 2732 919 2781; baseline 0.005 -14"><span class='ocrx_word' id='word_1_412' title='bbox 191 2733 228 2773; x_wconf 77' lang='lat' dir='ltr'><strong>s.</strong></span> <span class='ocrx_word' id='word_1_413' title='bbox 242 2735 323 2777; x_wconf 76' lang='lat' dir='ltr'><strong>no,</strong></span> <span class='ocrx_word' id='word_1_414' title='bbox 337 2735 376 2771; x_wconf 79' lang='lat'><strong>3.</strong></span> <span class='ocrx_word' id='word_1_415' title='bbox 394 2732 574 2770; x_wconf 86' lang='lat' dir='ltr'><strong>additam.</strong></span> <span class='ocrx_word' id='word_1_416' title='bbox 590 2735 628 2771; x_wconf 77' lang='lat'><strong>2.</strong></span> <span class='ocrx_word' id='word_1_417' title='bbox 646 2742 682 2769; x_wconf 81' lang='lat' dir='ltr'><strong>a.</strong></span> <span class='ocrx_word' id='word_1_418' title='bbox 697 2733 760 2771; x_wconf 83' lang='lat' dir='ltr'><strong>bb.</strong></span> <span class='ocrx_word' id='word_1_419' title='bbox 778 2744 818 2781; x_wconf 90' lang='lat' dir='ltr'><strong>p.</strong></span> <span class='ocrx_word' id='word_1_420' title='bbox 834 2736 919 2774; x_wconf 76' lang='lat'><strong>289.</strong></span> 
     </span>
    </p>
   </div>
   <div class='ocr_carea' id='block_1_5' title="bbox 248 2794 1327 2837">
    <p class='ocr_par' dir='ltr' id='par_1_5' title="bbox 248 2794 1327 2837">
     <span class='ocr_line' id='line_1_44' title="bbox 248 2794 1327 2837; baseline -0.004 -2"><span class='ocrx_word' id='word_1_421' title='bbox 248 2809 413 2835; x_wconf 75' lang='lat' dir='ltr'><strong>smus-n</strong></span> <span class='ocrx_word' id='word_1_422' title='bbox 433 2810 567 2835; x_wconf 70' lang='lat' dir='ltr'><strong>mon.</strong></span> <span class='ocrx_word' id='word_1_423' title='bbox 1300 2794 1327 2837; x_wconf 88' lang='lat'>7</span> 
     </span>
    </p>
   </div>
  </div>
 </body>
</html>
