1774 3002
123 137 209 178 230
555 124 557 126 ’
631 142 671 179 C.
702 143 932 182 SALLusrl
964 144 1115 185 crusm

261 268 330 312 47.
387 265 580 327 Scythae
599 268 818 313 Nomades
849 271 1019 327 tenent,
1041 273 1200 333 quibus
1229 274 1428 334 plaustra
1445 277 1577 323 sedes

126 352 241 393 sunt

261 435 329 477 48.
388 431 585 492 Namque
627 433 819 478 omnium
863 434 1140 481 serocissumi
1182 438 1238 482 ad
1274 438 1358 484 hoc
1403 441 1576 499 tempus

126 515 292 560 Achaei
317 517 449 575 atque
481 515 611 582 Tauri
644 518 770 571 sunt,
798 518 941 577 quod,
980 522 1189 579 quantum
1208 521 1414 578 coniicio,
1445 522 1575 569 loco-

125 614 219 644 rum
253 599 452 658 egestate
489 604 615 657 rapto
640 598 792 644 vivere
827 601 978 646 coacti.

237 713 298 749 Fr.
323 713 379 749 47.
409 711 526 756 [Cort.
555 723 592 759 p.
614 715 718 753 1009.
743 713 841 750 Gerl.
862 715 923 750 ed.
949 716 1035 752 mai.
1059 715 1136 751 Inc.
1156 719 1231 754 162.
1249 716 1308 753 ed.
1330 719 1419 754 min.
1442 720 1573 763 111‚45.

123 783 160 818 p.
183 773 265 813 218,
297 771 331 808 7.
378 769 488 804 Debr.
515 769 569 809 ΙΙΙ,
599 770 692 814 l5l.]
752 771 878 807 Verba
907 769 973 818 sic,
1004 776 1042 807 ut
1073 772 1273 818 edidimus,
1296 779 1443 811 exstant
1471 776 1573 822 apud

124 826 311 874 Porphyr.
333 825 382 861 ad
404 825 490 860 Hor.
511 825 581 861 Od.
604 825 664 870 ΙΙΙ,
687 830 744 872 24,
766 830 799 865 9.
858 828 919 864 Ad
940 828 1100 864 eundem
1122 828 1287 865 Sallustii
1309 832 1432 867 locum
1456 833 1572 879 respi-

123 885 173 920 cit
202 884 314 919 etiam
334 882 435 918 Acro
453 883 474 917 Ι.
498 883 536 926 1.,
563 882 632 918 sed
655 895 739 919 eum
762 885 884 920 minus
905 890 1078 921 accurate
1099 885 1154 921 sic
1175 886 1324 923 laudat:
1354 889 1419 932 „in
1441 889 1573 935 quibus

122 941 290 988 plaustra
313 938 426 975 sedes
457 939 579 983 sunt“‚
604 950 699 985 quae
730 940 949 987 imperfecta
970 952 1014 977 ac
1044 942 1181 978 vitiosa
1207 943 1422 991 Fragmenti
1454 946 1574 981 forma

123 1008 146 1032 a
176 996 300 1033 Cortio
324 996 420 1031 male
442 999 593 1041 recepta
614 1001 684 1032 est.
703 1017 760 1024 -—-
797 997 988 1044 Scythiae,
1013 1010 1108 1045 quae
1135 998 1317 1036 latissime
1336 1002 1487 1047 patebat
1510 1013 1573 1037 ne-

124 1063 194 1099 que
217 1053 327 1089 certis
350 1051 486 1087 finibus
513 1056 592 1087 erat
621 1053 921 1100 circumscripta,
955 1066 1038 1090 eam
1066 1055 1178 1090 modo
1207 1060 1349 1102 partem
1373 1056 1572 1094 Sallustius

122 1109 352 1146 intellexisse
376 1107 542 1152 videtur,
572 1119 667 1155 quae
688 1110 776 1145 inde
797 1121 819 1145 a
841 1111 979 1157 palude
1003 1111 1188 1146 Maeotide
1219 1116 1254 1147 et
1282 1112 1398 1148 Tanai
1420 1113 1572 1150 flumine

122 1166 170 1202 ad
194 1177 295 1202 mare
318 1164 494 1211 Caspium
519 1175 652 1201 versus
679 1170 713 1201 et
736 1166 815 1201 Rha
836 1166 973 1203 flumen
994 1168 1277 1214 porrigebatur;
1300 1179 1386 1205 nam
1409 1181 1505 1217 quae
1524 1170 1572 1206 ad

121 1224 344 1259 remotiores
374 1222 552 1268 regiones
585 1224 790 1268 spectabat,
824 1225 860 1258 in
891 1224 994 1259 Ponti
1028 1223 1280 1270 descriptione
1311 1236 1386 1261 non
1416 1231 1572 1273 poterat,

122 1279 194 1315 nisi
226 1281 318 1315 l'orte
344 1278 474 1322 obiter,
497 1279 710 1314 memorari.
773 1279 824 1313 De
849 1279 994 1327 Scythis
1018 1280 1242 1316 Nomadibus
1270 1282 1317 1318 cs.
1335 1282 1457 1318 Amm.
1476 1283 1571 1319 Mar-

122 1337 204 1371 cell.
224 1335 339 1379 XXII,
368 1337 404 1372 8.
428 1346 466 1380 p.
487 1335 568 1371 317.
603 1335 728 1371 Vales.
768 1334 815 1370 In
842 1337 957 1372 medio
978 1338 1098 1383 spatio
1126 1347 1240 1373 arcus
1263 1339 1335 1381 (sc.
1355 1339 1482 1383 Ponti)
1497 1339 1573 1376 Eu-

120 1393 252 1439 ropaei
270 1392 475 1428 suntAlani
493 1395 528 1425 et
546 1390 762 1428 Costoboeae
779 1397 1038 1440 yentesque
1063 1392 1346 1439 Scytharum
1367 1396 1570 1432 innume-

121 1458 224 1494 rae,
263 1458 357 1496 quae
383 1448 631 1493 porriyunlur
659 1448 825 1495 adusque
856 1453 979 1485 terras
1008 1451 1087 1485 sine
1120 1450 1261 1496 coquito
1285 1452 1362 1497 fine
1388 1452 1572 1498 distentas,

121 1515 280 1551 quarum
292 1514 392 1552 pars
413 1505 548 1551 eoeiyua
572 1504 743 1551 fruqibus
764 1505 886 1549 alitur,
908 1506 1080 1542 residuae
1101 1516 1225 1541 omnes
1232 1508 1407 1553 palantes
1419 1518 1495 1555 per
1511 1518 1572 1546 so-

119 1562 288 1597 litudines
316 1564 451 1604 vastaS,
470 1570 538 1595 nee
557 1561 686 1595 stivam
700 1562 904 1607 >aliquando
934 1572 1002 1597 nec
1022 1566 1214 1598 sementem
1241 1567 1420 1610 expertas
1433 1582 1490 1589 —
1515 1565 1572 1612 se-

120 1621 252 1653 rarum
280 1622 371 1653 tetro
407 1618 482 1652 ritu
516 1621 735 1657 vescuntur,-
775 1618 933 1664 eisque
964 1620 1197 1654 caritates
1232 1624 1275 1655 et
1292 1620 1572 1657 habitacula

118 1674 332 1721 vilesque
354 1673 950 1719 supellectilesplaustris
975 1676 1226 1720 impositae
1244 1680 1356 1711 sunt
1374 1678 1567 1713 cortici-

119 1729 200 1766 bus
229 1730 384 1766 tectis.
440 1729 569 1764 lustin.
591 1728 634 1772 II,
659 1733 691 1772 1,
712 1731 748 1766 4.
810 1729 968 1776 Scythae
995 1740 1136 1766 umores
1158 1731 1360 1778 liberosque
1378 1742 1502 1768 secum
1532 1734 1569 1768 in

111 1786 295 1834 plaustris
315 1786 460 1829 vehunt,
482 1785 623 1832 quibus,
647 1786 756 1820 coriis
777 1785 944 1822 imbrium
974 1786 1169 1833 hiemisque
1190 1797 1324 1823 caussa
1353 1790 1472 1833 tectis,
1494 1801 1571 1835 pro

119 1843 291 1882 domibus.
303 1845 469 1879 utuntur.
527 1842 656 1887 Pomp.
690 1842 787 1877 Mela
807 1842 868 1886 ΙΙΙ,
890 1847 921 1879 5.
980 1843 1039 1878 Aa
1068 1844 1326 1880 introeuntium
1357 1846 1438 1889 (sc.
1470 1856 1571 1880 mare

120 1898 323 1946 Caspium)
344 1899 517 1935 dextram
534 1897 695 1945 Scythae
712 1898 895 1934 Nomades
918 1899 1011 1946 freti
1023 1899 1184 1935 litoribus
1203 1901 1371 1936 insident.
1402 1901 1447 1938 V.
1463 1912 1571 1948 prae-

118 1960 222 1992 terea
234 1956 353 1993 Strab.
378 1955 456 1990 Vll.
477 1966 513 2001 p.
536 1957 618 1992 454.
640 1956 687 1990 A.
711 1955 776 1990 XI.
796 1966 832 2001 p.
855 1957 938 1994 778.
963 1955 1006 1991 D.
1025 1956 1159 1991 Almel.
1181 1956 1358 1992 Herodot.
1373 1956 1436 2001 IV,
1454 1959 1514 1996 46.
1560 1986 1561 1989 ,

230 2013 292 2049 Fr.
314 2015 371 2050 48.
401 2011 517 2057 [Cori.
537 2022 574 2057 p.
595 2014 701 2050 1008.
727 2012 823 2047 Gerl.
844 2011 905 2047 ed.
928 2014 1014 2048 mai.
1037 2013 1112 2049 lnc.
1136 2015 1216 2050 124.
1240 2013 1301 2048 ed.
1322 2013 1410 2050 min.
1434 2013 1491 2058 ΙΙΙ,
1511 2012 1571 2053 41'.

118 2081 156 2116 p.
178 2072 260 2113 218,
281 2072 317 2106 4.
337 2069 450 2104 Debr.
472 2068 533 2111 ΙΙΙ,
555 2071 636 2105 141.
656 2068 715 2112 ΙΙΙ,
734 2066 829 2116 144.]
873 2067 1002 2104 Schol.
1017 2068 1065 2104 ad
1087 2068 1255 2104 Iuvenal.
1277 2069 1352 2106 Sat.
1377 2069 1460 2113 XV,
1486 2074 1568 2108 115.

119 2127 189 2162 Pro
226 2125 344 2161 Tauri
363 2124 584 2161 Gerlachius
613 2125 648 2159 in
678 2129 834 2171 utraque
866 2124 928 2160 ed.
957 2125 1038 2160 sine
1065 2125 1139 2160 ulla
1163 2136 1313 2170 caussa,
1335 2127 1569 2162 temerarium

120 2181 242 2218 Coleri
262 2185 510 2216 commentum
532 2185 673 2216 temere
696 2186 860 2225 secutus,
883 2181 1034 2228 scripsit
1059 2180 1222 2226 Taurici.
1253 2203 1307 2206 —
1346 2182 1451 2218 Hunc
1482 2193 1570 2229 quo-

119 2250 191 2287 que
215 2239 338 2273 locum
359 2237 396 2272 in
418 2237 670 2283 descriptione
693 2237 798 2272 Ponti
821 2238 937 2273 fuisse
959 2249 1007 2272 ex
1023 2248 1067 2272 eo
1089 2242 1201 2283 patet,
1229 2237 1343 2284 quod,
1373 2249 1486 2285 quum
1510 2249 1570 2274 ne-

119 2306 191 2343 que
222 2294 398 2330 Lucullus
430 2304 550 2339 neque
581 2294 780 2339 Pompeius
810 2293 857 2328 ad
879 2293 1033 2329 Tanaim
1064 2305 1182 2340 usque
1203 2298 1238 2329 et
1267 2293 1568 2331 Chersonnesum

59 2379 61 2382 -
117 2351 317 2388 Tauricam
351 2350 545 2396 progressi
582 2354 728 2393 essent,
763 2350 798 2384 in
830 2361 952 2385 rerum
981 2350 1199 2386 bellicarum
1229 2352 1440 2387 narratione
1475 2351 1569 2387 haec

119 2409 218 2445 nullo
238 2410 348 2454 pacto
378 2407 452 2453 legi
471 2410 683 2452 potuerunt.
723 2406 774 2440 De
799 2406 955 2441 Achaeis
980 2408 1029 2441 cf.
1046 2405 1168 2443 Strab.
1188 2406 1251 2442 XI.
1271 2418 1309 2453 p
1325 2409 1407 2445 753.
1443 2406 1483 2443 C.
1506 2407 1569 2443 Al-

121 2466 210 2501 mel.
251 2458 355 2512 Περὶ
386 2458 428 2499 δὲ
454 2453 545 2524 τὴν
557 2458 698 2509 λίμνην
726 2464 800 2506 (sc.
822 2454 1056 2507 Μαιωτιδα)
1087 2461 1289 2499 Μαιῶται.
1328 2454 1428 2528 πρὸς
1453 2457 1496 2499 δὲ
1522 2461 1571 2513 τῇ

116 2513 297 2583 θαλάττῃ
311 2518 382 2555 τοῦ
410 2510 619 2581 Βοσπόρου
648 2510 695 2554 τὰ
724 2508 824 2585 aaz&
850 2510 923 2566 τὴν
939 2509 1075 2555 Ἀσίαν
1104 2514 1196 2565 ἐστὶ,
1226 2531 1294 2555 και
1322 2511 1347 2567 ἡ
1376 2514 1568 2566 Σινδική·

118 2568 231 2638 μετὰ
233 2571 275 2612 δὲ
293 2569 440 2638 ταύτην
457 2565 644 2636 Ἀχαιο
635 2586 648 2610 ι
669 2586 736 2610 και
756 2571 881 2636 Ζυγοὶ
902 2571 969 2611 καὶ
981 2568 1168 2624 Ηνίοχοι.
1207 2575 1263 2611 Id.
1288 2575 1336 2611 ib.
1357 2587 1396 2621 p.
1416 2576 1497 2612 758.
1519 2574 1566 2610 A.

119 2623 237 2670 Μετὰ
260 2627 301 2668 δὲ
323 2624 396 2680 τὴν
412 2621 608 2679 Σινδικὴν
637 2626 703 2697 κιαὶ
724 2622 796 2678 τὴν
817 2627 1103 2681 Γοργιππίαν’
1085 2627 1148 2667 επὶ
1173 2630 1232 2696 τῇ
1240 2624 1418 2692 θαλάττῃ
1436 2621 1461 2678 ἡ
1489 2629 1568 2666 τῶν

114 2682 324 2753 Ἀχαιῶν
351 2684 418 2724 καὶ
438 2687 580 2737 Ζυγῶν
599 2699 668 2724 και
685 2678 882 2752 Ἡνιόχων
905 2684 1078 2736 παραλία
1097 2678 1140 2723 τὸ
1159 2682 1278 2723 πλέον
1298 2677 1477 2748 ἀλίμενος
1496 2681 1564 2721 καὶ

117 2735 250 2795 ὀρεινὴ
276 2744 346 2780 τοῦ
372 2738 590 2781 Καυκάσου
619 2739 734 2793 μέρος
758 2733 875 2781 ουσα·
909 2743 1002 2789 ζῶσι
1030 2739 1072 2779 δὲ
1093 2734 1171 2780 ἀπὸ
1196 2741 1274 2779 τῶν
1289 2733 1389 2779 κατὰ
1411 2735 1562 2779 θάλατ-
