1774 3002
146 147 231 191 380
621 155 662 192 C.
692 154 922 194 SALLUSTI
952 156 1101 194 CRISPI

283 284 351 326 41.
407 279 634 341 [Lenaeus
653 281 920 335 Sallustium,
942 281 1087 344 quod]
1109 281 1363 342 Pompeium
1392 281 1481 327 oriS
1498 281 1584 327 im-

143 362 293 422 probi,
322 363 466 410 animo
491 364 788 410 inverecundo
816 364 1104 427 [scrzjtsessea
1133 365 1410 412 acerbes-sima
1444 367 1584 413 satira

145 446 395 508 laceravit]

259 606 319 642 Fr.
341 609 400 644 41.
445 603 559 654 [Cort.
587 618 625 654 p.
656 609 735 645 998.
765 607 862 646 Gerl.
893 609 953 646 ed.
987 610 1074 646 mai.
1104 611 1178 646 Ine.
1209 614 1243 649 6.
1274 610 1334 647 ed.
1358 610 1447 646 min.
1469 609 1508 654 ll,
1527 613 1585 647 20.

146 673 183 709 p.
204 665 285 708 201,
314 667 370 701 21.
407 663 517 700 Debr.
537 664 583 709 V,
605 664 681 708 44]
742 663 895 701 Sueton.
927 666 974 702 de
1006 667 1137 703 illustr.
1167 678 1325 714 gramm.
1357 678 1390 703 c.
1419 671 1476 705 15.
1539 666 1587 703 Os

145 719 348 766 improbum
368 720 535 767 Pompeii
560 731 796 767 concoquere
818 723 1038 770 interpretes
1060 735 1133 759 non
1164 727 1385 770 potuerunt,
1417 723 1504 769 quia
1525 722 1587 758 alii

148 776 349 822 scriptores
371 777 482 824 plane
499 778 725 813 contrarium
746 779 784 814 in
805 790 849 814 eo
871 780 1037 825 laudant,
1059 781 1163 817 velut
1184 781 1275 816 Plin.
1299 780 1341 815 H.
1361 780 1404 815 N.
1426 779 1508 823 VII,
1530 783 1584 817 10.

145 831 284 880 Mayno
306 833 479 881 Pompeio
518 833 641 870 Vibius
666 835 813 882 quidam
843 846 863 872 e
882 836 991 883 plebe
1019 841 1053 872 et
1072 834 1255 873 Publicius
1284 838 1391 872 etiam
1417 835 1588 871 servitute

146 888 320 925 liberatus
349 891 548 927 indiscreta
570 901 697 938 prope
722 893 843 939 speeie
862 891 973 939 suere
991 894 1148 939 similes,
1175 893 1293 929 illud
1321 903 1370 929 os
1389 892 1587 939 probum

146 946 340 982 reddentes
368 948 558 994 ipsumque
584 947 758 984 honorem
785 951 942 985 eximiae
967 948 1116 997 frontis.
1178 949 1231 985 Id.
1262 949 1312 985 ib.
1338 947 1586 992 XXXV11,⁷2.

147 1001 276 1051 Imayo
311 1003 374 1040 Cn.
403 1004 572 1051 Pompeii
597 1015 616 1040 e
643 1007 877 1052 maryaritis,
909 1007 970 1042 illa
997 1007 1096 1054 reyio
1123 1006 1263 1043 honore
1289 1009 1418 1054 yrata,
1447 1005 1462 1040 i
1470 1005 1484 1040 t
1492 1005 1506 1040 l
1514 1005 1588 1040 ius

140 1059 287 1107 probi
314 1062 413 1096 oris
441 1061 707 1108 verecundique
726 1072 802 1109 per
829 1067 980 1098 cunctas
1008 1066 1143 1110 yentes,
1165 1063 1228 1099 illa
1240 1063 1396 1109 *inquam
1415 1071 1466 1098 ex
1485 1073 1587 1097 mar-

144 1117 286 1164 yaritis,
307 1118 496 1153 severitate
515 1119 607 1154 vieta
628 1121 663 1153 et
683 1120 825 1154 veriore
841 1120 1014 1155 luxuriae
1034 1119 1229 1167 triumpho.
1273 1118 1420 1155 Seneca
1441 1118 1510 1164 Ep.
1532 1122 1586 1156 11.

146 1173 250 1209 Nihil
276 1176 359 1209 erat
391 1174 582 1210 mollius
616 1184 696 1210 ore
731 1174 898 1222 Pompeii
906 1191 916 1215 ,·
952 1187 1140 1223 nunquam
1166 1186 1241 1212 non
1269 1185 1396 1211 coram
1418 1174 1589 1221 pluribus

146 1229 302 1266 erubuit.
361 1230 407 1267 Ut
435 1234 557 1266 autem
588 1231 624 1266 in
656 1231 763 1267 Plinii
794 1232 887 1268 locis
921 1232 1012 1268 illud
1034 1243 1245 1278 pronomen
1265 1231 1331 1274 (de
1354 1232 1462 1268 cuius
1482 1231 1520 1266 vi
1543 1231 1588 1267 cl'.

147 1286 349 1323 Grammat.
382 1287 443 1322 lat.
475 1291 591 1322 nostr.
620 1289 652 1330 §.
676 1291 734 1332 21,
762 1291 798 1326 6.
826 1288 942 1325 addit.
971 1300 1003 1324 c.
1027 1300 1066 1335 p.
1086 1289 1188 1332 301.)
1209 1288 1372 1324 ostendit
1391 1288 1506 1335 vulgo
1530 1299 1591 1323 cc-

146 1344 328 1379 lebratum
348 1343 478 1383 juisse
506 1343 672 1390 Pompeii
692 1356 734 1379 os
755 1346 932 1391 probum,
966 1345 1015 1380 ita
1036 1344 1188 1381 dubium
1210 1355 1284 1380 non
1303 1348 1379 1388 est,
1402 1345 1490 1391 quin
1511 1341 1592 1380 Sal-

148 1399 280 1436 lustius
302 1399 374 1436 hac
396 1400 479 1446 ipsa
497 1399 610 1435 laude
632 1400 820 1447 Pompeii,
843 1402 980 1448 quippe
1003 1412 1112 1448 quem
1133 1400 1299 1446 odisset,
1327 1400 1496 1439 offensus
1527 1401 1592 1436 t'al-

150 1467 304 1502 samque
328 1467 411 1492 eam
429 1454 591 1502 habens,
620 1456 666 1492 de
689 1457 872 1494 industria
900 1469 986 1494 eum
1011 1457 1145 1494 dixerit
1171 1458 1247 1493 oris
1274 1457 1444 1504 improbi,
1467 1457 1590 1493 animo

149 1512 426 1557 inverecundo,
457 1523 552 1559 quae
582 1515 666 1560 ipsa
688 1524 826 1550 caussa
854 1515 939 1559 suit,
971 1518 1008 1549 ut
1036 1515 1207 1550 Lenaeus
1238 1517 1431 1560 tantopere
1462 1514 1497 1549 ei
1519 1514 1591 1550 ira-

149 1573 328 1606 sceretur.
388 1569 602 1616 Improbum
634 1579 675 1606 os
710 1569 814 1616 haud
853 1571 965 1607 dubie
1000 1571 1051 1606 illi
1083 1571 1208 1607 tribuit
1237 1572 1283 1607 ob
1304 1581 1487 1607 summam
1509 1570 1589 1606 eius

149 1626 399 1662 simulantiam
427 1630 537 1671 atque
569 1626 787 1671 falsitatem,
820 1638 893 1673 qua
911 1638 979 1674 per
999 1631 1111 1663 totam
1133 1627 1246 1662 vitam
1267 1628 1456 1671 utebatur,
1482 1627 1532 1662 ita
1554 1631 1592 1662 ut

149 1692 300 1728 semper
327 1681 429 1718 aliud
459 1692 523 1717 ore
544 1693 635 1728 prae
661 1693 701 1718 se
732 1677 863 1728 ferret,
893 1683 995 1719 aliud
1016 1687 1139 1719 mente
1162 1682 1393 1719 reconditum
1408 1684 1589 1730 agitaret3

150 1739 195 1775 cl'.
219 1737 319 1774 Coel.
350 1738 387 1773 in
419 1737 495 1774 Cic.
516 1739 610 1785 Epp.
643 1738 691 1774 ad
719 1739 861 1775 Famm.
882 1739 977 1783 VIII,
1001 1743 1035 1784 1,
1059 1741 1094 1778 7.
1155 1738 1254 1775 Solet
1274 1738 1471 1786 Pompeius
1490 1739 1594 1775 aliud

148 1796 284 1832 sentire
302 1798 339 1831 et
359 1795 475 1842 loqui,
501 1804 618 1842 neque
638 1798 775 1831 tantum
794 1797 917 1832 valere
934 1797 1095 1843 inqenio,
1121 1801 1162 1832 ut
1179 1805 1252 1830 non
1271 1799 1476 1842 appareat,
1504 1795 1594 1842 quid

150 1852 288 1899 cupiat.
292 1860 300 1868 ·
335 1850 411 1888 Cic.
439 1851 535 1898 Epp.
565 1851 613 1887 ad
643 1851 752 1887 Attic.
779 1852 844 1896 IV,
864 1857 919 1897 15,
942 1854 976 1890 7.
1017 1851 1214 1899 Pompeius
1235 1850 1381 1898 fremit,
1411 1852 1589 1907 queritur,

151 1909 297 1946 Scauro
323 1908 461 1945 studet
489 1907 556 1944 sed
573 1912 696 1944 utrum
721 1908 846 1955 fronte
871 1920 922 1944 an
944 1912 1083 1954 mente,
1111 1908 1308 1945 dubitatur.
1346 1907 1530 1943 Plutarch.
1551 1908 1589 1944 in

150 1968 282 2013 Pomp.
318 1976 349 2001 c.
371 1967 430 2009 30,
451 1968 546 2000 extr.
585 1956 732 2009 Αὐτὸς-
749 1960 791 2001 δὲ
818 1957 1025 2013 δεξάμενος
1051 1956 1100 2001 τὰ
1125 1956 1335 2014 γράμματα
1363 1959 1431 2000 καὶ
1457 1956 1589 2001 πυθό-

151 2034 266 2086 μενος
298 2012 346 2058 τὰ
376 2016 591 2070 δεδογμένα
619 2023 692 2067 (sc.
726 2023 907 2068 perlatam
930 2023 1066 2085 legem
1095 2021 1322 2066 Maniliam)‚
1357 2019 1437 2056 τῶν
1451 2015 1591 2067 φίλων

151 2071 360 2142 παρόντων
391 2089 459 2113 και
488 2073 786 2126 συνηδομένων,
824 2069 893 2122 τὰς
922 2068 1048 2141 ὀφρῦς
1078 2073 1228 2141 λέγεται
1254 2075 1493 2140 συναγαγεῖν
1523 2072 1591 2113 και

152 2126 221 2172 τὸν
246 2126 373 2199 μηρὸν
400 2127 569 2179 πατάξαι
599 2146 666 2170 και
697 2131 819 2171 εἰπεῖν
840 2126 891 2179 ὡς
920 2147 972 2171 αν
990 2127 1258 2193 βαρυνόμενος
1274 2125 1353 2196 ἤδη
1371 2128 1438 2168 καὶ
1459 2128 1588 2181 δυςχε-

153 2189 302 2241 ραίνων
323 2183 366 2228 τὸ
387 2183 533 2239 ἄρχειν·
597 2189 680 2227 Φεῦ
703 2190 782 2228 τῶν
807 2182 1015 2239 ἀνηνύτων
1043 2184 1202 2237 ἄθλων,
1233 2180 1286 2233 ὡς
1309 2201 1388 2239 αρα
1416 2189 1590 2253 κρεῖττον

151 2242 205 2302 ἦν
222 2243 292 2286 ἕνα
310 2247 389 2284 τῶν
402 2240 555 2293 ἀδόξων
572 2243 771 2297 γενέσθαι,
781 2244 816 2283 εἰ
827 2243 1017 2309 μηδέποτε
1034 2254 1239 2307 παυσομαι
1252 2239 1587 2308 στρατευσόμενος,

152 2302 251 2359 μηδὲ
279 2298 348 2341 τὸν
377 2297 536 2369 φθόνον
564 2303 704 2340 τοῦτον
739 2297 873 2348 ἐκδὺς
887 2299 930 2340 ἐν
965 2293 1076 2366 ἆγρῷ
1110 2294 1360 2351 διαιτήσομαι
1398 2293 1494 2350 μετὰ
1521 2300 1590 2350 τῆς

153 2354 353 2416 γυναικός.
415 2351 508 2422 Ἐφ’
542 2352 615 2404 οἷς
641 2356 936 2409 λεγομένοις
965 2351 1062 2396 οὐδ’
1090 2356 1140 2396 οἰ
1172 2352 1316 2394 πάνυ
1346 2351 1589 2420 συνήθεις

155 2419 342 2482 ἔφερον
384 2406 538 2453 αὐτοῦ
571 2407 663 2464 τὴν
696 2413 984 2466 εἰρωνείαν,
1017 2408 1357 2481 γινωσκοντες
1399 2425 1475 2450 οτι
1506 2413 1588 2477 τῆς

155 2467 378 2539 ἕμφυτου
420 2469 712 2521 φιλοτιμίας
748 2468 829 2508 καὶ
868 2471 1135 2537 φιλαρχίας
1171 2464 1470 2518 ὑπέκκαυμα
1501 2462 1588 2518 τὴν

154 2524 274 2584 πρὸς
313 2522 606 2566 Λευκολλον
644 2524 768 2576 ἔχων
809 2523 1060 2578 διαφοραν
1102 2520 1337 2577 μειζόνως
1373 2522 1584 2574 ἔχαιρεν.

154 2587 443 2631 Inverecundia,
471 2587 688 2632 plerumque
719 2596 803 2620 cum
836 2585 1045 2622 simulantia
1076 2585 1291 2627 coniuncta,
1327 2582 1540 2629 intelligitur
1565 2593 1589 2617 a

156 2644 332 2684 Sallustio
368 2643 587 2679 insatiabilis
619 2642 806 2705 potentiae
845 2641 1030 2687 cupiditas
1066 2646 1101 2678 et
1136 2639 1367 2687 arrogantia,
1405 2649 1478 2685 qua
1510 2642 1588 2674 erat

156 2701 355 2749 Pompeius
381 2700 417 2735 in
445 2710 598 2743 omnes,
624 2699 686 2746 qui
717 2698 788 2744 ipsi
817 2697 1070 2744 displicerent.
1129 2698 1194 2734 His
1223 2696 1352 2742 igitur,
1375 2694 1506 2745 quibus
1527 2705 1589 2730 co-

157 2760 282 2796 dicum
302 2755 486 2803 scriptura
506 2756 596 2791 satis
619 2754 850 2799 defenditur,
877 2765 951 2790 non
973 2753 1219 2791 consideratis
1241 2751 1404 2787 editores
1422 2750 1590 2797 plerique
