1774 3002
128 176 214 219 342
613 178 653 215 C.
685 178 915 216 SALLUSTI
947 176 1098 217 CRISPI

765 357 854 391 CAP.
882 358 940 390 III.

131 427 263 460 Bellum
290 426 545 460 Macedonicum
570 438 609 460 ac
633 427 829 462 Thracium.
879 427 925 461 M.
954 426 1087 459 Luculli
1121 425 1295 469 expeditio
1322 425 1356 457 in
1383 403 1573 460 Thraciam.

265 616 333 658 46.
390 611 542 671 Mysii,
570 626 683 672 quos
701 610 995 673 [Sallustius]
1024 627 1050 657 a
1071 610 1255 657 Lucullo
1287 609 1449 672 [decit]
1475 625 1576 658 esse

129 696 377 756 superatos.

129 850 228 886 niam
249 859 346 896 quae
368 849 524 896 impiyre
544 847 648 892 fiunt,
671 846 844 884 celeriter
864 850 901 883 et
932 847 1013 883 sine
1042 846 1309 894 impedimento
1330 850 1575 895 peraguntur,

127 905 255 943 haud
281 907 372 953 imp
384 907 485 954 iqre
513 904 690 942 occiditur
712 903 900 951 significat
918 903 1021 941 haud
1039 904 1148 952 facili
1163 906 1302 953 negotio
1324 904 1418 948 sive,
1447 908 1486 940 ut
1506 904 1575 941 Ta-

129 963 223 999 citus
255 962 355 998 Ann.
375 963 402 1006 Ι,
424 965 458 1008 6,
483 967 517 1000 1.
551 961 597 997 de
634 962 813 998 Postumo
843 960 1015 1009 Agrippa
1045 961 1158 1007 dixit,
1191 971 1338 1010 aeyre
1369 962 1573 1009 conficitur.

129 1020 210 1064 Quo
233 1024 272 1056 ut
291 1019 488 1065 indicatur,
510 1030 607 1064 eum,
630 1019 691 1066 qui
713 1019 863 1055 occisus
878 1018 1024 1064 dicitur,
1045 1018 1289 1056 vehementer
1311 1019 1449 1066 diuque
1469 1020 1574 1055 resti-

129 1077 219 1113 tisse
239 1075 559 1124 aggredientibus,
581 1076 631 1112 ita
651 1076 778 1112 verbis
797 1085 915 1123 neque
935 1076 1070 1112 inultus
1093 1076 1165 1112 hoc
1191 1074 1433 1123 significatur,
1452 1076 1574 1123 prius÷

128 1144 239 1181 quam
260 1134 343 1181 ipse
367 1135 616 1178 occumberet,
633 1134 845 1179 complures
870 1134 916 1169 ab
936 1144 980 1169 co
1003 1143 1137 1169 caesos
1162 1133 1290 1169 fuisse.
1337 1132 1442 1168 Talia
1460 1144 1573 1180 quum

127 1194 423 1227 consentaneum
446 1190 493 1227 sit
514 1189 733 1226 Sallustium
762 1201 835 1226 non
857 1189 927 1226 nisi
956 1189 1003 1225 de
1029 1190 1234 1236 conspicuo
1258 1190 1382 1237 aliquo
1404 1190 1485 1226 vito
1511 1189 1572 1227 vel

127 1248 210 1295 ipso
232 1247 328 1284 duce
350 1257 539 1292 narrasse,
563 1248 699 1294 optime
717 1248 833 1285 verba
854 1247 1081 1284 conveniunt
1097 1247 1134 1282 in
1150 1247 1384 1294 Spartacum,
1405 1250 1572 1283 extrema

126 1315 275 1352 pugna,
306 1315 419 1351 quum
443 1315 589 1341 summa
613 1303 826 1340 fortitudine
851 1315 892 1339 se
915 1302 1167 1348 defendisset,
1199 1304 1381 1340 occisum.
1404 1304 1451 1340 cf.
1471 1304 1572 1347 Flor-

126 1362 185 1406 ΙΙΙ,
198 1363 325 1406 20,14.
361 1360 571 1408 Spartacus
592 1362 672 1408 ipse
689 1362 728 1397 in
740 1362 866 1408 primo
889 1362 1032 1408 aymine
1055 1359 1255 1408 fortissime
1274 1361 1454 1398 dunicans
1467 1361 1576 1422 quasi

126 1419 329 1466 imperator
349 1419 490 1455 occisus
510 1423 574 1454 est.
607 1417 795 1454 Plutarch.
816 1419 854 1454 in
876 1417 1002 1454 Crass.
1025 1422 1137 1463 c.11,
1161 1421 1255 1454 extr.
1288 1410 1454 1454 ’Ἑπειτα
1439 1406 1573 1481 πρὸς

127 1467 313 1525 Κράσσον
341 1465 462 1512 αὐτὸν
483 1465 713 1524 ὠθούμενος
739 1477 811 1538 (sc.
833 1465 855 1512 ὃ
873 1464 1128 1525 Σπάρτακος)
1156 1460 1224 1511 διὰ
1252 1472 1408 1511 πολλῶν
1439 1464 1572 1511 ὅπλων

128 1527 195 1568 καὶ
209 1525 452 1595 τραυμάτων
472 1527 622 1568 ἐκείνου
645 1527 717 1580 μὲν
735 1521 810 1569 οὐκ
834 1528 986 1580 ἔτυχεν,
1014 1524 1298 1595 ἑκατοντάρχας
1319 1525 1362 1568 δὲ
1381 1522 1455 1568 δύο
1474 1539 1571 1593 συμ-

126 1581 314 1633 πεσόντας
335 1579 474 1625 ἆνεῐλε.
497 1584 615 1632 Τέλος
634 1584 696 1636 δὲ,
718 1581 928 1651 φυγόντων
947 1587 1026 1624 τῶν
1043 1584 1132 1637 περὶ
1154 1579 1294 1636 αὐτὸν,
1318 1579 1435 1632 αυτὸς
1457 1579 1574 1632 ἑστὼς

128 1640 195 1681 καὶ
215 1641 498 1689 κυκλωθεὶς
517 1637 609 1681 ὑπὸ
629 1644 827 1682 πολλῶν
848 1635 1163 1707 ἀμυνόμενος
1187 1636 1450 1709 κατεκόπη
1494 1644 1570 1692 Ap-

127 1702 229 1748 pian.
249 1701 291 1737 B.
314 1701 352 1739 C.
377 1702 403 1746 Ι,
427 1706 506 1744 120,
528 1701 627 1737 med.
695 1694 954 1765 Τιτρώσκεται
974 1692 1043 1737 τὸν
1062 1691 1187 1764 μηρὸν
1204 1693 1226 1738 ὃ
1242 1696 1482 1764 Σπάρτακος
1502 1698 1573 1738 δο-

128 1755 262 1821 ρατίω,
284 1753 351 1794 καὶ
375 1750 617 1821 συγκαμψας
645 1753 682 1803 ἐς
701 1750 743 1794 τὸ
766 1750 867 1807 γόνυ
891 1753 958 1794 καὶ
974 1748 1185 1822 προβαλων
1211 1749 1285 1806 τὴν
1306 1747 1455 1794 ασπίδα
1474 1748 1571 1806 πρὸς

127 1805 219 1859 τοὺς
234 1807 414 1866 ἐπιόντας
433 1805 670 1863 ἆπεμαχετο
692 1810 832 1865 μέχρι
852 1827 936 1851 και
957 1805 1105 1858 αὐτὸς
1125 1809 1208 1851 καὶ
1228 1804 1353 1851 πολυ
1373 1812 1570 1863 πλῆθος

128 1862 246 1919 ἄμφ’
269 1861 421 1907 αὐτὸν
442 1867 711 1908 κυκλωθέν
719 1882 793 1916 τες
815 1867 1000 1908 ἐ’.πεσον

239 1928 299 1965 Fr.
322 1929 379 1966 46.
407 1927 521 1974 [Cort.
542 1940 580 1975 p.
605 1933 708 1966 1011.
733 1929 830 1964 Gerl.
853 1928 912 1964 ed.
935 1928 1021 1964 mai.
1043 1928 1118 1964 Ine.
1139 1929 1221 1966 207.
1245 1927 1304 1965 ed.
1327 1927 1415 1964 min.
1434 1927 1497 1973 IV,
1511 1909 1569 1967 53.

126 1997 162 2032 p.
182 1988 263 2031 229,
281 1988 317 2024 3.
347 1985 455 2021 Debr.
477 1985 523 2029 V,
545 1989 602 2023 21.
606 1986 619 2029 ]
675 1986 810 2030 Locus,
841 1997 863 2021 a
891 1984 1026 2029 Servio
1058 1984 1108 2021 ad
1135 1984 1242 2031 Virg.
1266 1984 1362 2020 Aen.
1388 1983 1468 2029 vll,
1487 1983 1568 2024 6054.

127 2042 274 2088 allatus,
292 2042 414 2088 magis
435 2053 525 2086 rem,
545 2053 566 2077 a
588 2041 679 2079 Sall.
701 2046 899 2087 narratam,
920 2053 1031 2088 quam
1053 2042 1134 2077 eius
1153 2043 1267 2078 verba
1284 2041 1459 2078 continet.
1485 2042 1573 2078 Per-

129 2098 217 2134 tinet
240 2102 364 2135 autem
385 2099 413 2134 F
417 2109 534 2145 ragm.
558 2098 607 2134 ad
628 2099 676 2136 M.
699 2099 859 2144 Luculli,
894 2098 1139 2134 Macedoniae
1167 2099 1421 2144 proconsulis,
1450 2108 1513 2134 res
1533 2099 1571 2135 in

127 2154 287 2190 Thracia
307 2159 460 2202 gestas3
483 2155 530 2191 cs.
557 2155 666 2191 Oros.
687 2156 751 2200 VI,
773 2159 807 2194 3.
849 2154 904 2191 M.
925 2155 1110 2199 Lucullus,
1141 2156 1205 2202 qui
1223 2155 1374 2192 Curioni
1390 2155 1430 2192 in
1447 2153 1572 2193 Mace-

127 2211 235 2247 donia
257 2214 488 2247 successerat
506 2211 610 2255 (v.-I‹'
612 2223 641 2247 r.
665 2212 708 2256 ΙΙ,
731 2213 823 2257 41.),
844 2215 951 2248 totam
972 2211 1172 2248 Bessorum
1191 2215 1333 2259 geniem
1345 2211 1435 2248 bello
1455 2222 1571 2260 appe-

127 2269 227 2304 titam
250 2269 288 2303 in
308 2268 522 2304 deditionem
544 2269 693 2315 recepit.
738 2269 890 2315 Eutrop.
912 2268 975 2313 VI,
997 2271 1051 2305 lo.
1108 2268 1296 2314 Lucullus,
1319 2269 1384 2316 qui
1396 2267 1571 2305 Macedo-

59 2361 62 2365 ,
127 2325 227 2360 niam
246 2324 537 2370 administrabat,
561 2324 684 2360 Bessis
696 2326 845 2371 primus
864 2324 1118 2361 Romanorum
1144 2325 1263 2361 intulit
1285 2325 1436 2370 bellum,
1465 2329 1573 2373 alque

127 2391 189 2418 eos
207 2382 343 2428 inqenli
359 2381 504 2427 proelio
523 2381 562 2416 in
585 2380 726 2417 Haemo
746 2385 864 2419 monle
882 2382 1089 2428 superavit,
1117 2381 1292 2428 oppidum
1319 2381 1573 2427 Uscudamam,

127 2438 225 2485 quod
241 2438 353 2474 Bessi
371 2436 604 2481 habitabant,
632 2438 755 2474 eodem
775 2438 849 2484 die,
879 2448 949 2485 quo
969 2447 1166 2485 ayyressus
1184 2442 1256 2483 est,
1286 2439 1386 2484 vicii,
1415 2438 1575 2487 Cabylen

127 2495 233 2541 cepit,
254 2503 368 2541 usque
386 2493 595 2530 Danubium
621 2496 842 2540 penetravit.
903 2493 997 2529 Inde
1012 2495 1144 2530 mullas
1163 2505 1281 2542 supra
1300 2467 1457 2531 Pon'tum
1472 2495 1572 2542 posi-

127 2554 183 2587 tas
203 2551 362 2587 civitates
382 2560 578 2598 ayyressus
598 2556 663 2587 est.
722 2549 808 2586 Illic
826 2551 1056 2597 Apolloniam
1075 2553 1210 2597 evertit,
1238 2551 1391 2597 Calatia,
1413 2550 1571 2588 Parme-

126 2607 285 2654 nopolin,
309 2607 450 2653 Tomos,
465 2607 645 2652 Histrum,
662 2607 911 2643 Burziaonem
929 2608 1020 2651 (scr
1033 2605 1230 2655 Bizonem)
1247 2609 1352 2654 cepit.
1383 2607 1465 2643 Liv.
1475 2604 1569 2653 Epit.

126 2663 270 2700 XCVII.
317 2662 372 2699 M.
388 2663 563 2700 Lucullus
578 2665 785 2726 proconsul
808 2663 976 2700 Thracas
998 2664 1146 2712 subeqit.
1193 2664 1355 2711 Appian.
1374 2663 1512 2725 Illyric.
1535 2675 1568 2699 c.

126 2723 184 2759 30
225 2710 397 2764 Μυσους
416 2713 588 2769 Μαρκος
614 2711 839 2765 Λεύκολλος
860 2740 915 2746 -
946 2716 1183 2782 κατέδραμε,
1212 2715 1280 2757 καὶ
1304 2714 1344 2764 ἐς
1361 2709 1430 2756 τὸν
1446 2729 1567 2755 ποτα-

125 2767 202 2825 μὸν
229 2767 430 2827 ἐμβαλὼν,
459 2772 564 2814 ἔνθα
583 2771 682 2814 εἰσιν
707 2767 927 2825 Ἑλληνίδες
941 2773 985 2823 ἐξ
1004 2769 1157 2824 πόλεις,
1190 2775 1353 2821 Μυσοῖς
1370 2768 1569 2826 πάροικοι,
