1774 3002
160 157 245 200 330
642 165 682 203 C.
717 166 947 205 SALLUSTI
979 168 1130 207 CRISPI

298 293 366 335 26.
422 290 611 338 Revorsi
646 293 828 352 postero
866 293 954 349 die,
987 294 1143 351 multa,
1177 310 1290 356 quae
1317 299 1603 355 properantes

161 372 448 420 deseruerant
482 375 523 420 in
554 377 730 433 castris,
768 377 905 434 nacti,
938 394 1071 440 quum
1107 394 1156 424 se
1189 379 1246 424 ibi
1286 378 1381 424 cibo
1410 378 1602 441 vinoque

157 456 259 503 laeti
293 458 538 505 invitarent.

154 618 343 665 frumenti,
366 624 513 666 patrum
531 620 799 667 festinationem
820 626 938 658 ortam
959 634 1045 659 esse
1067 627 1170 670 putat
1202 625 1298 660 same
1318 625 1393 669 illa,
1415 635 1489 671 qua
1511 625 1599 660 urbs

158 686 192 711 a.
215 678 274 714 75.
293 688 327 712 a.
352 676 437 714 Chr.
461 688 496 712 n.
523 680 729 715 vexabatur
762 680 803 715 L.
828 679 984 717 Octavio
1013 683 1049 715 et
1078 679 1118 716 C.
1142 679 1246 716 Cotta
1273 692 1374 718 coss.
1402 682 1451 718 cs.
1467 682 1532 717 Fr.
1554 681 1597 722 11,

154 734 214 770 48.
272 733 376 770 Hauc
397 736 597 771 verborum
618 736 907 782 explicationem
921 737 1151 774 ·Gerlachius
1174 738 1260 773 Vol.
1279 738 1340 773 ΙΙΙ.
1360 750 1398 784 p.
1420 742 1500 778 118.
1521 749 1598 774 am·

153 789 290 836 plexus
312 791 349 826 in
379 791 438 827 ed.
460 792 548 827 min.
570 803 702 829 rursus
726 793 902 839 deseruit,
926 794 972 830 de
993 794 1038 829 iis
1060 805 1183 830 rerum
1204 795 1390 841 angustiis
1413 795 1596 842 cogitans,

154 847 289 893 quibus
319 853 472 885 senatus
492 848 674 897 Lepidani
702 852 879 887 tumultus
899 854 1064 898 tempore
1083 850 1378 888 conflictabatur.

266 904 328 941 Fr.
347 909 405 944 26.
431 903 548 955 [Cort.
568 918 605 953 p.
629 909 709 946 991.
741 908 838 944 Gerl.
861 908 922 944 ed.
943 909 1031 944 mai.
1052 909 1115 954 lV,
1135 912 1193 947 32.
1220 909 1282 944 ed.
1311 909 1400 944 min.
1420 908 1482 954 lv,
1501 911 1536 947 6.
1556 920 1594 955 p.

151 965 233 1006 225,
255 966 311 1001 10.
333 963 443 999 Debr.
461 963 524 1008 IV,
542 965 595 1008 7.]
644 964 758 1011 Apud
779 966 952 1011 Nonium,
983 966 1045 1012 qui
1068 965 1130 1010 IV,
1151 969 1234 1004 232.
1255 977 1291 1012 p.
1313 968 1394 1012 320,
1410 969 1472 1004 24.
1498 959 1595 1001 Mer-

152 1029 228 1055 cer.
250 1019 345 1056 haec
366 1021 495 1065 attulit,
518 1024 691 1068 corrupte
716 1022 852 1069 legitur
871 1026 905 1058 et
922 1024 1019 1058 versi
1042 1035 1079 1069 p.
1105 1022 1141 1058 d.
1162 1023 1364 1070 multoque,
1388 1033 1485 1069 quae
1505 1022 1596 1059 vitia

152 1074 279 1112 Carrio
300 1078 394 1112 bene
411 1078 573 1114 sustulit.
632 1077 686 1114 De
708 1079 875 1126 fugitivis
897 1081 1020 1115 locum
1040 1084 1139 1115 recte
1160 1079 1341 1115 intellexit
1355 1079 1593 1123 Debrossius,

150 1131 221 1168 sed
249 1144 446 1180 perperam
469 1134 516 1170 de
538 1135 646 1171 Gellii
677 1135 809 1171 castris
831 1147 852 1171 a
875 1135 984 1172 Crixo
1006 1136 1195 1183 Gallisque
1222 1138 1341 1183 captis
1363 1135 1593 1183 direptisque

149 1189 432 1237 interpretatur3
455 1191 553 1227 Crixi
575 1192 673 1227 enim
695 1203 796 1228 mors
816 1193 890 1228 iam
910 1194 1018 1228 tertio
1042 1194 1136 1229 libro
1159 1197 1309 1230 narrata
1329 1193 1406 1230 suit.
1435 1192 1473 1230 Si
1495 1193 1531 1228 in
1553 1204 1592 1228 re

149 1247 312 1283 obscura
333 1248 475 1295 aliquid
497 1246 684 1285 ceniicere
715 1249 811 1295 licet,
833 1250 1021 1296 quoniam,
1051 1261 1099 1286 ex
1121 1262 1194 1297 quo
1217 1250 1378 1287 Crassus
1396 1250 1593 1297 imperium

147 1304 316 1349 obtinuit,
339 1305 485 1352 fugitivi
513 1307 698 1342 continuis
719 1307 888 1342 cladibus
909 1306 1033 1343 affecti
1058 1311 1154 1353 sunt,
1174 1311 1323 1354 praeter
1342 1307 1458 1351 initio,
1479 1317 1592 1353 quum

147 1361 369 1407 Mummius,
404 1360 529 1398 Crassi
561 1364 720 1409 legatus,
743 1364 891 1399 iniussu
913 1363 1020 1400 ducis
1055 1374 1222 1411 pugnam
1243 1374 1448 1400 conserens
1468 1364 1592 1400 vietus

149 1421 217 1463 est,
249 1418 298 1454 ad
324 1417 422 1454 hanc
449 1417 703 1456 Romanorum
733 1421 861 1467 sugam
884 1421 1146 1468 Fragmentum
1176 1422 1308 1457 referri
1339 1431 1454 1467 posse
1482 1424 1591 1468 puta-

147 1475 280 1511 verim.
303 1476 350 1512 cl'.
376 1476 563 1512 Plutarch.
585 1478 622 1512 in
647 1476 771 1513 Crass.
790 1488 822 1512 c.
841 1481 897 1521 10,
918 1477 967 1512 in.
1007 1471 1438 1527 Κράσσος-Μῶμον
1457 1472 1592 1542 κύκλῳ

145 1527 420 1595 περιέπεμψεν,
443 1527 608 1569 ἕπεσθαι
627 1528 810 1578 κελεύσας
823 1534 904 1578 τοῖς
921 1531 1131 1582 πολεμίοις,
1151 1530 1444 1583 συμπλέκεσθαι
1460 1529 1503 1571 δὲ
1521 1528 1590 1583 μὴ,

143 1583 243 1637 μηδὲ
265 1579 494 1654 ἁψιμαχεῖν.
547 1581 593 1627 Ο
620 1580 657 1626 δ’
683 1582 765 1638 ἅμα
788 1589 843 1641 τῷ
864 1590 1020 1639 πρῶτον
1049 1583 1105 1627 ἐπ’
1129 1586 1282 1636 ἐλπίδος
1309 1587 1496 1641 γενέσθαι
1514 1585 1589 1640 μά·
1601 1618 1605 1621 -

144 1657 218 1694 χην
250 1641 416 1707 θέμενος
446 1638 620 1695 ἡττήθη·
657 1642 763 1682 καὶ
773 1643 948 1683 πολλοι
982 1642 1070 1694 μὲν
1103 1644 1301 1696 ἔπεσον,
1338 1644 1518 1684 πολλοὶ
1539 1644 1590 1685 δὲ

143 1712 262 1738 ανευ
283 1701 378 1738 τῶν
399 1693 560 1739 όπλων
583 1714 858 1766 ‹psvyovveg
887 1696 1165 1751 ἐσώθησαν.
1224 1705 1277 1739 Ex
1307 1705 1441 1740 horum
1476 1705 1588 1751 igitur

142 1759 407 1806 persecutione
428 1761 572 1795 reversi
596 1771 656 1796 sei
661 1771 696 1795 vl
717 1760 754 1794 in
774 1760 921 1803 eastris,
947 1771 1042 1806 quae
1065 1760 1492 1808 Romaniproperantes,
1508 1762 1534 1798 i.
1551 1774 1585 1798 c.

142 1814 337 1869 praecipiti
359 1817 448 1863 fuga
476 1816 733 1862 deseruerant,
762 1817 876 1852 multa
896 1815 1024 1852 edulia
1043 1816 1196 1863 vinique
1217 1817 1365 1863 copiam
1387 1818 1482 1853 nacti
1501 1819 1584 1854 cibo

143 1873 308 1919 vinoque
330 1883 371 1909 se
395 1874 613 1919 invitabant,
642 1875 667 1909 i.
684 1883 720 1908 e.
747 1872 936 1919 epulando
963 1885 1007 1909 ac
1034 1873 1200 1919 potando
1230 1874 1486 1921 indulgebant.
1534 1876 1585 1911 ln

143 1930 215 1966 hac
237 1940 373 1967 sensus
389 1931 655 1977 perspicuitate
675 1929 898 1976 interpretes
920 1934 1041 1966 tamen
1061 1930 1253 1976 ambigunt
1274 1931 1320 1967 de
1340 1931 1585 1978 grammatica

144 1988 344 2023 verborum
365 1987 521 2023 ratione.
591 1987 737 2023 Cortius
767 1987 866 2022 enim
894 1986 1005 2023 valde
1036 1988 1263 2023 assentiente
1291 1987 1488 2024 Gerlachio
1508 1988 1587 2025 cibo

141 2044 293 2091 vinoque
313 2054 382 2090 pro
406 2043 541 2080 dativis
560 2043 685 2088 habet,
710 2045 829 2081 verba
858 2044 1052 2090 explicans
1076 2044 1275 2080 invitabant
1290 2054 1331 2080 se
1359 2044 1418 2080 ad
1435 2045 1585 2082 cibum

141 2102 407 2148 vinumque.
449 2100 490 2136 Id
515 2113 584 2148 per
604 2112 644 2137 se
673 2112 747 2136 non
769 2102 951 2136 absonum
973 2101 1088 2147 soret,
1118 2101 1149 2136 si
1171 2102 1325 2137 invitare
1346 2101 1446 2137 idem
1470 2106 1583 2146 esset,

142 2156 244 2204 quod
266 2159 443 2203 excitare,
466 2157 612 2194 hortari
619 2173 632 2198 ,·
651 2157 721 2194 sed
743 2157 920 2204 fugitivos
943 2158 1153 2193 esurientes
1182 2169 1204 2194 a
1223 2157 1498 2205 persequendis
1517 2158 1584 2194 ho-

142 2214 259 2250 stibus
276 2214 314 2249 in
331 2219 452 2250 castra
467 2214 662 2262 ingressos
679 2215 761 2260 quis
771 2213 900 2249 credat
913 2214 1128 2251 invitatione
1145 2214 1193 2250 ad
1204 2214 1391 2251 edendum
1402 2216 1555 2262 eguisse
1566 2214 1584 2251 ’.θ

141 2270 265 2316 Quare
285 2270 360 2306 alia
381 2271 442 2307 vis
462 2272 616 2307 invitare
636 2271 741 2306 verbi
763 2281 850 2306 esse
869 2269 1002 2314 debet,
1031 2280 1104 2316 quo
1128 2269 1238 2307 simul
1262 2274 1470 2314 structurae
1489 2272 1582 2320 ratio

68 2366 71 2369 Α
139 2330 313 2364 mutatur.
366 2327 547 2363 Nimirum
567 2326 768 2374 peculiaris
789 2327 828 2362 in
848 2337 889 2362 re
912 2327 1055 2374 epulari
1079 2327 1159 2362 eius
1184 2339 1274 2363 usus
1297 2331 1365 2373 est,
1386 2328 1494 2374 isque
1516 2327 1582 2368 du·

139 2384 240 2431 plex.
289 2383 383 2420 Nam
406 2384 566 2431 primum
591 2382 850 2420 invitare'sive
872 2383 991 2428 nude,
1024 2384 1105 2419 sive
1129 2382 1257 2419 addito
1279 2384 1511 2421 substantivo
1533 2385 1580 2421 de

138 2440 278 2488 hospite
301 2439 457 2486 dicitur,
484 2441 547 2488 qui
577 2440 749 2477 convivis
779 2440 895 2487 dapes
907 2439 1082 2486 praebet,
1106 2440 1188 2476 sive
1212 2441 1329 2487 epulis
1347 2450 1409 2477 eos
1436 2442 1580 2488 accepit,

140 2508 237 2544 quae
258 2490 529 2533 dicendi'ratio
555 2496 642 2533 inde
661 2496 868 2543 repetenda
892 2496 1062 2541 videtur,
1088 2496 1189 2543 quod
1208 2499 1427 2544 plerumque
1450 2496 1578 2533 adiun-

139 2554 238 2601 gitur
259 2553 467 2590 exhortatio
489 2555 571 2591 sive
593 2553 774 2598 invitatio,
799 2557 839 2589 ut
859 2553 909 2589 illi
930 2553 1113 2599 appositis
1136 2553 1296 2599 dapibus
1322 2554 1507 2598 truantur;
1531 2554 1577 2589 cf.

140 2608 248 2646 Caes.
270 2610 313 2645 B.
337 2609 377 2646 C.
397 2611 425 2655 1,
441 2613 543 2655 74,4.
587 2610 740 2647 Interim
760 2610 825 2645 alii
841 2619 927 2646 suos
946 2611 983 2645 in
1007 2613 1134 2646 castra
1153 2610 1390 2646 invitandi
1405 2619 1578 2645 caussa

137 2666 336 2703 adducunt.
380 2667 472 2703 Geli.
493 2668 571 2703 NN.
593 2666 678 2703 AA.
701 2665 797 2710 XIX,
820 2668 856 2704 7.
914 2665 1032 2702 Iulius
1051 2666 1193 2703 Paulus
1215 2676 1330 2714 saepe
1345 2676 1413 2702 nos
1430 2665 1482 2701 ad
1497 2675 1579 2702 sese

137 2721 308 2770 vocabat,
342 2726 377 2759 et
403 2724 640 2760 olusculis
673 2723 918 2770 pomisque
950 2724 1040 2758 satis
1066 2724 1214 2760 comiter
1232 2724 1444 2769 copioseque
1462 2723 1577 2758 invi—

137 2780 277 2817 tabat.
316 2779 444 2816 lustin.
466 2780 493 2825 Ι,
514 2784 549 2829 6,
561 2785 595 2818 5.
637 2779 794 2816 Eosdem
806 2783 960 2827 postera
981 2780 1039 2815 die
1057 2780 1252 2826 apparatis
1269 2779 1386 2826 epulis
1404 2779 1579 2814 invitat.
