1774 3002
476 167 806 208 msmmtmlm
832 167 1145 208 FRAGMENTA.
1204 169 1292 206 LlB.
1324 169 1366 206 ll.
1562 164 1644 208 1812

336 301 405 343 66.
460 294 614 344 Parva‘
648 292 793 358 legio*
819 294 984 341 flumen
1025 291 1283 341 transducta
1328 294 1476 340 mstra
1526 293 1644 339 dila-

198 379 319 426 tavit.

333 467 405 511 67.
459 461 521 508 At
556 460 644 517 illi,
676 459 836 522 quibus
867 474 940 506 res
970 458 1197 523 incognita
1223 461 1339 516 erat,
1368 474 1500 512 ruere
1528 474 1644 509 cun-

199 545 255 594 cti
283 545 345 594 ad
364 548 538 610 portas,
563 543 771 594 inconditi
798 543 991 593 tendere.

199 730 262 768 ed.
283 731 375 768 min.
393 731 525 780 11‚v46.
540 742 580 779 p.
604 734 695 775 202,
714 731 801 777 23.]
843 729 1106 778 Fragmentum
1132 740 1263 766 recens
1292 729 1439 769 accedit
1462 740 1510 766 ex
1528 730 1643 769 Arus.

199 787 286 824 cod.
305 786 401 824 Gud.
419 799 457 824 v,
473 787 721 832 &amaus-ms,
739 798 780 833 p.
800 788 883 825 265.
920 784 1099 833 Corrupte
1119 787 1156 823 in
1173 786 1260 823 cod.
1284 790 1342 823 est
1362 786 1519 825 Par-co
1541 787 1644 835 levio.

201 843 311 892 Quod
337 846 628 893 exrconiectura
657 842 830 891 dedimus
851 854 1015 892 parva
1042 843 1151 891 legio,
1187 844 1367 881 incertum
1396 842 1548 890 quidem
1575 847 1644 889 est,

201 900 270 938 sed
294 903 446 949 propter
472 901 637 939 di'latavit
660 901 816 937 verbum
843 899 985 948 aliquid
1014 898 1155 937 babere
1185 899 1335 938 videtur
1359 899 1645 947 probabilitatis.

200 957 280 995 Hoc
299 958 413 1002 enim,
433 958 466 995 si
486 958 577 1007 quid
598 957 726 1000 video,
753 956 845 994 dixit
866 955 1082 1003 Sallustius,
1099 949 1288 1004 legionem
1307 957 1423 1001 illam,
1448 967 1495 993 ne
1514 955 1647 993 hostes

201 1013 428 1061 paucitatem
446 1020 555 1052 suam
572 1013 842 1066 intelligerent,
863 1013 1007 1058 maiora
1032 1015 1180 1059 castra,
1199 1024 1311 1061 quam
1323 1012 1400 1061 pro
1420 1014 1556 1061 εωίριιο
1575 1014 1644 1051 mi-

199 1071 301 1108 liam
320 1080 500 1113 Μαι-ο,-
523 1071 671 1120 sedne.
723 1070 773 1107 cs.
801 1069 881 1107 Liv.
909 1068 1068 1116 XXVII,
1094 1071 1163 1114 46,
1190 1073 1226 1109 2.
1275 1069 1404 1119 Neqzoe
1436 1069 1649 1109 dilatari

199 1130 365 1166 castra
383 1138 477 1176 opus
490 1137 585 1166 me.

312 1195 374 1232 Fr.
393 1197 454 1236 67.
500 1194 624 1246 [cort.
644 1207 683 1243 p.
701 1197 785 1234 962.
836 1193 936 1230 Gerl.
959 1193 1021 1230 ed.
1046 1194 1133 1232 mai.
1155 1194 1199 1239 11,
1220 1197 1281 1233 54.
1323 1194 1385 1231 ed.
1407 1195 1499 1230 min.
1519 1195 1564 1240 Π,
1585 1198 1645 1236 91.

201 1263 240 1299 p.
251 1254 349 1296 2⁰6,
359 1254 410 1290 ..4
457 1253 569 1290 Debr.
591 1251 662 1298 IV,
687 1254 747 1292 96.
757 1248 770 1298 ]
819 1250 929 1288 Serv.
951 1249 1002 1286 ad
1021 1250 1131 1298 virg.
1153 1251 1232 1287 Ecl.
1253 1251 1304 1295 11,
1325 1253 1361 1290 4.
1398 1252 1441 1288 In
1455 1252 1646 1299 plerisque

202 1308 496 1356 codicibus-est,
523 1313 562 1346 ut
580 1310 697 1357 vulgo
723 1309 761 1344 in
780 1306 870 1343 edd.
894 1307 1050 1353 legitur:
1081 1311 1122 1342 at
1147 1307 1220 1353 illi,
1246 1308 1376 1355 quibat
1403 1310 1534 1345 vires
1561 1309 1647 1346 ad-

202 1368 360 1410 erant,
378 1376 523 1403 ruere
534 1367 658 1403 cameli
669 1365 877 1411 adportas,
895 1363 1143 1399 incondita
1161 1367 1345 1410 tenen-cu
1368 1364 1444 1402 duo
1457 1369 1649 1412 postrema

203 1422 388 1459 vocabula
419 1423 458 1459 in
486 1422 631 1460 duobus
660 1420 774 1458 codd.
806 1422 981 1467 leguntur
1008 1420 1242 1456 inconditi
1265 1424 1408 1467 tenere,
1439 1422 1479 1458 in
1499 1433 1575 1459 uno
1594 1423 1649 1458 in·

203 1478 340 1517 conditi·
353 1482 501 1519 tenne.
536 1479 597 1516 Ab
615 1478 675 1515 his
695 1477 851 1514 multum
870 1475 1010 1521 differt,
1029 1476 1133 1523 quod
1153 1480 1276 1514 exstat
1294 1478 1332 1514 in
1352 1478 1478 1526 Ursini
1493 1478 1646 1515 codice:

203 1537 243 1571 ai
260 1535 332 1579 tvi,
350 1535 483 1582 quibus
505 1545 585 1572 res
610 1535 857 1582 incognita
880 1537 1004 1578 erat,
1030 1535 1160 1570 inere
1186 1536 1311 1580 cuncti
1334 1534 1556 1583 uapor-ias,
1580 1537 1649 1572 in-

204 1601 323 1639 σορκ
332 1592 398 1628 ita
419 1592 628 1629 tendere.
664 1592 766 1628 Haec
787 1594 889 1627 tanta
905 1588 1109 1627 diversitas
1128 1589 1231 1627 unde
1250 1595 1332 1628 orta
1348 1591 1407 1638 sit,
1432 1596 1472 1628 ut
1491 1591 1647 1629 difffcile

206 1647 310 1685 dictu
337 1651 415 1695 est,
444 1650 497 1685 ita
516 1652 619 1696 patet
645 1652 815 1684 neutram
839 1646 1176 1693 scripturamflesse
1198 1649 1403 1696 integram,
1416 1648 1504 1691 „sed
1523 1653 1649 1685 tamen

204 1714 336 1741 verum
354 1716 423 1752 per
442 1709 637 1753 utramque
655 1706 707 1742 ita
724 1704 918 1748 diffusum,
940 1707 992 1748 ut,
1013 1703 1103 1750 quid
1125 1702 1327 1749 Sallustius
1349 1705 1544 1752 scripserit
1561 1717 1649 1752 con·

205 1763 347 1798 iectura
369 1762 449 1799 erui
467 1763 602 1809 possit.
649 1762 726 1798 Iam
747 1761 882 1798 falsum
903 1770 989 1796 esse
1006 1760 1135 1807 ficibus
1153 1762 1225 1797 vir
1235 1770 1286 1797 es
1303 1762 1508 1798 aderant
1535 1773 1648 1809 quum

205 1818 290 1865 ipsa
311 1817 426 1855 dictio
446 1818 630 1864 ostendit,
657 1829 754 1866 quae
779 1828 827 1852 ne
853 1817 966 1853 latina
987 1816 1139 1863 quidem
1158 1821 1236 1862 est,
1265 1821 1340 1853 tum
1365 1818 1581 1866 intelligitur
1601 1829 1650 1854 ex

207 1874 386 1910 universa
403 1875 618 1922 Fragmenti
657 1874 860 1918 sententia,
897 1874 1035 1920 quippe
1070 1884 1144 1920 quo
1172 1873 1374 1920 trepidatio
1413 1876 1453 1911 in
1490 1876 1651 1911 obsessa

209 1930 333 1976 aliqua
361 1932 451 1967 urbe
485 1932 679 1977 repentino
708 1931 814 1966 >malo
846 1930 909 1967 vel
939 1930 1152 1976 improviso,
1182 1930 1323 1976 impetu
1346 1934 1429 1967 orta
1456 1930 1649 1967 describa-

211 1990 290 2029 tur;
323 1986 461 2032 optime
487 1991 612 2023 autem
638 1986 726 2022 huic
756 1985 964 2028 sententiae
996 1986 1198 2022 convenire
1218 1987 1335 2023 verba
1358 1983 1497 2035 quibus
1512 1996 1575 2023 res
1591 1988 1642 2023 in·

210 2042 353 2089 coynida
378 2046 460 2078 erat
487 2041 801 2079 demonstratione
822 2052 897 2077 non
924 2044 1023 2089 eget.
1041 2061 1100 2068 —
1146 2043 1394 2080 plurimorum
1417 2043 1531 2079 codd.
1561 2044 1652 2081 scri-

210 2101 320 2146 ptura
335 2108 447 2135 ruere
460 2099 659 2136 verissima
674 2102 710 2135 et
728 2099 782 2134 rei
798 2097 910 2136 valde
926 2098 1229 2143 accommodam
1249 2100 1348 2136 inere
1362 2104 1500 2145 autem,
1524 2111 1652 2147 quam-

212 2165 323 2202 quam
349 2166 466 2191 sensu
490 2156 605 2192 multo
634 2155 820 2200 deterius,
850 2155 1055 2192 litterarum
1081 2155 1250 2202 apicibus
1277 2156 1343 2192 vix
1367 2156 1651 2203 diversumjesg

212 2215 249 2247 et
276 2210 381 2247 haud
407 2211 519 2248 dubie
546 2212 704 2260 legentis
733 2222 862 2248 errore
881 2214 1017 2255 ortum.
1034 2229 1092 2255 ε-
1139 2210 1195 2248 In
1203 2214 1341 2260 cogni
1347 2216 1392 2248 ta
1419 2213 1567 2260 tendere
1586 2214 1653 2249 sal-

214 2278 298 2304 sum
328 2279 415 2304 esse
433 2268 517 2315 ipse
539 2269 768 2316 virgilianus
787 2269 895 2304 locus
915 2267 1097 2312 ostendit,
1121 2268 1308 2315 siquidem
1327 2269 1653 2316 universaServii

214 2324 413 2372 explicatio
440 2327 477 2360 et
501 2324 626 2372 ipsum
645 2324 811 2362 Sallustii
834 2324 1045 2371 exemplum
1067 2324 1179 2361 unice
1198 2325 1249 2362 ad
1267 2325 1414 2374 Virgilii
1434 2337 1569 2373 vocem
1593 2327 1651 2363 in-

212 2382 358 2418 condita
367 2383 531 2427 spectet;
550 2381 621 2418 sed
639 2382 774 2419 vitiose
793 2386 967 2418 neutrum
982 2391 1103 2428 genus
1118 2393 1167 2418 ex
1178 2382 1327 2429 Virgilii
1345 2383 1429 2429 loco
1442 2382 1652 2420 traductum

213 2437 264 2474 ad
280 2437 446 2475 Sallustii
466 2438 595 2474 verba.
632 2437 736 2482 Quae
757 2449 871 2485 quum
890 2432 1160 2484 praecedentia
1176 2439 1300 2476 cmicti
1310 2449 1423 2476 ruere
1441 2440 1654 2485 accuratius

214 2495 408 2537 illustrent,
438 2493 550 2530 simul
568 2494 782 2541 intelligitur
801 2494 961 2540 tondere,
980 2505 1057 2537 non
1075 2492 1211 2540 senei-e,
1232 2506 1255 2530 a
1275 2493 1453 2533 Sallustio
1473 2496 1654 2543 scriptum

215 2561 325 2595 esse;
352 2560 488 2586 sensus
506 2550 604 2586 enim
623 2549 682 2587 est
698 2550 845 2598 confini
859 2561 906 2587 uc
922 2552 1002 2587 siue
1014 2551 1145 2588 ordine
1152 2561 1378 2598 properare.
1395 2571 1451 2578 —
1483 2552 1568 2588 Non
1587 2552 1655 2587 mi-

215 2617 285 2643 nus
306 2617 415 2654 quam
434 2606 473 2641 in
491 2606 618 2644 verbis
638 2606 790 2643 codices
807 2608 955 2650 turbant
975 2608 1017 2647 iu,
1033 2608 1221 2643 notatione
1239 2607 1348 2653 libri;
1369 2609 1481 2656 pauci
1498 2612 1654 2644 tantum-

216 2662 329 2699 modo
350 2662 489 2699 habent
515 2662 576 2699 lib.
601 2661 662 2700 ΙΙ.
682 2662 861 2705 Hislor.‚=,
876 2663 941 2700 alii
968 2664 1104 2700 vitiose
1132 2658 1316 2710 praebent
1341 2665 1402 2701 lib.
1438 2663 1481 2701 V.
1504 2665 1566 2701 vel
1593 2664 1651 2700 lib.

224 2717 317 2764 VI.;
336 2719 374 2755 in
391 2718 561 2766 plurimis
580 2719 716 2766 legitur
735 2720 775 2755 in
793 2717 1022 2768 Inqutoiino,
1042 2719 1145 2767 quod
1164 2719 1362 2758 Putschius
1382 2721 1474 2758 scite
1494 2721 1655 2757 coniecit

216 2775 421 2822 proiectum
440 2786 526 2812 esse
546 2775 593 2812 ab
614 2775 794 2827 imperitis
815 2775 987 2822 librariis,
1006 2777 1069 2825 qui
1084 2776 1334 2817 Emoriar-uu·
1352 2788 1509 2829 prorsus
1529 2777 1653 2825 ignari
