1774 3002
89 140 148 183 46
546 175 549 177 μ
577 142 614 182 C.
647 142 878 181 SALLUSTI
907 142 1058 182 CRISPI
1080 180 1097 186 ,,

91 268 321 313 aestumet.
375 267 526 328 Itaque.
556 267 630 313 illa
656 267 781 327 quies
812 270 855 313 et
882 267 1019 313 otium
1048 279 1146 314 cum
1175 268 1395 329 libertate,
1429 275 1576 328 quae9

91 350 214 397 multi
243 351 367 411 probi
396 351 544 411 potius
571 365 700 412 quam
725 350 922 396 laborem
938 367 1037 397 cum
1064 351 1308 402 honoribus
1327 365 1543 411 capesse—

91 435 217 491 bant,
243 434 365 480 nulla
383 438 498 479 sunt.
559 434 653 479 Hac
672 437 933 494 tempestate
959 436 1269 492 serviundum,
1301 437 1377 481 aut
1397 434 1541 494 impe·
1557 447 1600 480 10

91 518 334 576 ritandum3
376 517 604 564 habendus
634 520 777 564 metus
806 522 895 575 est,
942 522 1017 586 aut
1043 519 1297 576 faciundus,
1336 517 1541 574 Quirites.

92 655 209 693 Cuius
229 656 336 692 vocis
359 666 494 703 sensu,
524 667 634 702 quem
655 656 703 692 ad
727 656 806 703 lug.
828 657 1061 702 LXXXVIII,
1083 662 1119 696 2.
1145 658 1430 706 explicavimus,
1457 668 1544 693 con-

93 713 256 750 siderato
285 714 323 760 in
350 716 522 759 promptu
547 716 604 748 est
631 714 850 749 sententiam
879 725 965 750 esse
985 714 1106 750 hanc:
1138 726 1222 751 eam
1252 725 1434 751 summam
1465 715 1544 761 glo—

92 771 185 807 riam
215 773 339 817 putat,
379 770 409 805 si
440 770 574 815 quavis
606 769 742 806 iniuria
771 770 934 806 validior
971 772 1016 806 ab
1047 772 1218 808 omnibus
1248 772 1416 815 timetur,
1454 771 1542 806 dum

93 827 162 874 ipsi
188 838 210 863 a
231 827 333 862 nullo
354 827 562 873 perieulum
589 830 645 861 est
666 823 908 872 timendum,
929 831 1042 864 tutum
1068 829 1166 864 enim
1187 827 1322 864 dicitur
1351 827 1451 874 quod
1480 838 1545 873 pe-

93 884 211 920 riculo
231 887 345 920 caret.
390 883 584 920 Sententia
605 884 716 930 igitur
736 895 811 919 non
833 883 987 921 diversa
1010 887 1068 920 est
1091 886 1137 921 ab
1159 895 1224 929 ea,
1257 895 1352 932 quae
1380 884 1545 920 contine—

91 946 149 977 tur
176 941 304 977 verbis
332 943 373 983 §a
389 944 422 978 1.
452 940 579 987 Neque
603 950 644 992 se
671 942 778 977 aliter
805 944 948 977 tutum
966 945 1092 988 putet,
1118 953 1229 989 quam
1259 943 1294 977 si
1312 942 1422 988 peior
1447 945 1544 977 metu

90 1002 211 1034 vostro
236 997 363 1044 fuer-H.
391 1016 448 1020 —
479 997 532 1032 De
555 1001 738 1033 structura
761 999 963 1034 verborum
993 999 1123 1034 omnia·
1143 998 1429 1034 retinendae
1461 998 1542 1035 do-

92 1055 372 1090 minationis
389 1053 539 1089 honesta
560 1057 736 1090 aestum
748 1058 789 1090 et
806 1065 845 1090 v.
872 1054 920 1090 ad
942 1052 1020 1089 Cat.
1043 1066 1075 1090 c.
1098 1054 1162 1099 VI,
1185 1057 1219 1093 7.
1240 1059 1276 1090 et
1296 1055 1455 1091 Gramm.
1480 1055 1543 1089 lat.

93 1115 209 1148 nostr.
248 1114 282 1153 §-
306 1113 386 1150 128.
413 1109 480 1155 111,
504 1114 539 1148 2.
567 1122 601 1146 c.
631 1122 668 1157 p.
688 1113 770 1149 375.
800 1128 858 1136 -—-
895 1111 1078 1147 Aestumet
1113 1113 1293 1158 praebent
1323 1111 1408 1147 Vat.
1440 1115 1472 1148 l.
1498 1113 1545 1155 33

93 1169 130 1204 in
150 1167 224 1203 Vat
243 1171 277 1205 2.
299 1168 434 1214 legitur
462 1169 628 1208 emtimet3
658 1166 814 1204 ·Cortius
837 1172 873 1204 et
892 1168 1011 1203 Faber
1040 1169 1076 1203 in
1098 1168 1161 1204 ed.
1184 1173 1218 1206 1.
1247 1167 1433 1205 dederunt
1463 1168 1545 1203 exi-

92 1228 243 1270 stumet,
272 1225 353 1260 sine
378 1224 517 1260 idonea
541 1235 679 1261 caussa
688 1235 698 1269 ;
732 1236 768 1261 v.
795 1224 845 1260 ad
866 1228 901 1267 §-
923 1229 958 1262 1.

207 1285 240 1325 S.
260 1283 417 1320 9—10.
439 1283 520 1328 quis
539 1285 574 1318 el
591 1282 699 1318 otiwn
719 1292 803 1318 cum
821 1281 1003 1326 libertate)
1050 1281 1109 1317 De
1126 1282 1165 1317 vi
1186 1285 1222 1317 et
1243 1293 1315 1317 usu
1334 1291 1417 1317 cum
1435 1290 1545 1327 prae-

45 1346 53 1352 *
93 1339 292 1387 positionis
323 1349 357 1374 v.
387 1338 438 1374 ad
465 1339 544 1385 lug.
567 1337 612 1374 c.
637 1337 713 1383 CV,
734 1341 767 1376 2.
796 1350 835 1385 p.
857 1340 939 1376 570.
969 1338 1017 1374 cs.
1043 1338 1139 1374 infra
1165 1341 1201 1381 §-
1219 1341 1280 1376 25.
1311 1337 1428 1374 Otium
1449 1347 1544 1373 cum

91 1397 248 1432 servilio.
278 1415 335 1420 -—
375 1394 578 1442 capessere
597 1394 815 1431 Gerlachius
842 1406 917 1430 non
948 1395 1038 1432 satis
1061 1395 1257 1431 commode
1285 1395 1449 1442 explicat
1473 1405 1542 1440 ap—

86 1457 235 1500 petere,
267 1452 449 1500 affectare
455 1467 467 1493 ;
495 1463 582 1488 nam
609 1456 647 1488 ut
677 1461 874 1499 capessere
900 1451 1163 1499 rempublicam
1188 1463 1263 1488 non
1285 1456 1342 1488 est
1368 1454 1546 1498 appetere

93 1510 244 1557 rempl.,
274 1509 344 1545 sed
365 1513 553 1545 strenuam
574 1520 729 1556 operam
750 1509 788 1545 in
816 1520 861 1545 ea
882 1508 1180 1545 administranda
1201 1510 1388 1545 collocare
1417 1509 1476 1552 (v.
1495 1505 1544 1542 ad

95 1565 174 1603 Cat.
195 1578 230 1602 e.
250 1566 324 1611 LII,
346 1567 422 1611 5.)‚
454 1565 505 1601 ita
532 1575 730 1612 capessere
747 1567 898 1613 quietem
918 1567 1150 1613 valetquieti
1174 1576 1222 1602 se
1247 1565 1420 1602 dedere
1444 1572 1545 1599 eam-

93 1633 164 1671 que
182 1623 347 1659 omnibus
365 1622 475 1658 rebus
486 1622 703 1670 praeferre.
749 1622 878 1659 Totius
899 1623 970 1658 loci
996 1623 1178 1659 sententia
1198 1623 1294 1659 haee
1316 1625 1393 1658 est:
1425 1621 1545 1657 otiosa

95 1679 159 1716 illa
187 1683 223 1715 et
252 1680 450 1725 tranquilla
478 1679 642 1725 priorum
676 1683 883 1726 temporum
919 1679 1090 1724 libertas,
1126 1690 1237 1726 quam
1263 1678 1387 1714 multis
1414 1677 1545 1723 probis

96 1737 202 1783 sequi
222 1737 374 1781 licebat,
404 1735 518 1772 hodie
541 1747 615 1771 non
636 1736 796 1782 amplius
818 1739 955 1781 exstat,
986 1746 1106 1783 neque
1135 1736 1309 1782 cuiquam
1332 1736 1431 1771 bono
1460 1743 1543 1769 eam

95 1794 305 1830 consectari
328 1803 573 1838 concessum;
600 1803 685 1828 nam
710 1793 804 1828 inter
825 1791 1069 1828 serviundum
1090 1796 1127 1828 et
1149 1790 1437 1839 imperitandum
1453 1789 1543 1832 nihil

97 1851 133 1886 in
158 1850 283 1886 medio
304 1850 473 1886 relictum
492 1854 564 1886 est.
592 1869 648 1876 --
686 1849 871 1886 Nullum
894 1858 973 1886 esse
1002 1850 1102 1885 valet
1131 1849 1317 1899 deletum,
1345 1848 1544 1890 sublatum,

95 1907 284 1954 perditum
304 1918 412 1952 esse;
452 1907 502 1942 es.
521 1907 705 1942 Donatum
730 1906 781 1942 ad
802 1905 885 1941 Ter.
907 1906 1045 1953 Hecyr.
1070 1906 1134 1950 IV,
1156 1908 1192 1950 4,
1211 1908 1271 1943 41.
1292 1909 1328 1940 et
1349 1905 1398 1940 ad
1422 1903 1543 1939 Andr.

95 1964 155 2009 111,
171 1967 206 2009 4,
221 1968 280 2003 21.
297 1965 360 2000 ubi
376 1975 415 2001 v.
432 1962 751 2000 etiamRuhnken.
769 1962 860 2000 Sall.
879 1961 986 1999 Catil.
1003 1974 1035 1999 c.
1047 1963 1188 2008 Lll,2l.
1203 1963 1285 2010 lug.
1302 1960 1544 2006 LXXXV1,3.

96 2022 221 2058 Alieni
243 2021 394 2069 generis
416 2025 502 2058 sunt
521 2021 594 2057 loci
615 2031 637 2056 a
657 2019 854 2056 Gerlaehio
882 2019 1042 2064 laudati,
1073 2019 1223 2055 Terent.
1244 2019 1341 2054 Eun.
1364 2017 1408 2062 ΙΙ,
1431 2019 1465 2062 1,
1487 2019 1544 2054 lo.

96 2076 268 2124 Memini,
301 2080 443 2114 tametsi
467 2079 632 2114 nullus
659 2086 870 2118 moneas-‚-
899 2075 1032 2113 etCic.
1053 2077 1149 2123 Epp.
1181 2075 1230 2112 ad
1249 2075 1361 2111 Attio.
1381 2072 1463 2117 XV,
1483 2075 1544 2110 2²

98 2134 235 2171 Seoetus
270 2136 316 2171 ab
347 2136 463 2170 armis
492 2135 650 2170 nullus
677 2133 907 2174 discedi13
944 2133 1017 2169 alio
1046 2133 1144 2169 enim
1177 2143 1288 2179 quam
1319 2139 1398 2167 esse
1425 2129 1543 2166 verbo

97 2192 221 2239 posito
241 2193 366 2228 etiam
367 2191 494 2228 nullus
515 2193 622 2227 vocis
645 2191 738 2226 ratio
759 2193 934 2226 mutatur.

211 2251 246 2292 S.
268 2253 327 2287 11.
355 2247 443 2294 quid
460 2247 557 2283 ultra
567 2247 602 2290 P)
639 2247 741 2282 Haec
762 2248 878 2283 verba
899 2245 1046 2288 Cortius
1065 2255 1265 2292 perperam
1287 2243 1341 2280 sic
1366 2244 1546 2289 interpre-

97 2309 215 2343 tatur:
249 2306 381 2350 „ultra
401 2304 565 2350 intellige
582 2303 638 2349 id,
659 2314 792 2350 nempe
812 2306 852 2339 ut
870 2302 1070 2339 habeamus
1088 2306 1220 2338 metum
1240 2304 1305 2336 aut
1319 2299 1545 2348 faciamus-‘⁴

98 2363 195 2400 Nam
224 2373 272 2398 ex
302 2361 563 2409 sequentibus,
603 2369 645 2395 ve
674 2360 856 2406 particula
895 2359 1072 2404 annexis,
1111 2361 1212 2406 patet
1241 2368 1395 2394 sensum
1418 2355 1544 2403 potius

34 2426 37 2430 ’
99 2430 187 2457 esse
207 2419 330 2456 hunc:
363 2417 453 2465 quid
476 2418 569 2453 ultra
588 2421 661 2461 est,
691 2427 761 2464 quo
782 2415 1016 2453 intoleranda
1038 2414 1164 2452 Sullae
1193 2414 1396 2450 dominatio
1417 2423 1462 2449 ae
1483 2422 1544 2447 su-

98 2477 229 2525 perbia
253 2475 378 2512 adhuc
395 2466 604 2522 procedere
618 2474 761 2520 possit?
794 2473 965 2508 Profecto
995 2472 1107 2508 finem
1133 2473 1315 2507 malorum
1343 2469 1546 2516 attigimus.

97 2533 242 2571 Eodem
260 2531 374 2568 modo
394 2533 511 2568 verba
531 2530 709 2566 intellexit
726 2529 846 2566 Faber
867 2533 903 2564 et
924 2528 1157 2573 Gerlachius‚
1180 2529 1243 2575 qui
1265 2527 1436 2575 apposite
1459 2535 1547 2560 eon-

99 2590 180 2627 tulit
205 2588 284 2626 Cic.
316 2590 355 2624 in
375 2589 485 2624 Verr.
513 2586 559 2631 V,
582 2590 641 2635 45,
671 2589 752 2625 119.
782 2585 927 2622 Estne
956 2586 1095 2633 aliquid
1121 2586 1275 2630 ultra,
1310 2594 1395 2631 quo
1424 2591 1544 2628 pro-

97 2646 234 2696 gredi
261 2645 526 2683 crudelitas
551 2645 731 2691 possit?
769 2662 824 2669 —
861 2642 1037 2679 Humana
1071 2640 1313 2688 intelligenda
1348 2644 1434 2676 sunt
1460 2639 1545 2674 iura

102 2703 286 2742 hominum
312 2702 394 2739 sive
428 2711 491 2748 ea,
520 2710 615 2748 quae
641 2700 746 2736 homo
765 2703 806 2736 ut
822 2709 891 2735 sua
911 2699 980 2735 sibi
1002 2699 1191 2735 vindicare
1202 2700 1335 2744 potest.
1366 2716 1415 2723 -
1457 2695 1544 2731 Vim

100 2761 206 2799 verbi
227 2764 407 2809 superant
426 2758 699 2806 explicavimus
720 2756 769 2793 ad
790 2757 871 2802 lug.
898 2755 1008 2803 LXX,
1030 2759 1066 2793 2.
1091 2767 1129 2803 p
1149 2756 1232 2794 374.
1256 2774 1304 2781 ——-
1337 2753 1548 2799 Populus
