1774 3002
513 141 841 180 mSTomARUM
867 142 1178 181 FRAGMENTA.
1237 146 1324 182 ΜΒ.
1355 146 1418 181 lv.
1588 139 1674 183 357

374 270 438 313 75.
497 266 670 312 Anxius
692 266 822 312 animi
849 269 981 329 atque
1017 269 1222 314 incertus.
1298 278 1301 281 ’

373 353 439 396 76.
495 347 659 396 Consili
688 364 837 410 aeger.

372 435 439 479 77.
490 431 554 478 Ne
588 432 845 479 inrumiendi
886 448 944 494 po
974 467 1191 479 ......
1240 432 1479 479 sublicibus
1516 437 1672 481 cavata

306 550 317 560 .
338 550 349 560 .
386 520 547 560 essent.

347 650 407 686 Fr.
426 653 484 690 72.
526 648 654 699 [Deest
681 651 783 698 apud
816 650 927 692 Cort..
956 651 1057 688 Gerl.
1085 651 1148 687 ed.
1171 651 1258 687 mai.
1290 654 1326 686 et
1354 651 1464 688 Debr.
1485 670 1542 677 —
1570 651 1668 690 Gerl.

234 706 296 743 ed.
324 707 414 742 inin.
443 707 504 751 IV,
532 709 591 744 34.
620 719 655 755 p.
688 711 769 752 228,
798 709 849 753 7.]
892 708 1042 755 Fragm.
1072 719 1203 744 recens
1233 708 1372 744 accesit
1400 719 1447 744 ex
1467 708 1551 745 cod.
1573 708 1668 745 Gud.

236 762 410 799 Arusiani
431 774 467 798 v.
489 764 527 799 in
538 766 767 811 praesentia,
788 777 826 812 p.
846 767 928 803 242.
951 758 1057 800 Lind.
1101 764 1189 809 Quis
1218 764 1433 801 coniectura
1457 768 1515 800 est
1534 765 1670 801 Linde·

234 820 359 855 manni
377 831 445 867 pro
464 830 566 867 quos,
588 820 687 867 quod
704 822 740 856 in
763 821 849 858 cod.
874 825 942 856 est.
990 821 1043 857 De
1064 832 1137 868 qua
1158 833 1198 856 re
1222 824 1365 868 agatur,
1388 832 1464 857 non
1485 822 1612 868 liquet.

345 876 407 912 Fr.
427 877 487 916 2⁷3.
526 875 640 922 [Cort.
668 888 708 924 p.
735 877 818 916 981.
851 878 947 914 Gerl.
972 877 1032 913 ed.
1051 878 1137 913 mai·
1160 877 1223 922 IV,
1255 879 1290 916 6.
1321 877 1382 913 ed.
1413 877 1502 913 min.
1523 878 1585 922 lv,
1605 882 1665 917 51.

232 944 272 980 p.
291 934 372 975 229,
399 936 433 972 1.
454 932 562 969 Debr.
580 933 639 978 ΙΠ,
658 936 694 972 6.
716 934 774 977 III,
795 935 868 979 98]
910 933 1087 970 Arusian.
1107 945 1145 970 v.
1160 943 1329 979 exorsus,
1344 945 1381 981 p.
1398 937 1480 974 229.
1497 933 1665 970 Lindem.

342 989 404 1024 Fr.
425 991 482 1028 74.
523 988 635 1034 [Cort.
663 1001 701 1036 p.
725 993 806 1028 981.
846 990 944 1026 Gerl.
972 989 1031 1026 ed.
1063 991 1151 1026 mai.
1179 989 1243 1034 IV,
1272 992 1305 1028 7.
1328 990 1389 1026 ed.
1411 990 1500 1026 min.
1521 990 1585 1035 IV,
1605 993 1666 1030 65.

230 1057 269 1093 p.
296 1047 379 1087 229,
408 1046 468 1094 24.
499 1044 610 1081 Debr.
627 1046 690 1090 IV,
710 1043 763 1094 2.]
810 1045 987 1083 Arusian.
1013 1059 1053 1084 v.
1078 1047 1222 1091 nimius,
1241 1057 1281 1094 p.
1300 1048 1382 1086 249.
1405 1045 1572 1083 Lindem.
1612 1047 1665 1083 De

232 1101 398 1150 genitivo
419 1102 536 1138 animi
555 1103 603 1138 cs.
626 1102 687 1138 Fr.
706 1102 749 1147 ΙΙ,
768 1105 827 1141 93.
850 1103 911 1147 ΙΙΙ,
930 1105 988 1142 92.

342 1158 403 1194 Fr.
425 1159 485 1196 75.
526 1155 641 1206 [Cort.
662 1170 699 1206 p.
719 1161 802 1198 980.
823 1159 922 1195 Gerl.
946 1159 1007 1196 ed.
1026 1159 1113 1195 mai.
1130 1158 1193 1203 IV,
1206 1163 1243 1197 5.
1263 1157 1324 1194 ed.
1349 1158 1437 1194 min.
1459 1159 1522 1204 IV,
1546 1163 1606 1199 64.
1626 1171 1663 1208 p.

231 1217 312 1258 229,
332 1217 390 1253 23.
420 1214 531 1250 Debr.
564 1214 606 1259 II,
640 1215 709 1259 11.]
748 1215 926 1252 Arusian.
956 1229 993 1252 v.
1013 1217 1163 1261 anxius,
1183 1227 1221 1262 p.
1242 1217 1323 1255 216.
1347 1215 1455 1252 Lind.
1495 1217 1554 1252 Ex
1573 1217 1664 1253 lubi-

233 1270 319 1306 dine
339 1270 563 1307 Debrossius
585 1271 734 1318 scripsit
754 1271 818 1307 ibi
837 1274 990 1309 anoet‘us.

343 1327 405 1362 Fr.
429 1329 486 1366 76.
527 1326 639 1372 [Cort.
667 1338 706 1374 p.
733 1329 814 1366 991.
837 1327 935 1364 Gerl.
963 1327 1024 1364 ed.
1048 1328 1135 1363 mai.
1158 1327 1220 1371 IV,
1243 1331 1303 1365 31.
1324 1327 1386 1363 ed.
1407 1329 1496 1364 min.
1518 1327 1582 1373 lv,
1602 1331 1661 1368 67.

231 1394 269 1429 p.
289 1386 370 1426 229,
390 1385 447 1421 26.
469 1382 578 1418 Debr.
602 1382 631 1428 Ι,
645 1383 723 1428 38.]
744 1382 919 1420 Arusian.
940 1397 978 1421 v.
1000 1394 1122 1432 aeger,
1144 1395 1181 1430 p.
1202 1387 1280 1421 212.
1302 1383 1406 1419 Lind.

342 1439 404 1474 Fr.
426 1440 483 1478 77.
527 1436 640 1487 [Cort.
662 1451 700 1486 p.
724 1441 806 1478 997.
837 1440 1022 1477 ΟρτΙ.ἐ(Ι.
1048 1440 1134 1475 mai.
1158 1439 1234 1475 Ine.
1263 1444 1296 1477 l.
1319 1440 1381 1476 ed.
1404 1440 1492 1475 min.
1518 1439 1581 1485 IV,
1601 1443 1661 1478 82.

230 1506 268 1542 p.
288 1497 369 1539 230,
393 1497 450 1533 18.
477 1494 588 1530 Debr.
610 1495 636 1540 Ι,
658 1493 733 1544 69.]
774 1496 893 1533 Locus
925 1498 1071 1533 lacerus
1100 1496 1272 1542 idemque
1295 1496 1387 1533 vitio
1416 1495 1574 1532 affectus
1599 1507 1663 1532 ex·

231 1555 303 1587 stat
331 1550 430 1598 apud
458 1551 607 1587 Festum
634 1563 671 1598 p.
692 1554 774 1590 239.
794 1552 963 1589 Lindem.
1007 1552 1237 1595 Inrumiendi
1263 1557 1525 1599 corruptumne
1546 1553 1595 1588 sit
1614 1563 1661 1588 ex

228 1607 479 1654 inrumpendi,
506 1619 554 1643 an
582 1607 684 1643 aliud
703 1609 858 1644 verbum
881 1620 904 1646 a
924 1609 1015 1646 San.
1039 1611 1216 1656 scriptum
1240 1609 1361 1653 ruerit,
1387 1608 1541 1645 difficile
1559 1608 1661 1645 dictu

230 1667 299 1700 est.
339 1663 393 1699 De
416 1667 530 1711 ponte
546 1664 694 1700 sublicio
718 1665 754 1700 in
784 1665 1028 1702 Historiarum
1057 1666 1150 1701 libro
1178 1665 1242 1701 IV.
1273 1666 1498 1702 mentionem
1528 1665 1660 1701 saetam

228 1731 314 1757 esse
345 1731 456 1767 quum
483 1731 530 1756 ex
555 1720 667 1757 Festo
694 1725 893 1768 appareat,
916 1733 1036 1770 po...
1065 1722 1207 1758 litteras
1241 1722 1401 1772 vestigia
1430 1733 1516 1757 esse
1535 1723 1661 1769 pontus

227 1776 355 1813 sublici
386 1776 486 1812 haud
527 1777 816 1823 improbabiliter
856 1779 1015 1815 coniecit
1041 1779 1212 1815 Ursinus.
1273 1777 1435 1814 Sublices
1461 1777 1659 1814 Sallustius

229 1832 333 1877 dixit,
353 1843 447 1879 quae
468 1834 581 1879 vulgo
606 1832 764 1869 sublicae
784 1833 966 1879 dicuntur,
989 1836 1012 1870 i.
1037 1847 1086 1878 e.,
1109 1839 1146 1870 ut
1169 1838 1276 1870 vetus
1298 1835 1464 1870 Glossar.
1482 1835 1658 1880 explieat,

229 1887 445 1936 καταπῆγες
465 1885 507 1924 οἵ
523 1883 567 1924 ἐν
583 1888 745 1940 ποταμῷ
763 1880 835 1936 τὴν
852 1886 1031 1939 γέφυραν
1058 1883 1400 1940 ὖποβαστᾶζοντες.
1423 1891 1471 1926 es.
1494 1890 1657 1927 Gronov.

228 1943 291 1981 ad.
312 1944 392 1979 Liv.
412 1944 438 1989 I,
459 1946 518 1988 37,
541 1948 574 1982 1.
594 1945 706 1980 Valla
728 1945 776 1980 ad
798 1945 927 1990 XXIII,
946 1948 1004 1991 37,
1023 1950 1059 1984 2.
