1774 3002
123 155 209 199 390
573 162 613 199 c,
645 163 877 202 SALsz-Ti
907 164 1059 204 CRISPI

261 291 328 332 80.
388 286 577 332 Sanctus
605 287 702 333 alia.

262 371 330 414 81.
385 370 595 431 Aequore
628 373 671 416 et
696 373 825 416 terra.

262 457 329 498 82.
385 452 561 499 Cornua
591 458 902 500 occanuerunt.

263 540 331 581 83.
386 536 441 582 Et
470 536 716 583 continetur
746 538 913 598 gravis.

262 623 330 665 84.
390 620 453 665 Ne
481 635 568 680 qua
598 622 872 667 contumelia.

261 706 329 748 85.
385 703 629 749 Fenoribus
664 707 929 765 coopertus„

238 839 299 876 Fr.
321 843 380 878 80.
423 839 538 889 [Cort.
563 853 602 888 p.
626 845 728 882 1009.
758 843 856 879 GerI.
878 842 940 878 ed.
963 842 1049 878 mai.
1070 842 1147 878 Inc.
1171 845 1251 881 156.
1277 843 1338 878 cd.
1362 844 1450 879 min.
1471 844 1496 888 Ι,
1518 848 1576 882 44.

124 907 161 943 p.
184 898 264 940 185,
287 900 344 934 12.
363 916 419 923 —-
439 897 551 934 Deest
571 899 673 945 apud
694 896 821 947 Debr.]
879 898 988 936 Serv.
1022 897 1071 934 ad
1090 899 1198 946 Virg.
1221 899 1316 935 Aen.
1339 899 1398 945 111,
1423 902 1503 939 594.
1523 920 1577 927 —

126 963 164 988 v.
186 952 235 988 ad
249 953 308 988 Fr.
332 954 359 997 Ι,
380 956 438 992 94.

238 1009 298 1045 Fr.
318 1012 376 1048 81.
400 1008 515 1059 [Cort.
537 1023 573 1058 p.
593 1014 697 1051 1007.
721 1011 820 1048 Gerl.
837 1012 897 1050 ed
918 1013 1004 1048 mai.
1022 1013 1098 1048 Ine.
1121 1015 1202 1050 112.
1225 1011 1333 1048 Debr.
1357 1013 1422 1061 lv,
1441 1014 1502 1051 27.
1521 1034 1578 1040 -

125 1066 239 1103 Deest
259 1077 319 1113 ap
343 1067 443 1102 Gerl.
463 1068 524 1103 ed.
543 1066 653 1129 min.]
705 1069 838 1104 Donat.
867 1069 916 1105 ad
937 1069 1022 1104 Ter
1045 1067 1196 1104 Phorm.
1218 1069 1261 1113 ΙΙ,
1283 1073 1315 1112 1,
1345 1072 1403 1107 13.
1436 1071 1491 1106 sic
1510 1070 1576 1106 ha-

124 1125 206 1159 bet:
231 1124 455 1170 „superiora
477 1115 671 1161 ἀσύνδετα
693 1131 788 1171 sunt,
807 1126 985 1161 inseri01a
1001 1124 1218 1161 intermistis
1239 1126 1397 1162 eonium
1391 1126 1575 1163 ·tionibus.

126 1178 349 1216 Sallustius.
371 1191 458 1216 nam
478 1181 620 1228 quidem
641 1194 663 1216 a
684 1181 846 1229 Pyrrho,
868 1182 1099 1222 Hannibale;
1119 1191 1279 1234 aequore
1299 1186 1334 1219 et
1351 1183 1490 1218 terraf‘
1519 1183 1577 1218 Ex

126 1236 260 1283 quibus
281 1236 443 1284 quinque
465 1237 591 1284 priora
617 1241 733 1275 verba
762 1238 960 1285 desumpta
985 1249 1072 1275 esse
1102 1248 1151 1274 ex
1171 1237 1302 1284 Lepidi
1323 1239 1492 1275 oratione
1514 1239 1575 1275 Fr.

124 1293 152 1337 I,
171 1295 230 1337 45,
252 1295 288 1329 4.
318 1304 423 1329 nam
451 1295 567 1342 qaid
591 1306 614 1330 a
635 1294 836 1342 Pyrrho,
865 1295 1158 1339 Hannibale,
1184 1294 1428 1342 Philippoque
1446 1300 1479 1331 et
1497 1296 1575 1331 An·

124 1349 239 1386 tiocho
262 1349 455 1397 defensum
477 1349 531 1386 est
541 1352 665 1395 aliud,
694 1356 792 1387 recte
816 1352 997 1398 suspicati
1026 1354 1111 1387 sunt
1132 1349 1354 1393 ciacconius
1378 1355 1414 1387 et
1435 1350 1575 1398 Carrio,

124 1406 213 1453 quid
232 1407 500 1454 interrogativo
522 1408 558 1443 in
580 1409 722 1455 quidem
744 1413 930 1455 corrupto.
979 1409 1186 1453 Postrema,
1206 1408 1342 1454 quibus
1365 1408 1455 1455 quid
1478 1409 1577 1445 sace-

125 1467 207 1498 rent
227 1463 391 1499 editores
414 1475 488 1499 non
509 1456 741 1510 habuerunt,
771 1464 862 1500 mihi
885 1464 1058 1501 videntur
1080 1465 1125 1500 ab
1147 1464 1219 1500 illis
1242 1465 1355 1512 plane
1375 1465 1577 1512 seiungen-

126 1519 195 1564 da,
225 1520 365 1567 quippe
395 1521 528 1568 quibus
561 1532 609 1557 ex
637 1522 709 1558 alio
730 1522 814 1557 Ioco
845 1522 970 1569 petitis
993 1521 1157 1557 Donatus
1187 1525 1371 1566 uteretur,
1401 1527 1440 1557 ut
1461 1523 1577 1558 verba

125 1577 341 1623 copulativa
361 1577 544 1623 particula
566 1578 690 1614 iuncta
712 1578 884 1625 exemplo
908 1579 1122 1614 illustraret.
1166 1577 1207 1613 In
1229 1577 1320 1615 Sall.
1344 1577 1432 1614 edd.
1455 1579 1574 1623 Iocus,

127 1633 175 1668 uti
197 1633 300 1680 apud
315 1633 497 1670 Donatum
521 1637 590 1678 est,
609 1636 798 1682 vulgatur.

238 1690 299 1725 Fr.
315 1692 374 1728 82.
396 1690 527 1735 [Deest
542 1690 643 1737 apud
664 1689 777 1736 Cort.‚
794 1690 893 1726 Gerl.
914 1690 974 1725 ed.
994 1691 1080 1726 mai.
1095 1691 1233 1726 etmin.
1238 1694 1294 1736 ,et
1313 1689 1438 1736 Debr.]
1461 1688 1571 1727 Serv.

126 1744 175 1781 ad
198 1745 306 1792 Virg.
328 1745 468 1794 Georg.
491 1747 537 1791 II,
558 1749 639 1785 384.
656 1767 714 1773 -
735 1748 784 1783 οΙ.
806 1746 902 1792 adl,
923 1749 980 1785 69

103 1813 107 1817 ’
237 1803 299 1838 Fr.
315 1805 375 1841 83.
397 1802 525 1848 [Deest
545 1803 646 1851 apud
662 1802 774 1848 Cort.‚
797 1803 895 1839 Gerl.
919 1802 981 1839 cd.
1003 1803 1091 1838 mai.
1105 1806 1145 1838 et
1160 1803 1249 1838 min.
1254 1801 1441 1847 ‚etDebr.
1445 1803 1460 1847 ]
1477 1802 1574 1839 Non.

123 1859 188 1904 IV,
209 1860 301 1897 284.ι
314 1871 353 1907 p.
374 1863 455 1903 315,
480 1864 515 1897 5.
539 1860 697 1896 Mereer.
720 1880 776 1885 —
798 1861 846 1896 ef.
868 1859 916 1896 ad
938 1860 980 1904 ΙΙ,
1002 1862 1062 1898 86-

237 1916 298 1952 Fr.
318 1919 377 1955 84.
401 1916 530 1961 [Deest
550 1917 651 1963 apud
673 1915 785 1961 Cort„
807 1916 905 1953 Gerl.
927 1916 986 1953 ed.
1009 1915 1096 1951 mai.
1119 1919 1155 1950 et
1176 1914 1286 1951 Debr.
1310 1935 1366 1941 ——
1391 1913 1489 1950 Gerl.
1511 1914 1572 1951 ed.

126 1973 214 2008 min.
235 1973 313 2008 Ine.
329 1975 388 2012 66.
408 1976 445 2020 Ρ.
466 1973 647 2018 239,13.]
687 1973 820 2009 Donat.
843 1973 892 2009 ad
915 1973 999 2009 Ter.
1021 1973 1115 2008 Eun.
1137 1971 1202 2016 IV,
1223 1972 1310 2016 7,1.

237 2030 298 2065 Fr.
318 2032 377 2068 85.
406 2029 535 2076 [Deest
556 2030 658 2076 apud
681 2028 779 2066 Cort.
808 2035 844 2065 et
866 2030 976 2066 Debr.
1005 2049 1062 2054 —
1089 2028 1186 2064 Gerl.
1212 2027 1273 2065 ed.
1295 2028 1383 2064 mai.
1406 2026 1492 2063 Vol.
1514 2027 1574 2063 111.

124 2098 164 2133 p.
186 2088 268 2125 148.
289 2096 327 2123 n.
347 2089 429 2124 242.
451 2085 513 2122 ed.
539 2087 626 2121 min.
648 2087 724 2122 Inc-
747 2089 804 2125 62.
828 2098 864 2133 p.
886 2088 968 2131 239,
986 2085 1060 2130 14-]
1112 2084 1203 2121 Gell·
1228 2084 1291 2130 IV,
1315 2085 1373 2128 17,
1393 2086 1428 2122 6.
1469 2084 1574 2120 Idem

125 2143 169 2187 ΙΙ,
192 2144 250 2187 17,
271 2144 308 2181 7.
342 2143 455 2179 tradit
489 2143 547 2179 his
573 2144 711 2180 -verbis
742 2148 778 2178 et
811 2143 986 2179 Catonem
1022 2151 1131 2178 usum
1165 2152 1251 2177 esse
1279 2145 1315 2176 et
1342 2139 1574 2185 Sallustium,

125 2203 302 2245 recteque
331 2199 517 2236 Linkerus
547 2199 595 2235 de
625 2201 797 2235 Prooem.
830 2199 988 2235 Historr.
1017 2209 1057 2244 p.
1075 2201 1136 2236 30.
1162 2197 1262 2233 hune
1293 2198 1416 2233 Iocum
1440 2197 1486 2235 iis
1510 2207 1574 2232 an-

125 2253 397 2292 numerandum
418 2261 560 2301 censet,
576 2251 718 2302 'quibus
739 2255 939 2293 Sallustius
964 2254 1139 2291 Catonem
1170 2253 1351 2290 imitando
1377 2263 1574 2300 expresse—

126 2313 184 2350 rit.
226 2311 296 2357 Qui
315 2311 389 2347 hoe
411 2311 675 2359 Fragmentum
704 2323 752 2348 ex
781 2311 886 2348 Catil.
908 2324 942 2348 c.
962 2310 1092 2356 XXIII,
1126 2315 1160 2348 1.
1183 2304 1420 2362 desumptum
1439 2319 1573 2346 censu-

68 2365 71 2369 ’
126 2373 244 2413 erunt,
267 2368 328 2405 ubi
350 2368 484 2415 legitur
510 2367 550 2412 Q.
577 2368 709 2405 Curius
733 2369 881 2415 flayiciis
902 2372 1010 2416 alque
1034 2366 1345 2417 facinoribus
1378 2375 1572 2413 cooper-

125 2431 217 2470 tus,
246 2435 405 2471 eamque
435 2426 481 2460 ob
515 2434 692 2460 caussam
725 2424 826 2471 apud
851 2424 1008 2460 Gellium
1035 2423 1268 2470 facinoribus
1296 2433 1363 2469 pro
1382 2422 1574 2470 fenoribus

126 2481 239 2519 scribi
261 2482 479 2526 voluerum,
507 2492 573 2517 eos
601 2480 810 2516 inconsulto
842 2491 955 2527 agere
987 2484 1088 2516 recte
1118 2480 1260 2516 monuit
1279 2478 1492 2515 Dietschius
1523 2477 1573 2514 ad

126 2538 204 2576 Cat.
225 2539 247 2573 I.
271 2539 294 2573 I.
314 2549 353 2584 p.
374 2541 433 2576 90.
493 2537 692 2585 Conpertus
714 2536 812 2572 idem
834 2536 944 2573 docet
977 2537 1152 2573 translate
1174 2536 1247 2572 dici
1269 2534 1316 2571 de
1340 2535 1406 2580 iis,
1438 2535 1571 2582 quibus

124 2598 275 2643 praeter
295 2593 447 2629 modurn
471 2594 698 2641 ignominiae
721 2604 764 2630 ac
793 2592 1031 2640 turpitudinis
1062 2597 1172 2629 notae
1204 2593 1348 2628 inustae
1371 2594 1476 2635 sunt,
1509 2594 1572 2626 aut

127 2652 190 2700 qui
209 2654 359 2698 praeter
381 2651 532 2686 modum
553 2651 660 2697 gravi
681 2649 806 2696 aliqua
827 2661 867 2685 rc
890 2653 1096 2694 vexantur3
1125 2649 1172 2685 el‘.
1198 2648 1274 2685 Cic.
1297 2649 1333 2684 in
1353 2647 1463 2683 Verr.
1483 2646 1512 2692 1,
1533 2648 1570 2691 4,

123 2713 161 2748 9.
202 2707 246 2744 Si
260 2708 325 2754 qui
341 2708 457 2753 islam,
479 2711 537 2752 tot,
558 2709 679 2751 tantis,
698 2711 773 2742 tam
796 2706 955 2754 nefariis
982 2705 1255 2741 sceleribus
1283 2706 1569 2751 coopertum,

124 2765 238 2802 iurati
257 2764 433 2800 sententia
450 2774 520 2800 sua
544 2763 746 2800 liberarint.
799 2762 877 2802 Liv.
901 2761 1069 2807 XXXIX,
1090 2766 1145 2807 15,
1167 2764 1222 2800 14.
1268 2760 1330 2806 Hi,
1356 2759 1573 2806 cooperti
