1774 3002
159 111 242 154 148
526 109 529 111 μ
615 116 654 153 C.
684 116 914 154 SALLUSTI
943 117 1093 156 CRISPI

795 297 883 331 CAP.
910 299 967 332 1v.

202 366 336 400 Bellum
360 372 477 398 contra
503 366 706 399 Macedones
731 372 764 398 et
789 367 966 398 Dardanos
992 377 1012 399 a
1033 367 1068 400 G.
1095 367 1206 403 Scrib.
1234 367 1379 402 Curione
1402 375 1549 413 gestum.

291 555 362 597 41.
418 550 587 596 Eodem
624 566 740 597 anno
769 553 813 597 in
840 552 1095 598 Macedonia
1124 551 1260 598 Gaius
1286 551 1441 609 Curio,
1479 553 1605 613 prin-

155 633 269 693 cipio
301 634 420 679 veris
458 648 556 679 cum
600 635 718 679 omni
753 636 950 682 exercitu
988 635 1214 694 profectus
1253 635 1297 681 in
1327 634 1603 691 Dardaniam,

156 716 315 778 quibus
344 717 486 776 potuit
516 718 658 763 modis
691 719 901 778 pecunias
936 718 1084 778 Appio
1117 718 1256 765 dictas
1281 718 1442 779 coegit.

292 804 362 846 42.
420 799 610 845 Primam
642 802 774 848 modo
800 802 1027 862 Iapydiam
1058 803 1306 862 ingressus.

291 887 362 930 43.
418 882 597 930 Stobos.

269 1021 329 1057 Fr.
351 1022 410 1058 41.
453 1019 574 1065 [Cort.
604 1031 642 1067 p.
663 1022 747 1058 958.
787 1022 884 1057 Gerl.
911 1021 972 1057 ed.
999 1023 1086 1058 mai.
1108 1023 1156 1066 ΙΙ,
1188 1026 1244 1060 14.
1275 1022 1337 1058 ed.
1362 1023 1454 1059 min.
1474 1023 1525 1068 11,
1545 1024 1605 1061 74.

155 1089 194 1124 p.
215 1080 297 1122 205,
318 1081 354 1115 2.
394 1076 506 1113 Debr.
530 1078 572 1122 ΙΙ,
595 1079 676 1115 154.
698 1081 733 1112 et
752 1078 814 1122 111,
837 1079 943 1122 107.]
981 1079 1037 1114 Ex
1056 1079 1128 1115 hoc
1149 1079 1396 1126 Fragmento‚
1419 1078 1519 1126 quod
1541 1078 1606 1114 de-

157 1136 263 1170 betur
281 1134 402 1170 Nonio
423 1134 494 1178 IV,
521 1136 602 1171 122.
626 1145 664 1180 p.
684 1136 772 1179 280,
794 1137 850 1172 20.
872 1135 983 1172 Mero.
997 1164 1006 1179 ,
1036 1135 1254 1182 intelligitur
1276 1135 1493 1173 Sallustium
1519 1140 1606 1182 post

156 1191 293 1227 multas
314 1192 408 1227 alias
429 1202 491 1227 res
509 1191 700 1237 expositas
719 1190 768 1226 ad
784 1192 1037 1228 narrationem
1057 1192 1143 1228 belli
1164 1192 1201 1227 in
1215 1191 1440 1228 Macedonia
1463 1196 1500 1227 et
1519 1202 1606 1228 con-

156 1248 292 1284 finibus
313 1248 423 1284 terris
448 1249 494 1283 ab
513 1247 638 1293 Appio
665 1246 821 1283 Claudio
842 1253 879 1284 et
900 1247 939 1284 C.
963 1248 1123 1284 Curione
1145 1249 1243 1296 gesti
1263 1250 1488 1294 accessisse,
1509 1259 1605 1295 quae

160 1316 298 1341 caussa
319 1305 398 1349 suit,
423 1315 489 1340 cur
509 1304 747 1351 Fragmenta,
773 1315 868 1351 quae
889 1305 939 1340 ad
959 1305 1050 1341 illud
1070 1306 1206 1341 bellum
1228 1305 1414 1352 pertinere
1433 1304 1606 1343 videren-

157 1367 233 1406 tur,
253 1360 326 1397 hoc
347 1361 498 1397 demum
519 1361 602 1397 loco
624 1361 846 1397 collocanda
863 1363 1133 1408 putaverimus.
1156 1382 1211 1386 —
1246 1362 1392 1408 Appius
1415 1361 1606 1407 Claudius,

158 1418 221 1465 qui
241 1428 278 1454 a.
301 1419 360 1456 78.
381 1429 417 1454 a.
439 1417 526 1454 Chr.
550 1428 584 1454 n.
604 1417 865 1455 Macedoniam
892 1419 1127 1464 provinciam
1147 1419 1299 1454 sortitus
1319 1423 1400 1455 erat
1424 1420 1491 1464 (v.
1511 1418 1606 1454 Hist.

155 1476 216 1511 Fr.
244 1474 278 1520 I,
298 1477 358 1513 81.
388 1476 492 1519 82),
525 1474 672 1511 duobus
696 1476 806 1511 annis
835 1479 921 1522 post
940 1480 1108 1511 mortuus
1136 1486 1398 1512 successorem
1415 1475 1545 1511 habuit
1565 1474 1605 1511 C.

158 1531 394 1568 Scribonium
418 1530 636 1575 Curionem,
659 1532 707 1567 cs.
733 1531 843 1568 Oros.
866 1532 918 1576 V,
939 1535 1000 1571 23.
1038 1532 1190 1579 Eutrop.
1215 1532 1278 1577 VI,
1302 1535 1338 1570 2.
1376 1532 1412 1569 Is
1433 1542 1547 1578 quum
1569 1542 1605 1567 a.

157 1591 215 1627 75.
237 1599 281 1634 p.
299 1587 384 1624 Chr.
417 1598 454 1624 n.
477 1588 515 1623 in
536 1589 771 1634 provinciam
799 1589 963 1633 abiisset,
994 1590 1075 1627 eius
1102 1589 1284 1635 profectio
1312 1589 1350 1624 in
1370 1588 1605 1626 Dardaniam
1637 1605 1640 1609 ·

159 1655 235 1680 non
256 1644 405 1680 videtur
423 1644 514 1690 hoc,
546 1644 615 1680 sed
640 1646 834 1691 sequentis
852 1645 939 1680 anni
961 1656 1051 1682 vere
1078 1645 1102 1680 i.
1128 1656 1162 1680 e.
1186 1656 1284 1681 anno
1303 1646 1362 1684 74.
1385 1646 1484 1682 sacta
1505 1655 1605 1690 esse,

158 1711 269 1748 quam
292 1700 513 1737 Gerlachius
538 1701 625 1737 Vol.
645 1700 703 1736 ΙΙΙ.
725 1712 763 1747 p.
783 1703 842 1739 78.
865 1712 939 1736 non
960 1702 1102 1747 liquere
1128 1701 1230 1745 dicit,
1252 1705 1373 1737 utrum
1395 1701 1445 1737 ad
1465 1709 1604 1737 annum

156 1761 217 1798 76.
237 1768 284 1794 an
307 1757 355 1793 ad
377 1758 436 1795 75.
454 1758 649 1803 pertineat.
666 1776 722 1784 —
763 1756 870 1794 Omni
884 1762 969 1794 ante
991 1759 1178 1803 exercitu,
1206 1757 1307 1804 quod
1327 1759 1365 1793 in
1387 1756 1479 1795 Sall.
1501 1757 1604 1793 editt.

159 1815 282 1866 deest,
305 1814 498 1850 meliorum
530 1814 639 1850 Nonii
659 1814 838 1854 ‚codicum
871 1814 1110 1858 auctoritate,
1136 1815 1173 1850 in
1195 1814 1330 1861 quibus
1350 1813 1461 1849 etiam
1485 1814 1604 1849 Paris.

158 1874 221 1916 A.,
243 1871 488 1908 restituimus.
509 1891 564 1895 —
595 1871 666 1906 Pro
682 1871 801 1918 Appio
824 1871 862 1906 in
885 1871 1000 1907 tribus
1017 1870 1129 1907 Nonii
1144 1869 1258 1907 codd.
1275 1874 1333 1907 est
1348 1869 1605 1917 4ppia,sunde

159 1928 318 1967 Rothius
339 1927 539 1964 verissime
561 1927 722 1963 coniecit
745 1928 885 1975 Appio,
913 1927 1050 1975 quippe
1076 1928 1138 1974 qui
1157 1932 1243 1964 ante
1264 1925 1462 1964 Curionem
1482 1926 1606 1963 Mace-

160 1985 310 2021 doniam
332 1983 579 2030 praesideret.
619 1984 654 2019 A
677 1984 787 2020 Nonii
807 1985 946 2031 pariter
966 1987 1076 2030 atque
1098 1983 1264 2021 Sallustii
1284 1983 1491 2020 editoribus
1509 1982 1605 2020 haee

162 2053 236 2079 vox
264 2042 376 2088 plane
401 2040 541 2076 omissa
569 2045 640 2076 est.
680 2039 822 2086 Medis,
851 2041 954 2088 quod
976 2042 1013 2077 in
1033 2041 1204 2087 plurimis
1226 2040 1336 2076 Nonii
1358 2040 1462 2084 libris
1486 2039 1605 2082 deest,

161 2097 290 2134 Carrio
312 2108 360 2132 ex
382 2107 456 2132 uno
475 2096 607 2133 codice
628 2098 799 2134 restituit.
820 2117 876 2123 —
915 2096 1100 2133 Pecunia-e
1128 2098 1286 2134 dictas
1306 2097 1451 2133 Nonius
1472 2106 1604 2143 parum

161 2153 360 2190 commode
382 2154 645 2200 interpretatur
667 2156 895 2200 promissas,-
923 2154 1062 2189 rectius
1084 2153 1228 2190 Cottius
1250 2154 1416 2200 explicat
1435 2153 1603 2188 comm

161 2214 229 2255 tas,
243 2211 517 2256 praescripms‚
531 2211 751 2256 imperatas,
774 2210 860 2246 coll.
882 2209 1073 2254 Phaedro,
1093 2210 1224 2246 Fabul.
1246 2211 1308 2254 IV,
1334 2214 1368 2254 5,
1391 2212 1449 2277 46.
1467 2208 1518 2245 Et
1533 2208 1606 2244 di-

161 2271 282 2304 ctam
301 2266 415 2302 matri
434 2265 906 2312 conferentpecuniam.

272 2323 334 2359 Fr.
357 2325 418 2361 42.
460 2320 584 2370 [Cort.
603 2333 641 2368 p.
664 2325 766 2359 1004.
814 2321 913 2357 Gerl.
944 2322 1005 2358 ed.
1029 2322 1118 2358 mai.
1147 2322 1224 2359 Ino.
1254 2326 1314 2360 51.
1342 2321 1403 2367 ed.
1427 2322 1518 2360 min.
1536 2320 1602 2364 IV,

162 2385 219 2418 11.
236 2390 275 2426 p.
296 2380 378 2424 226,
394 2381 428 2416 4.
468 2378 576 2414 Debr.
601 2378 644 2422 ΙΙ,
666 2381 723 2417 71.
741 2382 776 2414 et
790 2378 850 2421 III,
873 2378 968 2422 113.]
1005 2377 1176 2423 Servius,
1198 2379 1261 2425 qui
1281 2377 1331 2414 ad
1346 2377 1453 2425 Virg.
1469 2377 1606 2423 Georg.

162 2437 230 2480 ΙΙΙ,
259 2437 341 2474 475.
373 2434 469 2471 haec
500 2435 615 2470 verba
639 2433 767 2478 affert,
799 2435 932 2470 librum
954 2445 1029 2469 non
1059 2435 1250 2472 indicavit.
1293 2433 1371 2471 Sed
1398 2444 1511 2480 quum
1531 2432 1604 2468 illis

163 2493 292 2537 annis,
324 2503 419 2539 quos
444 2490 644 2529 Sallustius
672 2492 709 2526 in
733 2490 905 2526 Historiis
928 2491 1143 2535 illustravit,
1172 2492 1237 2529 vix
1268 2491 1441 2536 cuiquam
1464 2488 1604 2536 aliquid

160 2549 303 2596 negotii
325 2551 363 2585 in
383 2547 562 2596 Iapydia,
589 2547 738 2595 Illyrico
760 2546 920 2592 confini,
952 2553 1072 2592 esset,
1102 2551 1251 2593 praeter
1269 2547 1314 2582 iis
1336 2545 1513 2591 ducibus,
1542 2546 1604 2592 qui

162 2605 200 2641 in
216 2605 441 2641 Macedonia
456 2605 592 2641 bellum
609 2607 794 2651 gererent,
816 2614 890 2639 non
906 2604 1148 2650 improbabile
1158 2608 1225 2639 est
1239 2602 1350 2639 huius
1365 2605 1487 2638 terrae
1503 2611 1606 2637 men.-

163 2662 301 2698 tionem
318 2672 404 2697 esse
426 2662 582 2705 factam,
604 2671 724 2708 *quum
746 2663 875 2696 auctor
905 2659 951 2695 de
974 2658 1145 2696 Curionis
1175 2661 1286 2696 rebus
1316 2658 1436 2704 gestis
1461 2660 1605 2705 ageret.

163 2717 262 2754 Fieri
283 2722 405 2754 tamen
419 2717 550 2764 potuit,
573 2720 611 2754 ut
629 2717 703 2753 iam
716 2716 838 2764 primo
858 2717 951 2754 libro
968 2717 1257 2762 continerentur,
1276 2713 1402 2761 Appio
1417 2713 1456 2750 in
1469 2713 1604 2750 iisdem
