1774 3002
478 146 544 184 AD
574 141 835 183 ERNESTUM
870 139 1307 179 WUESTEMANNUM.
1594 140 1647 172 lx

141 275 248 326 Bpp.
279 283 306 312 a
341 269 441 312 viris
475 266 702 309 illustribus
735 263 981 315 scriptarum
1011 264 1104 304 Vol.
1143 261 1211 300 ul.
1252 270 1293 310 p.
1335 257 1432 298 619.
1490 257 1646 298 Eadem

142 349 226 382 non
246 339 348 381 vidit
366 339 519 386 solum,
544 337 620 378 sed
642 334 762 375 etiam
787 333 828 372 in
847 344 969 373 usum
1000 342 1121 372 suum
1151 326 1373 375 convertit,
1402 325 1472 378 qui
1497 326 1647 366 eodem

142 414 332 461 tempore
357 406 543 448 Holmiae
580 404 823 445 versabatur
854 401 1080 443 christinae
1109 398 1242 451 gratia
1267 399 1333 437 vel
1364 394 1540 437 maxime
1573 395 1647 435 sso-

146 489 243 523 reus
260 509 272 527 ,
287 478 465 517 Ioannes
495 471 819 520 Freinshemius,
852 468 1158 522 Supplementis
1194 465 1374 507 Livianis
1406 464 1498 504 libri
1523 463 1647 504 XCV.

145 557 182 585 o.
219 544 316 584 5-
337 541 401 581 10.
436 540 646 587 inserens,
684 549 791 588 quae
818 539 1011 578 columna
1044 537 1079 576 1.
1119 535 1159 575 2.
1197 534 1236 575 3.
1270 534 1311 573 4.
1343 533 1384 574 6.
1415 538 1457 573 et
1479 533 1519 572 7.
1550 542 1648 572 con-

143 612 343 658 tinentur,
386 620 441 649 ex
476 609 570 659 ipso
611 607 840 657 archetypo
882 605 1043 644 hausta.
1095 605 1196 644 Nam
1237 603 1351 653 quod
1387 601 1427 642 in
1465 598 1648 650 margine

146 693 182 722 c.
202 681 243 721 5.
276 682 504 719 antestatur
532 676 632 716 Sall.
663 677 832 724 Fraym.
865 685 919 713 ex
948 673 1135 713 Biblioth.
1156 673 1279 722 Κεφ,
1314 670 1396 710 iam
1426 668 1575 709 Saxius
1608 667 1649 707 in

146 750 356 802 Onomast.
410 745 531 786 Liter.
600 744 694 784 Vol.
731 744 761 782 Ι.
805 754 845 792 p.
892 740 984 781 168.
1028 747 1142 781 recte
1185 739 1288 780 vidit
1332 750 1383 779 eo
1428 735 1651 787 significari

147 816 372 859 Christinae
404 813 570 864 reginae
602 811 905 852 bibliothecam.
962 810 1135 858 Postea,
1173 821 1300 859 quum
1338 804 1558 857 singularis
1592 803 1651 843 in-

147 885 256 937 genii
280 882 430 924 semina
454 880 556 920 mira
585 879 674 920 sive
702 878 848 919 mentis
882 879 1086 918 humanae
1116 876 1392 917 inconstantia
1421 874 1511 915 sive
1550 873 1652 912 sato-

146 962 238 996 rum
271 948 553 994 vicissitudine
576 948 752 988 Romam
790 952 906 988 esset
934 947 1090 995 delata,
1127 944 1267 995 ibique
1304 956 1342 984 a.
1384 941 1506 983 1689.
1543 952 1653 981 mor-

147 1028 235 1071 tua,
265 1032 359 1062 cum
387 1016 552 1060 relicuis
580 1015 670 1056 eius
706 1014 979 1055 bibliothecae
1010 1013 1227 1055 codicibus>
1257 1012 1380 1053 etiam
1405 1011 1651 1061 Fragmenta

146 1089 393 1132 Sallustiana
418 1086 460 1126 in
485 1083 772 1126 bibliothecam
790 1083 1033 1123 Vaticanam
1060 1092 1302 1132 pervenere.
1345 1079 1404 1120 lbi
1431 1081 1650 1125 latuerunt,

144 1163 193 1199 ut
214 1159 345 1198 multa
382 1154 461 1195 alia
492 1154 671 1193 fortasse
701 1164 786 1193 non
815 1152 951 1192 minus
983 1149 1151 1201 egregia
1178 1154 1221 1189 et
1244 1151 1371 1190 latent
1395 1153 1438 1188 et
1465 1147 1652 1189 latebunt

146 1222 325 1266 aeternis
359 1220 540 1262 tenebris
571 1232 793 1272 oppressa,
826 1221 960 1260 donec
981 1217 1227 1259 Niebuhrius
1253 1229 1289 1257 a.
1327 1215 1447 1257 1817.
1479 1227 1530 1256 ea
1559 1217 1651 1266 rep-

146 1292 253 1344 perit
287 1296 330 1331 et
368 1288 676 1330 accuratissime
711 1289 921 1339 descripta
948 1286 1192 1338 Kreyssigio
1230 1284 1474 1333 transmisit,
1511 1295 1547 1324 a
1565 1295 1649 1334 quo

146 1365 334 1411 tempore
363 1364 447 1400 tam
477 1360 585 1398 laeta
609 1357 659 1398 iis
690 1359 760 1398 lux
788 1356 964 1405 affulsit,
991 1361 1055 1404 ut,
1082 1367 1189 1406 quae
1210 1361 1332 1396 antea
1359 1352 1654 1394 incredibiliter

147 1430 376 1469 deformata
403 1431 564 1475 essent,
606 1431 647 1465 et
673 1432 867 1475 tanquam
898 1436 966 1465 res
1003 1424 1226 1475 desperata
1254 1434 1403 1475 agmen
1431 1423 1652 1472 Fragmen-

146 1502 284 1538 torum
313 1496 572 1543 clauderent,
602 1494 683 1534 iam
713 1492 1062 1544 splendidissimis
1091 1492 1356 1543 reliquiarum
1385 1490 1652 1532 Sallustiana-

147 1576 239 1604 rum
268 1563 452 1615 partibus
486 1562 795 1602 annumeranda
822 1560 917 1600 sint.
975 1559 1244 1612 Kreyssigius
1275 1558 1406 1608 enim,
1454 1558 1526 1609 qui
1569 1558 1651 1598 iam

148 1643 256 1672 anno
283 1630 404 1671 1811-.
424 1642 515 1671 eam
539 1631 877 1680 Fragmentorum
896 1634 1077 1680 partem,
1114 1639 1222 1677 quae
1246 1629 1439 1668 columna
1464 1627 1652 1668 secunda

149 1700 382 1741 continetur
409 1704 462 1748 (s.
488 1698 671 1747 3—5.),
707 1697 808 1738 satis
841 1703 962 1738 acute
998 1709 1048 1737 ac
1082 1696 1253 1736 feliciter
1280 1696 1540 1736 emendatam
1570 1694 1653 1734 edi-

148 1768 299 1815 disset,
331 1765 538 1807 Niebuhrii
564 1767 848 1817 apographum
874 1771 1020 1806 nactus
1047 1766 1210 1805 duabus
1238 1762 1652 1805 commentationibus

149 1834 414 1883 doctissimis,
443 1846 483 1874 a*
507 1833 629 1874 1828.
658 1839 701 1874 et
730 1833 850 1875 1829.
866 1835 1050 1875 Misenae
1079 1833 1211 1881 editis,
1240 1838 1365 1873 tanto
1385 1831 1574 1872 acumine
1602 1841 1652 1870 ac

149 1902 315 1949 criticae
348 1902 448 1942 artis
472 1902 618 1952 peritia
645 1902 686 1942 in
711 1902 774 1942 his
804 1904 836 1943 F
837 1903 1060 1953 ragmentis
1091 1902 1381 1949 emendandis,
1411 1898 1653 1940 ordinandis

149 1976 274 2020 atque
307 1969 564 2020 explicandis
596 1974 790 2010 versatus
829 1975 913 2018 est,
951 1976 999 2010 ut
1023 1982 1157 2021 pauca
1185 1975 1343 2010 tantum
1367 1970 1651 2018 superessent,

151 2048 259 2087 quae
286 2042 458 2086 propter
485 2037 631 2077 nimias
660 2038 832 2077 lacunas
868 2037 1109 2088 incertaque
1134 2038 1359 2078 litterarum
1386 2034 1564 2085 vestigia
1590 2045 1654 2074 re-

152 2104 323 2145 stituere
361 2115 446 2144 non
487 2106 664 2152 valeret,
700 2103 741 2143 in
779 2104 926 2145 ceteris
967 2106 1054 2145 fere
1086 2117 1174 2145 rem
1222 2106 1472 2146 absolveret.
1530 2103 1652 2142 Haud

151 2177 404 2224 postremum
432 2184 532 2213 vero
556 2171 652 2212 >eius
676 2171 873 2212 meritum.
893 2178 976 2222 est,
1008 2174 1123 2223 quod
1149 2173 1404 2224 singulorum
1433 2172 1652 2221 Fragmen-

152 2245 287 2281 torum
315 2239 421 2279 inter
447 2251 495 2281 se
521 2251 674 2280 nexum
702 2239 979 2291 foliorumque
1006 2241 1193 2281 ordinem
1222 2253 1306 2282 non
1337 2242 1473 2280 solum
1503 2238 1653 2279 acutis-

151 2308 255 2348 sime
286 2306 492 2347 divinatus
538 2311 622 2355 est,
663 2308 742 2347 sed
784 2306 906 2348 etiam
951 2313 1035 2349 tam
1073 2315 1186 2350 certa
1225 2309 1295 2349 via
1340 2306 1651 2354 demonstravit,

151 2380 198 2416 ut
219 2387 273 2415 ne
298 2374 461 2414 minima
489 2373 656 2424 quidem
683 2374 883 2416 dubitatio
914 2377 966 2416 de
985 2377 1158 2418 veritate
1185 2377 1341 2418 inventi
1369 2375 1490 2416 huius
1518 2376 1572 2415 ad
1590 2379 1653 2415 to-

151 2448 234 2483 tam
257 2443 593 2493 Fragmentorum
621 2444 935 2495 explicationem
959 2445 1191 2495 gravissimi
1219 2446 1362 2486 relicta
1386 2444 1458 2492 sit,
1490 2454 1539 2483 ac
1567 2454 1651 2483 non

151 2510 231 2551 nisi
265 2510 312 2560 ii,
354 2510 445 2561 qui,
483 2509 519 2549 si
550 2511 651 2560 quid
682 2512 829 2552 mentis
863 2512 951 2552 acie
986 2512 1212 2553 videndum
1247 2518 1330 2562 est,
1371 2511 1469 2551 nihil
1497 2511 1652 2558 vident,

153 2578 230 2618 sed
272 2589 435 2626 eorum,
485 2577 554 2627 qui
596 2583 638 2618 et
672 2579 751 2630 ipsi
792 2580 891 2620 nihil
931 2580 1142 2633 viderunt,
1190 2578 1421 2620 auctoritati
1465 2580 1652 2625 credunt,

153 2644 421 2696 pronuntiare
458 2657 542 2686 non
582 2647 828 2688 erubescant
861 2660 915 2688 ex
947 2647 1095 2689 laceris
1125 2647 1382 2698 Fragmentis
1415 2648 1468 2687 de
1507 2646 1653 2687 ordine

155 2712 250 2752 nihil
304 2713 405 2752 certi
449 2716 640 2752 statuere
682 2713 827 2763 licere;
877 2717 929 2755 cl'.
978 2716 1164 2755 Gerlach.
1218 2715 1313 2754 Vol.
1349 2716 1415 2755 111.
1466 2726 1506 2764 p.
1554 2712 1651 2753 384.

155 2780 215 2820 De
255 2780 386 2820 forma
419 2779 756 2831 Fragmentorum
789 2786 979 2831 externa,
1029 2793 1151 2832 quam
1187 2786 1471 2831 repraesentat
1509 2791 1652 2823 eorum
