1774 3002
464 133 796 173 HISTORIARUM
821 132 1136 170 FRAGMENTA.
1194 133 1284 170 LIB.
1315 134 1360 169 Il.
1540 127 1620 172 147

807 310 895 344 ΟΑΡ.
921 311 978 343 111.

213 379 345 412 Bellum
369 383 487 412 eontra
509 379 638 422 piratas
664 378 698 410 in
721 379 852 412 Pisidia
873 384 909 412 et
931 377 1133 421 Pamphylia
1154 387 1177 410 a
1198 379 1236 411 Ρ.
1262 377 1408 410 Servilio
1432 383 1579 422 gentum.

248 590 251 591 ν
313 566 384 610 38ι
437 561 529 608 Nisi
557 562 660 624 quia
684 563 847 608 flumen
870 561 1021 607 Durda
1053 562 1200 607 Tauro
1222 564 1371 608 monte
1407 562 1621 609 defluens.

315 648 386 709 ,⁸9-
440 644 607 692 Fessus
628 645 685 690 -in
719 643 1021 705 Pamphyliam
1053 659 1103 690 se
1132 647 1371 704 receperat.

313 732 384 774 40.
438 727 599 787 Lyciae
633 727 911 789 Pisidiaeque
937 741 1075 787 agros
1111 727 1449 788 despectantem.

180 873 306 899 ver-nm
324 865 431 899 estam
459 873 550 899 casu
573 864 660 899 data
688 865 735 899 in
764 865 984 900 virtutem
1010 863 1340 900 trahebantur.
1381 863 1498 901 Tacit.
1520 865 1622 901 Ann.

180 919 279 963 xlv,
297 922 356 964 38,
372 923 409 959 3.
445 919 563 956 Iulius
578 919 825 956 Classiakznus
841 919 1005 956 Suetonii
1020 920 1223 956 adversa
1236 920 1482 967 pravitati
1494 921 1621 968 ipsius,

173 985 416 1023 prospera
436 976 494 1012 ad
507 975 753 1023 fortunam
771 976 1034 1022 referebat.
1055 993 1113 1000 —
1151 976 1531 1023 Cor-rumpebant
1547 989 1621 1013 non

180 1032 340 1078 pertinet
358 1031 408 1069 ad
426 1026 704 1079 praecedentia,
735 1031 804 1068 sed
825 1032 874 1068 ad
899 1032 1084 1068 obiectum
1104 1032 1271 1079 aliquod,
1294 1032 1397 1080 quod
1414 1033 1622 1081 interrupta

180 1088 348 1124 oratioue
364 1088 526 1132 excidit,
545 1089 650 1126 velut
667 1089 890 1131 nervuum,
912 1089 975 1125 vel
995 1088 1128 1124 bonam
1146 1088 1305 1125 Sertorii
1317 1089 1472 1137 famam,
1494 1091 1555 1127 vel
1575 1092 1625 1128 si·

182 1144 268 1180 mile
287 1143 391 1192 quid.
410 1163 464 1172 -—
510 1144 613 1180 Hanc
630 1144 660 1180 F
661 1145 1146 1193 ragmenti·explieati0nem
1168 1157 1191 1182 a
1210 1145 1415 1182 Debrossio
1435 1147 1621 1193 proditam

181 1200 401 1239 Gerlaehius
419 1201 506 1236 Vol.
527 1200 590 1236 111.
614 1212 652 1247 p.
671 1205 731 1241 80.
757 1202 793 1237 in
814 1201 967 1238 dubium
989 1206 1120 1245 vocat,
1145 1202 1233 1248 quia
1253 1202 1353 1239 idem
1381 1203 1535 1240 Lucullo
1560 1215 1622 1241 ac·

181 1256 332 1302 ciderit,
362 1278 386 1302 ,-‚
394 1257 503 1293 cuius
524 1257 633 1293 fortia
659 1259 758 1294 sacta
777 1258 942 1304 Pompeii
962 1259 1127 1294 sautotes
1147 1259 1312 1306 maligne
1338 1259 1623 1306 interpretaren-

182 1314 279 1349 tur.“
306 1313 350 1349 ld
368 1324 438 1359 per
458 1324 500 1349 se
517 1319 660 1358 verum,
682 1325 726 1350 ac
747 1314 779 1350 si
803 1314 895 1350 liber
909 1315 937 1350 F
940 1314 1121 1361 ragmenti
1143 1315 1389 1361 ignoraretur,
1410 1315 1514 1352 haud
1530 1318 1624 1353 roret

182 1369 473 1416 negligendum3
495 1369 565 1406 sed
584 1369 684 1406 idem
703 1369 744 1406 fit
764 1370 1004 1406 falsissimum
1027 1381 1072 1406 ac
1090 1381 1247 1416 prorsus
1269 1372 1485 1416 absurdum,
1508 1384 1621 1420 quum

181 1426 298 1462 verba
314 1425 388 1462 sint
398 1436 448 1461 ex
468 1426 628 1462 secando
646 1427 753 1470 libro,
772 1437 846 1473 quo
868 1431 997 1464 auctor
1018 1437 1064 1462 ne
1086 1427 1225 1473 incepit
1243 1427 1393 1474 quidem
1414 1429 1462 1464 de
1478 1429 1620 1466 Luculli

181 1482 292 1518 rebus
311 1482 430 1528 gestis
458 1492 591 1528 agere,
617 1482 755 1518 nedum
782 1483 956 1519 sinistros
976 1484 1058 1519 eius
1081 1483 1316 1521 inimieorum
1343 1494 1539 1522 sermones
1559 1486 1621 1522 hic

183 1538 354 1582 referret,
380 1537 483 1584 quod
503 1539 795 1585 qnintodemum
814 1539 907 1574 libro
927 1540 1046 1586 potuit
1063 1539 1159 1575 fieri.

290 1593 352 1634 Fr,
373 1594 435 1632 37.
480 1591 601 1642 [Cort.
631 1597 736 1633 1oe4.
777 1595 875 1631 Gerl.
904 1595 967 1631 ed.
990 1596 1079 1632 mai.
1107 1596 1184 1632 Ine.
1208 1598 1269 1635 46.
1290 1597 1352 1632 ed.
1382 1598 1472 1634 min.
1495 1599 1532 1642 1,
1560 1602 1621 1639 49.

180 1661 219 1696 p.
238 1653 322 1694 190,
341 1654 377 1688 5.
413 1649 526 1686 Debr.
548 1650 607 1695 111,
626 1651 704 1695 21.]
740 1651 863 1687 Locus
882 1656 1005 1688 exstat
1022 1652 1125 1699 apud
1143 1653 1275 1689 Donat.
1298 1653 1348 1688 ad
1364 1653 1448 1689 Ter.
1462 1654 1620 1697 Phorm.

182 1707 207 1750 l,
228 1711 263 1751 1,
282 1709 319 1744 A.
340 1707 422 1742 sine
443 1707 528 1742 libri
547 1708 747 1743 notatione.
785 1708 960 1752 Pecunia,
984 1708 1032 1744 de
1051 1719 1127 1755 qua
1146 1709 1206 1745 hic
1227 1710 1361 1757 agitur,
1385 1710 1488 1746 haud
1509 1711 1621 1748 dubie

181 1763 229 1798 ab
246 1762 476 1799 adversariis
495 1763 699 1811 intercepta
721 1764 807 1807 suit,
837 1769 902 1800 aut
917 1765 991 1800 alio
1018 1765 1131 1801 modo
1151 1767 1234 1802 eius
1255 1777 1348 1802 usus
1371 1767 1520 1803 Metello
1542 1779 1621 1804 ere-

179 1822 279 1864 ptus.
325 1817 435 1863 Quod
454 1819 605 1865 quando
626 1820 823 1865 acciderit,
843 1821 908 1856 vix
929 1822 1103 1858 constitui
1123 1826 1258 1868 potest.

291 1875 353 1912 Fr.
376 1877 436 1912 38.
477 1874 601 1920 [Cort.
622 1887 662 1922 p.
680 1879 762 1915 959.
805 1876 904 1912 Gerl.
926 1877 988 1916 ed.
1010 1878 1100 1913 mai.
1123 1879 1175 1922 Π,
1195 1882 1255 1916 23.
1296 1879 1359 1914 ed.
1380 1880 1467 1915 min.
1489 1881 1538 1925 ΙΙ,
1557 1884 1617 1920 86.

180 1941 219 1975 p.
238 1933 327 1974 Μ,
346 1933 406 1968 26.
447 1931 559 1967 Debr.
580 1931 631 1975 11,
650 1933 749 1976 80]-
774 1932 922 1976 Verba,
943 1943 1041 1978 quae
1062 1937 1208 1969 exstant
1230 1934 1331 1980 apud
1351 1936 1532 1972 Priscian.
1554 1936 1619 1981 Vl,

179 1989 223 2030 2,
242 1989 300 2023 10.
319 1996 357 2031 p.
376 1988 459 2023 224.
479 1987 563 2029 Kr.,
593 1987 632 2021 in
651 1983 865 2022 narratione
885 1987 1106 2025 de·Servilii
1131 1991 1227 2024 bello
1249 1995 1376 2026 contra
1396 1993 1539 2038 piratas
1567 1994 1620 2028 lo·

181 2052 265 2076 cum
282 2039 462 2077 habuisse
479 2053 527 2077 ex
545 2041 658 2078 Tauri
677 2044 814 2079 montis
834 2044 1023 2079 mentione
1041 2044 1277 2092 intelligitur,
1306 2057 1532 2095 quamquam
1555 2059 1618 2085 res

180 2097 264 2143 ipsa
292 2100 350 2132 est
376 2097 658 2134 obscurissima.
698 2099 770 2134 Pro
796 2100 882 2146 quia
906 2099 944 2134 in
971 2099 1147 2136 edd-est
1170 2112 1266 2149 quun
1293 2101 1458 2140 fluminis
1482 2115 1619 2141 nomen

179 2155 346 2198 ignotum
372 2152 411 2188 in
438 2154 587 2200 optimis
607 2155 788 2191 Prisciani
817 2155 931 2191 codd.
953 2159 1011 2191 est
1034 2150 1191 2198 Darda}
1217 2157 1305 2194 edd.
1335 2161 1452 2208 vulgo
1479 2160 1619 2203 habent

179 2208 321 2244 Lauda.
606 2231 607 2236 =

291 2265 351 2300 Fr.
372 2267 432 2304 39.
470 2265 585 2311 [Cort.
606 2278 643 2313 p.
666 2269 768 2305 1006.
804 2266 902 2303 Gerl.
925 2267 986 2307 ed.
1003 2269 1090 2304 mai.
1115 2270 1191 2308 Ine.
1215 2273 1275 2309 90.
1296 2270 1359 2307 ed.
1380 2272 1470 2308 min.
1491 2273 1535 2317 Il,
1554 2277 1617 2312 93.

179 2331 216 2366 p.
237 2322 319 2364 206,
337 2323 374 2358 6.
411 2320 520 2358 Debr.
545 2323 597 2367 11,
614 2323 692 2367 87.]
731 2322 887 2360 Servius
906 2323 958 2360 ad
976 2325 1083 2372 Virg.
1104 2326 1201 2362 Aen.
1222 2327 1317 2372 VIII,
1337 2331 1420 2366 232.
1445 2328 1541 2365 haec
1563 2331 1616 2366 af-

181 2377 251 2411 l'ert
267 2377 360 2412 libro
379 2376 535 2413 Historr.
554 2389 629 2414 non
649 2378 813 2422 laudato,
831 2379 956 2426 ferrus
974 2382 1170 2428 explicans
1190 2392 1300 2430 eqens
1319 2386 1468 2421 cons-13.
1507 2386 1615 2422 Intel-

182 2431 355 2478 ligendus
374 2432 521 2469 videtur
542 2435 743 2480 piratarum
762 2434 839 2470 dux
861 2447 883 2472 a
902 2436 1065 2474 Servilio
1090 2449 1261 2485 pressus.

290 2488 353 2524 Fr.
372 2490 431 2526 40.
471 2488 588 2534 [Cort.
605 2501 643 2536 p.
662 2492 766 2528 1006.
799 2490 899 2528 Gerl.
920 2492 982 2529 ed.
1002 2495 1091 2530 mai.
1113 2495 1190 2531 Inc.
1208 2499 1267 2534 95.
1288 2495 1350 2532 ed.
1373 2497 1464 2533 min.
1488 2497 1532 2543 11,
1546 2500 1612 2536 94.

180 2555 218 2590 p.
236 2547 326 2590 me,
347 2545 383 2582 7.
419 2544 530 2581 Debr.
555 2546 606 2590 11,
626 2542 711 2593 88]
754 2546 881 2583 Verba
903 2548 1086 2586 debentur
1109 2550 1244 2588 Servio
1272 2552 1323 2588 ad
1340 2553 1447 2600 Virg.
1468 2553 1564 2590 Aen.
1583 2554 1612 2598 1,

180 2601 261 2637 424.
309 2600 489 2645 QuamVis
512 2602 606 2638 libro
634 2611 709 2637 non
735 2601 946 2648 significato
975 2606 1190 2654 intelligitur
1216 2618 1264 2642 ex
1290 2609 1457 2645 locorum
1480 2613 1613 2646 natura

181 2654 229 2690 de
248 2657 356 2703 ‚bello
382 2657 538 2703 piratico
554 2658 648 2694 haec
670 2655 770 2693 dicta
795 2658 923 2695 finisse.
976 2661 1253 2710 Respa-tantem
1281 2665 1435 2701 relatum
1465 2665 1614 2702 videtur

180 2710 231 2747 ad
254 2710 418 2748 Taurum
445 2719 629 2758 montem,
649 2713 803 2760 Lyciam
820 2714 1151 2765 Pamphyliamque
1167 2719 1404 2757 ambientem.

1254 2785 1338 2827 10*
