1774 3002
135 136 189 178 10
547 182 550 184 ,
622 139 662 176 C.
688 138 919 177 SALLUSTI
944 139 1096 177 CRISPI

134 265 342 312 secundis
361 264 493 310 rebus
515 263 618 311 oriri
650 265 778 310 sueta
802 262 918 309 mala
935 266 1039 323 post
1060 262 1340 324 Carthaginis
1360 263 1578 311 excidium

132 364 337 396 maxume
368 351 497 394 aucta
525 350 640 394 sunt.
698 349 806 394 Nam
838 347 1020 395 iniuriae
1050 348 1311 395 validiorum
1339 348 1470 395 etob
1499 363 1578 394 eas

133 433 348 482 discessio
394 431 534 493 plebis
574 447 601 477 a
641 432 840 492 patribus
874 432 1074 495 aliaeque
1117 431 1420 481 dissensiones
1455 432 1572 480 domi

132 605 265 650 pturae
290 600 563 648 discrepantia:
590 600 639 644 II,
666 602 724 638 18.
745 599 852 640 deiru
870 599 940 643 ΙΙΙ,
961 601 1018 638 16.
1038 598 1185 645 deinde,
1207 600 1327 646 quod,
1353 612 1579 648 quamquam

135 659 312 697 Sallustio
332 658 505 694 usitatius
526 661 583 693 est
603 658 668 701 (v.
689 655 806 694 Indic.
826 655 866 692 h.
887 656 966 700 v.),
991 659 1115 691 tamen
1139 667 1214 693 non
1236 658 1468 705 recepimus,
1491 659 1579 705 quia

133 717 298 753 Donatus
321 724 468 761 quoque
491 713 540 751 ad
564 713 651 749 Ter.
670 712 792 750 Andr.
812 713 840 756 I,
863 716 896 757 l,
918 715 954 752 9.
978 713 1062 749 dein
1080 716 1202 750 tuetur
1214 724 1231 758 ;1
1249 725 1285 750 v.
1310 715 1419 751 infra.
1439 735 1496 740 —-
1533 716 1578 759 ΙΙ,

136 776 192 811 18.
213 772 342 819 quibus
369 771 548 810 saevistis,-
574 770 639 815 111,
671 773 729 809 16.
753 769 882 816 quibus
902 771 1084 816 aquata
1105 771 1277 807 saevitiis.
1318 771 1416 808 lllud
1440 772 1478 808 in
1499 771 1580 808 Sal-

133 829 233 866 lustii
257 828 483 864 editionibus
512 827 646 874 legitur
673 826 868 870 omnibus3
900 826 970 862 sed
990 824 1095 862 haud
1115 825 1227 863 dubie
1251 838 1343 864 vera
1361 831 1438 872 est,
1467 839 1580 875 quam

133 886 391 933 expressimus
407 885 444 921 in
460 887 574 928 textu,
591 884 713 926 lectio,
731 885 848 919 verbo
863 884 1000 930 aqimla
1014 886 1137 919 aucta.
1168 882 1264 921 Nam
1281 888 1321 921 ut
1334 885 1431 921 iusta
1443 896 1581 922 caussa

134 944 451 991 cogitarinequit,
476 952 542 977 cur
564 941 709 977 scribae
731 939 770 976 id
785 941 902 979 altero
924 941 1007 976 loco
1030 939 1246 985 adiecerint,
1268 941 1319 978 ita
1335 942 1445 978 facile
1465 941 1583 988 potuit

0 1011 13 1017 ⁷
63 1027 66 1029 >
133 1001 180 1036 ab
201 1000 247 1036 iis
268 1000 409 1046 negligi
425 1002 577 1045 propter
594 1007 801 1044 congruam
821 997 1013 1043 sequentis
1032 997 1137 1033 verbi
1155 1001 1390 1036 structuram.
1423 998 1486 1035 Ad
1509 998 1581 1034 hoc

134 1056 279 1104 egregii
301 1067 456 1102 prorsus
479 1066 614 1090 sensus
634 1058 692 1090 est
714 1055 950 1098 vocabulum,
978 1053 1163 1100 valdeque
1186 1054 1508 1091 accommodatum
1531 1055 1581 1091 ad

134 1114 343 1150 anxietates
374 1116 532 1149 vexatae
563 1111 684 1158 plebis
715 1109 989 1154 declarandas;
1027 1111 1075 1145 cs.
1106 1110 1390 1148 Drakenborch.
1420 1111 1471 1148 ad
1500 1112 1582 1148 Liv.

133 1170 302 1214 XXXIV,
328 1173 384 1213 12,
406 1173 440 1207 1.
479 1168 678 1204 Foreellini
699 1168 790 1203 Lex.
809 1167 848 1203 h.
870 1179 908 1204 v.
933 1167 978 1202 T.
998 1167 1026 1202 Ι.
1046 1178 1085 1213 p.
1102 1169 1193 1207 116..
1204 1167 1266 1203 ed.
1289 1168 1414 1204 Germ.
1430 1171 1467 1204 et
1485 1179 1581 1215 quae

135 1226 182 1264 de
202 1228 397 1274 exaqitare
417 1225 580 1262 diximus
601 1224 650 1261 ad
672 1223 751 1261 Cat.
771 1223 908 1268 XXIX,
931 1227 966 1261 1.
985 1235 1024 1270 p.
1045 1226 1127 1262 133.
1164 1223 1257 1260 Tum
1279 1224 1381 1272 apud
1403 1225 1582 1272 Augusti-

133 1294 222 1320 num
243 1284 294 1328 ll,
319 1286 375 1322 18.
396 1287 453 1319 est
474 1286 508 1318 et
522 1283 684 1318 maxime
700 1281 890 1328 fenoris
909 1290 1052 1317 onere
1071 1290 1275 1327 oppressa;
1294 1281 1354 1325 ΙΙΙ,
1375 1285 1434 1321 16.
1453 1285 1489 1319 et
1499 1293 1580 1319 ma-

132 1342 234 1377 xime
251 1340 422 1388 fenore
442 1349 639 1386 oppressa.
669 1338 764 1376 Illud
790 1348 943 1381 verum3
963 1337 1036 1374 hoc
1057 1337 1205 1381 scribis,
1227 1349 1303 1374 non
1319 1337 1496 1378 Sallustio
1518 1338 1582 1374 de-

132 1399 253 1434 betur.
293 1397 389 1433 Nam
411 1396 582 1443 quamvis
606 1395 684 1432 sere
706 1406 776 1442 par
798 1395 846 1431 sit
865 1395 1057 1440 utriusque
1079 1394 1287 1441 scripturae
1308 1396 1510 1439 sententia,
1529 1399 1582 1431 ta-

133 1465 219 1493 men
243 1454 388 1501 fenoris
413 1462 526 1490 onere
555 1464 632 1488 non
652 1453 773 1488 solum
793 1451 960 1489 vividius
981 1455 1040 1487 est
1065 1455 1175 1497 atque
1199 1444 1407 1499 elegantius
1429 1452 1581 1496 dictum,

135 1511 205 1548 sed
226 1512 368 1547 clarum
386 1514 444 1547 est
465 1510 588 1554 etiam,
609 1509 743 1556 fenore
763 1509 991 1556 negligentia
1012 1508 1157 1544 scribae
1179 1519 1265 1545 esse
1288 1512 1428 1554 ortum,
1450 1509 1514 1556 qui
1533 1508 1583 1545 si-

113 1567 341 1607 .militudine
363 1568 593 1614 syllabarum
614 1566 794 1612 deceptus
811 1577 887 1601 non
907 1566 1076 1602 absoluto
1095 1564 1239 1612 fenoris
1258 1567 1443 1605 vocabulo
1466 1566 1505 1604 in
1523 1576 1583 1602 se·
1658 1596 1667 1602 .

135 1628 311 1672 quentem
330 1634 463 1662 vocem
479 1623 693 1667 transiliret,
714 1633 835 1669 neque
859 1633 1024 1658 errorem
1046 1622 1362 1659 animadverteret
1377 1634 1494 1662 sensu
1507 1633 1582 1658 non

134 1681 328 1729 impedito.
353 1701 401 1709 —
434 1681 550 1718 Porro
575 1679 809 1727 Augustinus
831 1679 882 1723 ΙΙ,
914 1681 971 1718 18.
992 1678 1105 1714 habet
1124 1689 1234 1725 quum
1257 1679 1429 1717 tributum
1446 1680 1585 1717 simul

134 1743 176 1775 et
194 1739 356 1777 militiam
379 1738 573 1777 tolerarem
599 1737 666 1780 III,
697 1739 755 1774 16.
775 1746 868 1772 vero
887 1746 998 1782 quum
1017 1734 1187 1771 inbutum
1208 1738 1251 1771 et
1268 1736 1430 1775 militiam
1448 1736 1585 1775 simul

134 1796 325 1840 toleraret,
354 1805 450 1841 quae
473 1794 739 1840 particularum
760 1792 956 1828 collocatio
978 1791 1064 1828 usui
1092 1792 1286 1838 scriptoris
1306 1796 1513 1840 repugnatg
1541 1802 1583 1828 v.

134 1856 310 1888 annotata
331 1850 382 1888 ad
401 1851 481 1898 lug.
503 1862 537 1886 c.
559 1850 713 1894 XLVII,
741 1853 778 1888 2.
805 1860 845 1895 p.
865 1851 948 1888 268.
968 1868 1025 1873 -—
1050 1849 1179 1885 Paullo
1211 1849 1309 1885 infra
1328 1849 1378 1893 ΙΙ,
1414 1852 1474 1887 18.
1505 1853 1565 1885 est

135 1912 314 1956 tumque
333 1907 522 1948 tribunam
546 1907 607 1951 ΙΙΙ,
629 1909 688 1945 16.
709 1910 894 1954 tuncque
917 1905 1000 1943 trib.
1041 1904 1169 1941 Utrum
1185 1916 1317 1945 verum
1333 1906 1381 1945 sit
1394 1905 1460 1943 vix
1478 1916 1583 1953 asse-

135 1966 284 2013 quaris3
307 1976 394 2005 nam
415 1965 447 2001 si
467 1964 604 2000 tribuni
624 1964 708 2010 ipso
730 1973 906 1999 secessus
930 1966 1098 2009 tempore
1121 1963 1238 1998 creati
1261 1962 1453 2006 dicuntur,
1481 1961 1583 2009 quod

137 2034 229 2059 sane
261 2021 335 2058 dici
356 2025 498 2069 potest,
529 2024 616 2057 tunc
644 2019 887 2061 scribendum
916 2019 1009 2064 erit;
1043 2018 1101 2054 sin
1129 2029 1177 2054 ea
1197 2018 1365 2058 Sallustii
1383 2029 1492 2056 mens
1511 2023 1581 2063 est,

136 2090 295 2116 secessu
320 2078 489 2125 effectum
507 2087 604 2124 esse,
634 2081 674 2113 ut
691 2077 827 2115 tribuni
857 2079 1093 2120 crearentur,
1121 2078 1195 2114 tum
1219 2076 1419 2123 requiritur
1446 2077 1510 2122 (v.
1533 2075 1583 2112 ad

135 2137 218 2183 lug.
239 2136 332 2179 c.V,
346 2139 395 2179 1.,
415 2146 454 2181 p.
473 2135 565 2179 28.),
589 2133 691 2181 quod
708 2135 816 2171 nobis
831 2134 955 2180 magis
971 2134 1105 2180 placet,
1128 2144 1241 2179 quum
1257 2132 1470 2178 Sallustius,
1485 2142 1582 2179 quae

136 2203 251 2229 cursu
266 2195 473 2237 temporum
494 2191 532 2225 in
553 2192 695 2238 republ.
715 2191 824 2226 Rom.
846 2194 984 2226 mutata
1005 2190 1089 2233 sint,
1110 2193 1286 2236 exponat.
1305 2209 1363 2214 —
1389 2189 1582 2230 Postremo

134 2250 256 2289 verba
276 2248 359 2284 libri
380 2248 432 2292 Il,
461 2249 519 2284 18.
543 2248 752 2284 certaminis
775 2246 1006 2292 utrimque
1031 2246 1118 2292 finis
1135 2245 1224 2293 fuit,
1255 2246 1291 2282 in
1312 2246 1405 2285 libro
1428 2246 1497 2290 111,
1525 2249 1581 2285 16.

137 2307 193 2344 sic
222 2307 417 2353 leguntur:
447 2304 659 2340 certaminis
685 2304 925 2349 utriusque
947 2303 1034 2349 finis
1051 2301 1144 2348 fuit,
1171 2302 1356 2348 perversa
1376 2302 1581 2346 sententia

137 2373 214 2400 non
235 2362 283 2399 de
312 2361 459 2400 duobus
488 2362 587 2400 enim
608 2360 871 2399 certaminibus
892 2369 1015 2395 sermo
1039 2359 1126 2403 suit,
1156 2356 1226 2396 sed
1245 2359 1292 2396 de
1312 2360 1513 2396 certamine
1535 2359 1581 2395 ab

137 2424 295 2466 utraque
320 2422 426 2466 parte
455 2418 634 2453 exercito.
653 2439 726 2461 —-->
748 2417 898 2453 Praeter
926 2415 1022 2452 haec
1041 2415 1242 2462 Augustini
1272 2416 1482 2453 testimonia
1507 2415 1583 2451 alia

137 2480 286 2514 exstant
307 2475 660 2518 Grammaticorum,
691 2473 840 2520 singula
866 2474 984 2511 verba
1009 2471 1266 2517 afferentium3
1295 2484 1382 2511 nam
1402 2471 1512 2512 Serv.
1533 2471 1583 2507 ad

138 2534 248 2581 Virg.
276 2533 401 2580 Georg
420 2531 489 2575 IV,
517 2533 600 2570 238.
619 2530 733 2571 habet
751 2531 909 2567 iniuriae
934 2529 1173 2570 validiorum
1199 2530 1334 2567 Donat.
1362 2528 1412 2566 ad
1433 2528 1581 2564 Terent.

139 2590 262 2628 Andr.
282 2589 311 2635 I,
336 2594 370 2633 1,
391 2590 428 2630 9.
449 2587 544 2625 Dein
559 2588 685 2624 servili
701 2587 853 2634 imperio
869 2588 998 2633 patres
1010 2585 1173 2633 plebem
1192 2587 1307 2625 Arus.
1321 2596 1359 2632 p.
1379 2588 1475 2629 236„
1496 2585 1583 2621 Dio-

138 2646 242 2685 med.
257 2658 296 2694 p.
312 2648 396 2689 439.
416 2644 478 2686 ed.
493 2643 659 2688 Putsch.,
681 2643 790 2683 Serv.
808 2642 858 2679 ad
873 2643 980 2689 Virg.
994 2642 1089 2681 Aen,
1106 2643 1201 2688 VIII,
1221 2643 1303 2683 479.
1317 2645 1464 2680 armata
1477 2652 1580 2678 mon—

141 2708 211 2743 tem
234 2713 386 2740 sacrum
411 2705 520 2750 acque
538 2701 752 2741 Aventinum
774 2700 916 2737 insedit.
934 2719 983 2726 —
1021 2700 1096 2734 Iam
1129 2700 1275 2747 singula
1301 2698 1580 2735 illustrabimus.

143 2760 321 2804 Secundis
340 2759 450 2796 rebus
467 2770 541 2795 non
563 2761 648 2795 sunt
668 2757 840 2802 ablativi,
864 2757 926 2804 qui
949 2760 1130 2793 vocantur
1149 2755 1394 2800 instrumenti,
1421 2754 1472 2802 ad
1490 2755 1586 2791 oriri
