1774 3002
164 157 248 202 334
620 159 658 198 C.
688 161 917 202 SALLUSTI
945 163 1096 204 CRISPI

301 289 371 332 32.
425 284 573 331 Italiae
597 286 730 346 plana
753 303 804 333 ac
830 289 989 335 mollia.

299 370 368 412 33.
423 365 576 414 Omnis
613 369 736 416 Italia
780 376 933 419 coacta
970 373 1012 418 in
1049 373 1280 434 angustias
1320 375 1530 421 scinditur
1564 376 1606 422 in

164 453 251 497 duo
278 452 600 510 promontoria,
630 453 846 500 Bruttium
878 459 920 501 et
948 457 1247 503 Sallentinum.

300 539 368 581 34.
428 535 499 580 Ad
535 534 725 582 Siciliam
767 553 962 600 vergens
999 541 1198 587 faucibus
1236 540 1344 601 ipsis
1386 555 1473 587 non
1506 557 1605 588 am-

161 617 278 677 plius
308 621 428 677 patet
453 618 643 665 minibus
673 620 717 665 V
744 624 787 667 et
821 611 962 668 xxx.

160 783 242 815 tura
263 779 423 815 maxime
449 780 587 816 sactum
608 784 688 828 est,
706 784 745 817 ut
766 791 849 817 cum
873 780 1053 829 Spartaco
1076 781 1336 819 debellaretur.
1369 783 1601 832 Quamquam

158 837 338 883 pleraque
359 847 407 872 ex
428 835 589 873 Incertis
608 842 712 882 sunt,
738 842 862 874 tamen
884 843 1015 886 quarto
1043 839 1288 876 Historiarum
1313 841 1406 878 libro
1435 852 1518 877 eam
1546 841 1600 877 di-

158 893 394 939 gressionem
415 898 626 930 contentam
649 895 765 931 ruisse
786 899 861 930 tum
882 906 943 931 res
963 895 1047 942 ipsa
1067 896 1248 942 ostendit,
1269 898 1448 934 sactorum
1469 897 1598 934 ordine

157 960 241 986 eum
264 951 388 986 locum
406 951 630 997 postulante,
644 955 720 988 tum
740 954 980 999 cognoscitur
1000 963 1048 988 ex
1067 953 1126 989 Fr.
1146 957 1192 992 34
1208 957 1243 989 et
1263 955 1322 999 37,
1343 965 1439 1001 quae
1461 954 1597 991 diserte

156 1017 203 1042 ex
223 1006 287 1043 IV.
308 1008 521 1044 laudantur.

270 1064 331 1100 Fr.
353 1067 413 1103 32.
435 1064 549 1111 [Cort.
569 1076 608 1112 p.
629 1069 734 1104 1006.
756 1065 855 1101 Gerl.
877 1065 937 1101 ed.
960 1066 1044 1102 mai.
1064 1066 1140 1102 Inc.
1163 1069 1221 1106 98.
1244 1067 1304 1103 ed.
1327 1068 1416 1104 min.
1441 1069 1514 1113 IV,
1536 1071 1594 1107 16.

156 1132 195 1168 p.
213 1123 305 1169 226,
329 1125 388 1159 15.
411 1122 521 1158 Debr.
541 1122 612 1167 lV,
632 1123 708 1167 63.]
729 1123 856 1158 Verba
876 1123 987 1158 allata
1010 1134 1032 1158 a
1061 1122 1172 1159 Serv.
1200 1123 1249 1158 ad
1276 1124 1383 1171 Virg.
1411 1125 1508 1161 Aen.
1535 1125 1594 1170 ΙΙΙ,

155 1181 238 1216 522.
260 1178 376 1225 vulgo
401 1183 574 1225 corrupte
594 1179 631 1215 in
652 1177 743 1215 Sall.
765 1178 854 1214 edd.
877 1179 931 1215 sic
947 1180 1120 1226 leguntur
1152 1179 1263 1216 Italia
1289 1182 1410 1227 plana
1437 1192 1483 1217 ac
1505 1182 1592 1217 mol—

155 1235 216 1280 lis,
239 1245 334 1281 quae
356 1237 540 1284 scriptura
561 1231 636 1272 non
656 1236 778 1272 solum
798 1235 874 1271 fide
891 1240 1010 1282 caret,
1031 1236 1100 1273 sed
1120 1237 1230 1273 etiam
1246 1248 1465 1284 perversam
1481 1237 1595 1274 habet

156 1292 391 1328 sententiam.
432 1293 577 1329 Italiam
605 1293 704 1328 enim
724 1303 791 1339 per
821 1303 862 1328 se
892 1293 974 1339 quis
1004 1292 1141 1329 dixerit
1170 1294 1322 1340 planam
1346 1306 1390 1330 ac
1417 1292 1594 1330 mollem?

155 1348 412 1395 Intelliguntur
440 1353 564 1386 autem
594 1350 765 1397 singulae
799 1349 879 1385 eius
908 1349 1084 1396 regiones
1118 1350 1200 1385 sive
1225 1354 1351 1397 partes
1382 1351 1517 1398 planae
1549 1362 1592 1387 ac

156 1405 309 1451 molles;
330 1406 377 1442 cs.
402 1406 452 1443 ad
477 1407 536 1442 Fr.
557 1406 626 1452 ΙΙΙ,
655 1410 714 1445 26.
733 1425 791 1432 --
814 1406 914 1442 Loca
935 1406 1074 1452 mollia,
1095 1407 1269 1454 opposita
1298 1408 1462 1454 asperis,
1490 1418 1594 1444 mon-

155 1462 274 1507 tanis,
296 1464 466 1509 saxosis,
495 1467 598 1508 sunt,
630 1474 726 1510 quae
752 1463 907 1500 humum
935 1463 1094 1499 fertilem
1121 1464 1364 1511 frugibusque
1391 1464 1591 1512 gignendis

154 1522 279 1567 aptam
303 1518 454 1556 habent.
485 1521 532 1555 cs.
553 1520 614 1556 Fr.
639 1520 710 1565 IV,
733 1523 793 1559 35.
823 1519 970 1556 Natura
990 1521 1224 1557 mollioris
1245 1520 1388 1557 Italiae.

267 1575 329 1612 Fr.
350 1580 409 1616 33.
432 1575 546 1622 [Cort.
562 1589 600 1623 p.
623 1580 727 1616 1006.
751 1577 851 1613 Gerl.
874 1576 936 1613 ed.
959 1577 1046 1613 mai.
1067 1577 1144 1613 Ine.
1168 1579 1225 1616 97.
1250 1578 1311 1614 ed.
1333 1579 1423 1614 min.
1443 1578 1506 1623 lv,
1533 1582 1590 1618 13.

152 1643 192 1680 Ρ.
211 1635 300 1677 226,
321 1636 356 1671 6.
378 1633 489 1670 Debr.
520 1633 592 1679 IV,
619 1634 693 1678 55.]
716 1633 822 1679 Serv.
851 1633 902 1669 ad
923 1634 1030 1680 VIrg.
1058 1634 1156 1669 Aen.
1183 1633 1249 1679 111,
1280 1636 1362 1672 400.
1402 1634 1535 1671 Coacta
1552 1637 1590 1671 in

153 1691 343 1737 anqustias
374 1689 657 1737 intelligendum
686 1689 732 1725 de
762 1691 926 1736 oblonga
962 1691 1162 1727 universae
1187 1690 1315 1726 Italiae
1343 1691 1484 1735 forma,
1507 1691 1533 1728 i.
1553 1702 1589 1727 e.

151 1746 322 1794 longiore
343 1748 457 1783 multo
478 1757 589 1793 quam
609 1746 758 1791 latiore,
790 1747 896 1793 quasi
923 1747 1127 1782 vernacula
1148 1746 1252 1782 dicas
1275 1746 1418 1782 schmal
1444 1757 1589 1784 zusam—

151 1802 444 1850 mengedr'angt,
477 1813 588 1864 quam
616 1803 903 1849 explicationem
934 1802 1170 1839 commendat
1199 1801 1331 1839 Strabo
1361 1802 1408 1838 V.
1437 1814 1474 1850 p.
1504 1805 1586 1842 324.

151 1860 198 1896 A.
220 1859 356 1896 Almel.
393 1853 448 1895 ‘H
467 1849 583 1907 λοιπὴ
606 1850 644 1895 δ’
665 1854 806 1896 Ἰταλία
825 1861 898 1904 (sc.
919 1863 1068 1906 praeter
1091 1870 1195 1905 eam,
1216 1869 1313 1905 quae
1335 1863 1489 1896 vocatur
1505 1860 1587 1906 Gal.-

153 1918 202 1954 lia
218 1916 420 1964 cisalpina)
439 1910 583 1980 στενὴ
605 1913 688 1954 καὶ
707 1908 1004 1978 παραμήκης
1023 1911 1143 1963 ἐστὶ,
1165 1910 1444 1979 κορυφουμένη
1458 1903 1587 1965 διχῦς,

151 1972 199 2026 τῇ
228 1968 300 2021 μὲν
325 1966 423 2024 πρὸς
451 1964 519 2010 τὸν
542 1963 752 2011 Σικελικὸν
777 1962 985 2023 πορθμὸν,
1014 1971 1062 2023 τῇ
1091 1967 1133 2008 δὲ
1157 1964 1255 2022 πρὸς
1283 1983 1355 2021 την
1374 1961 1586 2022 Ἰαπυγίαν

152 2030 280 2067 Scindi
305 2031 521 2077 simpliciter
546 2034 602 2065 est
627 2031 737 2067 dividi
766 2030 828 2067 vel
857 2030 997 2074 dirimi,
1024 2028 1232 2076 eodemque
1261 2030 1445 2065 vocabulo
1477 2030 1585 2066 etiam

151 2088 262 2123 utitur
300 2088 399 2123 Mela
428 2088 478 2132 ΙΙ,
502 2089 545 2131 4,
568 2089 604 2125 7.
627 2087 751 2124 Frons
768 2085 901 2122 Italiae
917 2087 954 2122 in
974 2085 1044 2122 duo
1065 2095 1111 2121 se
1127 2096 1267 2122 cornua
1288 2086 1481 2122 scindit.
1502 2087 1588 2123 Pro-

152 2145 335 2180 montorio
361 2144 525 2188 Bruttio,
556 2155 628 2190 quo
652 2143 875 2191 Apenninus
909 2153 1016 2178 mons
1046 2142 1280 2187 terminatur,
1316 2142 1426 2178 etiam
1450 2153 1586 2178 nomen

152 2204 208 2236 est
234 2199 505 2248 Leucopetrae‚
535 2201 583 2236 cf.
615 2199 736 2237 Strab.
767 2201 790 2237 l.
821 2200 844 2235 l.
875 2210 913 2246 p.
942 2201 1023 2236 324.
1046 2196 1086 2234 C.
1111 2198 1164 2234 id.
1186 2198 1247 2234 VI.
1273 2210 1311 2245 p.
1333 2199 1418 2237 397
1437 2199 1481 2235 Β.
1507 2197 1584 2236 Cic.

151 2256 311 2320 Philipp.
331 2257 367 2301 Ι,
393 2260 435 2301 3,
454 2260 510 2300 7.,
537 2250 796 2300 Sallentinum,
822 2254 922 2303 quod
949 2258 1129 2291 memorat
1155 2256 1265 2292 etiam
1287 2254 1459 2300 Melan,
1479 2257 1513 2300 4,
1534 2258 1585 2300 8.,

152 2313 304 2360 saepius
328 2311 460 2349 dicitur
482 2312 658 2360 Iapyyia,
682 2324 718 2349 v.
741 2312 862 2350 Strab.
876 2311 921 2348 V.
937 2323 975 2359 p.
995 2314 1076 2349 322.
1102 2309 1140 2347 C.
1163 2323 1201 2358 p.
1222 2314 1305 2350 324.
1315 2311 1362 2348 A.
1383 2311 1424 2346 11.
1445 2322 1484 2359 p.
1504 2314 1586 2350 185·

150 2370 195 2410 B
214 2370 326 2463 AlI‘rllr.
344 2428 404 2465 34.
425 2424 540 2471 [Cort.
568 2436 604 2472 p.
633 2427 716 2462 992.
743 2424 840 2460 Gerl.
871 2423 929 2461 ed.
950 2424 1038 2469 mai.
1063 2423 1133 2466 IV
1157 2425 1216 2462 38.
1237 2423 1296 2459 ed.
1319 2424 1408 2461 min.
1432 2424 1503 2469 IV,
1525 2427 1583 2463 14.

149 2495 187 2531 p.
208 2486 296 2528 226,
317 2486 355 2522 8.
375 2482 485 2519 Debr.
506 2482 578 2526 1V,
598 2481 670 2524 68.]
691 2481 804 2517 Arus.
829 2492 864 2516 v.
877 2483 999 2527 patet,
1024 2492 1061 2528 p.
1082 2482 1164 2518 254.
1190 2480 1360 2517 Lindem.
1401 2481 1454 2517 De
1472 2479 1584 2517 Italia

150 2540 244 2576 haec
266 2539 364 2576 dieta
392 2549 478 2575 esse
508 2539 543 2574 in
569 2540 742 2585 promptu
770 2540 838 2573 est.
878 2537 1023 2573 Fauces
1052 2548 1165 2583 quum
1188 2537 1261 2573 sint
1283 2538 1478 2584 angustiae
1499 2536 1583 2573 freti

151 2596 285 2642 Siculi,
307 2596 388 2632 sive
411 2596 542 2631 fretum
571 2595 712 2641 ipsum,
736 2604 870 2629 sensus
898 2597 973 2638 est,
991 2593 1153 2638 ltaliam,
1175 2604 1249 2641 qua
1267 2597 1381 2640 parte
1399 2593 1500 2641 frelo
1524 2591 1582 2629 Si-

151 2654 232 2690 culo
252 2653 435 2697 alluatur,
455 2663 530 2688 non
552 2651 660 2688 latius
682 2654 829 2697 patere,
862 2660 972 2696 quarn
1000 2649 1140 2686 XXXV
1167 2649 1283 2686 millia
1309 2659 1504 2696 passuum.
1527 2668 1583 2674 —

150 2708 273 2758 Ipsis,
292 2708 393 2756 quod
415 2709 449 2744 in
470 2708 560 2746 Sall.
581 2707 671 2744 edd.
693 2706 818 2751 deest,
840 2706 1116 2743 Lindemannus
1139 2717 1160 2741 e
1180 2705 1263 2742 cod.
1287 2705 1380 2742 Gud.
1401 2706 1497 2741 bene
1518 2704 1583 2741 ad-

153 2766 266 2812 didit,
285 2766 421 2814 quippe
443 2776 515 2813 quo
536 2765 663 2802 brevis
686 2774 885 2800 mensurae
910 2764 1009 2799 notio
1031 2763 1080 2800 ad
1102 2764 1202 2800 solas
1231 2764 1357 2798 fauces
1379 2762 1582 2809 restringa-
