1774 3002
194 7 197 10 ⁴
199 0 265 8 ------

0 0 103 173 {El
183 41 186 43 .

8 204 11 210 ,
24 200 33 209 :a

9 1734 22 1742 ι
7 1661 21 1669 v
6 1614 17 1648 ιω
0 1376 26 1596 «ξὶὰϊΙΙἎ-ΐὴὶἐθρῗ
6 1347 25 1357 μ
0 1194 22 1323 «μῆ-υθέ-

415 161 779 225 ,ηιετοιιωωη
801 158 1114 200 mcmu.
1172 158 1259 195 un.
1288 159 1317 195 1.
1537 151 1619 194 1⁰1

169 291 232 338 in÷
246 292 421 337 terrore
434 287 578 343 solet,-
600 285 786 348 generis
822 286 900 331 aut
932 282 1086 343 imperi
1119 281 1391 335 discrimine,
1426 294 1506 340 per
1536 294 1618 325 ca-

171 374 321 420 lonum
355 382 543 433 corpora
578 371 644 416 ad·
669 369 858 416 medium
893 366 1042 430 quasi,
1078 365 1181 412 dein
1214 379 1351 425 super
1385 362 1620 410 astantium

172 456 373 504 manibus
401 456 448 502 in
482 468 657 501 murum
689 452 914 499 attollitur.
971 510 973 513 Ι

172 621 234 656 w.
253 620 293 653 et
314 615 478 660 xn‚4s.
497 626 537 663 p.
552 618 646 660 530,
671 617 733 654 30.
752 613 936 657 Meroen,
959 610 1031 648 sed
1045 611 1176 646 neutro
1192 607 1277 643 loco
1298 607 1390 643 satis
1410 581 1624 657 emendate.

174 675 246 716 Pro
250 674 376 721 portis
394 673 495 709 enim
510 673 636 719 priore
651 673 735 708 loco
762 674 819 707 est
835 669 958 718 fortis,
988 669 1104 704 altero
1114 665 1240 713 partis
1263 663 1323 700 vel
1342 662 1509 709 Parthis,
1525 673 1623 710 quae

174 729 363 767 scribendi
384 729 477 766 vitia
495 728 661 764 editores
681 727 824 764 dudum
846 727 1104 763 correxerunt.
1147 720 1242 756 Tum
1262 721 1300 755 in
1320 720 1383 755 lib.
1403 718 1486 755 XII.
1508 720 1622 767 vulgo

110 797 117 801 ³
174 785 470 833 legitimari-bam
495 785 705 823 oranh'bun
728 783 800 820 sed
821 782 907 820 cod.
930 781 1051 818 Paris.
1074 781 1123 816 A.
1148 780 1306 822 utroque
1325 777 1409 812 loco
1435 779 1536 812 recte
1557 775 1623 812 ha-

173 844 238 883 bet
254 841 364 878 acrba
380 842 619 886 morantibus,
638 840 713 878 hoc
733 848 871 876 sensu:
893 849 1008 886 quum
1035 839 1167 884 portae
1190 843 1335 869 moram
1354 833 1524 868 facerent
1547 829 1624 882 (sc.

177 899 290 946 fugae
318 898 380 940 vel
404 898 591 945 receptui)
611 898 773 944 propter-
797 895 943 933 tin-bam
970 905 1026 930 sc.
1054 894 1093 929 in
1122 892 1284 937 angusto
1307 889 1461 925 introitu
1490 892 1624 924 ortam.

177 954 343 991 Sallustii
367 954 535 992 editores
554 955 633 990 sere
651 963 784 989 omnes
806 952 1043 999 seripserunt
1061 952 1077 984 1
1084 947 1204 985 urba
1213 943 1627 992 m.morantfbus,quod

176 1021 253 1047 non
275 1011 400 1047 solum
425 1010 601 1048 codicum
619 1009 829 1049 auctoritati
850 1010 1057 1055 repugnat,
1087 1003 1158 1040 sed
1178 1001 1449 1040 alienissimam
1474 1004 1627 1038 senten·

177 1067 271 1105 tiam
285 1065 398 1102 habet
417 1077 463 1103 ac
482 1067 550 1103 vix
572 1065 688 1102 latine
719 1064 960 1111 dicivpotoeu
1003 1073 1091 1099 nam
1129 1070 1243 1107 quum
1268 1058 1315 1094 iis
1348 1060 1491 1094 tannim
1520 1067 1627 1094 mora

177 1121 304 1159 afferri
323 1123 458 1169 possit,
481 1132 579 1170 quae
591 1132 660 1168 per
679 1132 721 1157 se
735 1121 897 1169 impigre
912 1118 1134 1167 procedunt,
1153 1117 1338 1152 absonum
1358 1118 1418 1150 est
1437 1113 1627 1150 turbam

176 1179 283 1216 mora
309 1179 519 1226 &spodium
538 1177 688 1223 dicere,
728 1188 826 1224 quae
856 1180 991 1223 suapte
1006 1178 1154 1225 ⁴natura
1175 1170 1396 1218 impeditum
1418 1173 1457 1206 et
1477 1169 1627 1207 tardum

177 1239 247 1272 est.
272 1254 323 1261 -
343 1235 474 1272 Verba
488 1235 591 1272 „uuo
611 1235 758 1282 aenens
776 1225 845 1270 aaz
857 1234 991 1281 imperi
1005 1230 1216 1268 dammae
1242 1228 1473 1274 aliquantum
1491 1227 1627 1262 obseu-

177 1291 295 1328 ritatis
312 1290 451 1327 habent
461 1302 473 1337 ;
493 1302 580 1328 nam
595 1291 798 1338 quominus
812 1291 960 1338 qenern‘s
977 1299 1046 1336 pro
1063 1295 1180 1325 sexus
1199 1284 1339 1320 dictum
1355 1294 1443 1320 esse
1472 1286 1627 1328 statuas,

178 1357 266 1384 nont
291 1348 411 1384 solum
439 1359 502 1385 res
535 1348 620 1394 ipsa
649 1348 771 1383 obstat
800 1348 906 1391 (nam
940 1344 1031 1392 quid
1060 1342 1280 1379 mulieribus
1309 1339 1451 1387 negotii
1480 1344 1562 1376 erat
1589 1340 1628 1375 in

178 1403 335 1440 Sertorii
360 1405 527 1440 exercitu
535 1402 599 1448 ἲ),
619 1402 689 1439 sed
711 1403 821 1439 etiam
838 1403 988 1449 linguae
1005 1399 1098 1436 ratio
1108 1427 1118 1443 ,
1134 1398 1223 1445 quia
1237 1397 1345 1433 vocis
1361 1397 1509 1443 irruperit·
1524 1396 1627 1432 notio

178 1464 252 1496 tam
268 1459 423 1497 diversa
442 1464 520 1505 est,
554 1463 595 1495 ut
621 1470 703 1499 non*
716 1459 838 1505 possit
863 1468 933 1504 per
959 1460 1026 1494 aut
1045 1455 1267 1503 particulam
1292 1453 1331 1489 in
1360 1451 1630 1500 praecedentis

180 1516 304 1561 loeum
324 1517 509 1560 substitui,
530 1515 582 1551 ct'.
601 1514 652 1551 ad
672 1513 753 1551 Cal.
781 1526 814 1550 e.
834 1512 972 1562 XXVI,
991 1517 1029 1551 2.
1050 1515 1087 1547 et
1113 1510 1165 1547 ad
1182 1510 1267 1556 lug.
1286 1521 1319 1545 c.
1341 1509 1403 1554 111,
1424 1512 1463 1547 2.
1502 1508 1628 1553 Quare

176 1580 295 1618 ymas
312 1570 353 1607 h.
381 1572 409 1606 1.
438 1571 489 1608 ad
518 1571 655 1607 milites
684 1571 800 1607 armis
828 1574 939 1617 atque
965 1568 1162 1606 ordinibus
1182 1566 1360 1602 diversos
1388 1565 1534 1610 refer03
1564 1566 1629 1612 qui

180 1637 294 1674 quum
312 1627 499 1664 confusim
525 1631 563 1663 et
583 1628 666 1664 sine
693 1627 827 1663 ordine
852 1628 891 1662 in
916 1628 1047 1663 urbem
1077 1625 1271 1671 sugerent,
1304 1622 1459 1669 yma-12³
1499 1631 1629 1658 eorum

179 1683 320 1720 nauum
345 1684 544 1720 ‹Bm-baeu
569 1687 666 1720 erat.
721 1683 865 1719 Pariter
890 1683 1031 1719 nullm
1056 1681 1204 1728 imperii
1220 1679 1418 1715 discr-m
1447 1681 1526 1725 est,
1564 1678 1629 1714 ubi

182 1740 342 1789 imperia
361 1751 439 1776 non
455 1741 704 1777 observantur
716 1768 728 1784 ,
748 1739 819 1776 sed
838 1740 997 1787 quisque
1018 1738 1091 1774 sibi
1111 1735 1285 1782 consulit,
1306 1735 1414 1774 ducis
1433 1735 1541 1770 iussu
1564 1745 1627 1770 ne-

180 1795 315 1843 glecto.
333 1815 390 1823 —
409 1796 488 1835 Per:
506 1797 677 1834 calonum
694 1806 902 1843 corpora
919 1796 971 1831 ita
987 1794 1138 1831 videtur
1158 1791 1453 1838 intelligendum,
1482 1794 1522 1826 ul
1541 1789 1630 1827 Ser-

180 1851 320 1897 torius,
356 1852 545 1889 artissimo
572 1854 746 1889 calonum
774 1854 886 1899 globo
918 1853 1034 1895 racto,
1077 1860 1208 1886 eorum
1235 1848 1403 1884 humeris
1432 1847 1626 1891 institerit3

143 1959 146 1961 Α
182 1908 288 1944 aliter
315 1908 415 1944 enim
437 1919 639 1955 corporum
665 1909 845 1945 auxilium
873 1909 911 1944 in
938 1905 1172 1943 sublevando
1202 1904 1299 1939 duce
1328 1915 1402 1939 non
1428 1903 1537 1938 facile
1563 1913 1629 1938 ex-

183 1964 376 2009 plicueris.
405 1983 463 1989 —-
492 1964 622 2000 Statim
642 1968 729 2010 post
755 1965 794 1998 in
822 1963 1127 1999 omnibueronii
1147 1959 1261 1996 codd.
1291 1964 1329 1994 et
1358 1958 1524 1995 Sallustii
1548 1958 1630 1994 edi-

183 2019 345 2055 tionibus
363 2020 530 2066 pessime
560 2020 732 2055 scribitur
748 2020 959 2066 deinsuper‚
993 2019 1053 2054 eui
1082 2016 1188 2062 voci,
1215 2015 1364 2051 Lexicis
1387 2014 1627 2059 eximendae,

185 2076 323 2110 nollem
345 2075 599 2122 patrocinatus
628 2078 730 2111 esset
746 2073 916 2111 Handius
938 2074 985 2110 de
1007 2074 1163 2110 Partiec.
1191 2072 1285 2107 Latt.
1304 2070 1453 2106 v01.11.
1471 2082 1509 2118 ρ.
1532 2073 1628 2116 Ἃ9.,

185 2132 323 2178 quippe
343 2141 441 2178 quae
460 2142 645 2178 nusquam
663 2132 758 2167 alias
777 2132 986 2179 reperiatur
1001 2159 1010 2174 ,
1033 2129 1232 2176 analogiae
1252 2137 1409 2174 prorsus
1428 2131 1627 2175 repugnet,

186 2191 224 2222 et
241 2186 353 2223 Nonii
379 2188 496 2224 errori
521 2198 640 2234 usque
666 2187 717 2223 ad
744 2191 910 2223 nostrum
934 2191 1080 2233 tempus
1101 2187 1311 2233 propagato
1343 2187 1380 2219 et
1406 2195 1490 2220 cum
1515 2184 1628 2220 novis

187 2243 377 2279 erroribus
398 2244 610 2280 criticorum
636 2245 845 2292 permixto,
876 2243 1068 2280 debeatur.
1125 2242 1174 2278 Ut
1196 2240 1300 2276 ‘enim
1340 2240 1444 2276 omni
1482 2240 1626 2276 ratione

188 2302 312 2343 earet,
334 2299 436 2346 quod
455 2299 624 2337 Handius
644 2300 843 2348 demsuper
868 2301 950 2337 vult
967 2299 1068 2336 idem
1098 2291 1312 2346 significare
1335 2296 1437 2343 quod
1456 2297 1628 2344 desuper,

188 2356 240 2391 ita
269 2356 308 2390 in
336 2356 516 2392 universo
545 2357 628 2392 loco
664 2356 888 2404 explicando
916 2357 1070 2395 multum
1097 2366 1120 2391 a
1148 2365 1239 2390 vero
1271 2354 1473 2390 aberravit.
1531 2354 1628 2389 Nam

188 2413 305 2448 verba
324 2411 375 2447 ad
390 2411 491 2448 hunc
512 2411 664 2448 modum
688 2413 850 2460 scripta:
869 2423 948 2460 per
970 2413 1139 2448 calonum
1159 2420 1334 2458 corpora,
1354 2409 1412 2445 ad
1429 2409 1629 2446 medium

188 2469 327 2514 quasi
364 2468 621 2515 deinsuper
647 2467 1176 2508 instantiumrmanibus
1202 2468 1241 2502 in
1268 2477 1415 2503 mam
1441 2466 1627 2511 attollitur,

191 2524 246 2561 sic
260 2525 549 2580 interpretatur:
592 2522 802 2570 Sertorius,
835 2525 1003 2562 humeris
1030 2525 1203 2560 calonum
1223 2523 1413 2566 ascensis,
1454 2522 1626 2558 manibus

191 2590 341 2624 eorum,
359 2581 425 2628 qui
441 2580 479 2615 in
496 2590 611 2616 murov
623 2583 763 2618 stantes
772 2575 866 2628 fer-'e
885 2582 940 2618 ad
955 2581 1113 2618 medium
1130 2588 1268 2626 corpus
1285 2579 1445 2626 desuper
1462 2578 1626 2614 declina-

189 2635 294 2681 hm,
316 2636 502 2672 attollitur.
559 2634 639 2672 Sed
653 2635 751 2678 huic,
761 2637 999 2684 explicationi
1016 2639 1165 2684 praeter
1183 2635 1405 2671 insolentem
1426 2634 1626 2682 deinsuper

188 2700 324 2727 vocem
342 2692 416 2731 hoc
430 2692 591 2728 maxime
609 2693 756 2736 obstat,
775 2693 884 2739 quod>
894 2695 1034 2730 tristare
1048 2702 1171 2739 neque
1185 2691 1260 2727 ullo
1276 2690 1389 2728 modo
1410 2690 1624 2738 significare

190 2749 312 2792 potest
329 2747 515 2786 declinare
534 2748 597 2784 vel
618 2757 660 2785 x
677 2747 879 2796 demittere,
900 2760 1022 2797 neque
1041 2748 1193 2792 omniuo
1215 2747 1389 2786 codicum
1403 2747 1624 2784 auctoritate
