<?xml version="1.0" encoding="UTF-8"?>
<!DOCTYPE html PUBLIC "-//W3C//DTD XHTML 1.0 Transitional//EN"
    "http://www.w3.org/TR/xhtml1/DTD/xhtml1-transitional.dtd">
<html xmlns="http://www.w3.org/1999/xhtml" xml:lang="en" lang="en">
 <head>
  <title>
</title>
<meta http-equiv="Content-Type" content="text/html;charset=utf-8" />
  <meta name='ocr-system' content='tesseract 3.04.00' />
  <meta name='ocr-capabilities' content='ocr_page ocr_carea ocr_par ocr_line ocrx_word'/>
</head>
<body>
  <div class='ocr_page' id='page_1' title='image "./operaquaesupersu03salluoft/operaquaesupersu03salluoft_0160.png"; bbox 0 0 1774 3002; ppageno 0'>
   <div class='ocr_carea' id='block_1_1' title="bbox 138 158 1104 201">
    <p class='ocr_par' dir='ltr' id='par_1_1' title="bbox 138 158 1104 201">
     <span class='ocr_line' id='line_1_1' title="bbox 138 158 1104 201; baseline -0.001 -1"><span class='ocrx_word' id='word_1_1' title='bbox 138 158 221 201; x_wconf 83' lang='grc'><strong>110</strong></span> <span class='ocrx_word' id='word_1_2' title='bbox 621 161 660 199; x_wconf 89' lang='lat' dir='ltr'><strong>C.</strong></span> <span class='ocrx_word' id='word_1_3' title='bbox 693 161 924 201; x_wconf 90' lang='lat' dir='ltr'>SALLUSTI</span> <span class='ocrx_word' id='word_1_4' title='bbox 953 162 1104 201; x_wconf 86' lang='lat' dir='ltr'>CRISPI</span> 
     </span>
    </p>
   </div>
   <div class='ocr_carea' id='block_1_2' title="bbox 131 285 1583 515">
    <p class='ocr_par' dir='ltr' id='par_1_2' title="bbox 131 285 1583 515">
     <span class='ocr_line' id='line_1_2' title="bbox 272 285 1583 350; baseline 0.002 -17"><span class='ocrx_word' id='word_1_5' title='bbox 272 290 340 333; x_wconf 82' lang='lat'><strong>86.</strong></span> <span class='ocrx_word' id='word_1_6' title='bbox 398 285 478 331; x_wconf 94' lang='lat' dir='ltr'><strong>Illo</strong></span> <span class='ocrx_word' id='word_1_7' title='bbox 521 287 748 346; x_wconf 85' lang='lat' dir='ltr'><strong>profectus</strong></span> <span class='ocrx_word' id='word_1_8' title='bbox 786 287 911 333; x_wconf 87' lang='lat' dir='ltr'><strong>vicos</strong></span> <span class='ocrx_word' id='word_1_9' title='bbox 957 288 1225 350; x_wconf 81' lang='lat' dir='ltr'><strong>castellaque</strong></span> <span class='ocrx_word' id='word_1_10' title='bbox 1266 287 1498 335; x_wconf 86' lang='lat' dir='ltr'><strong>incendere</strong></span> <span class='ocrx_word' id='word_1_11' title='bbox 1539 291 1583 335; x_wconf 88' lang='lat' dir='ltr'><strong>et</strong></span> 
     </span>
     <span class='ocr_line' id='line_1_3' title="bbox 132 369 1582 433; baseline 0.003 -19"><span class='ocrx_word' id='word_1_12' title='bbox 132 370 244 431; x_wconf 86' lang='lat' dir='ltr'><strong>fuga</strong></span> <span class='ocrx_word' id='word_1_13' title='bbox 274 370 492 416; x_wconf 80' lang='lat' dir='ltr'><strong>cultorum</strong></span> <span class='ocrx_word' id='word_1_14' title='bbox 524 370 700 416; x_wconf 83' lang='lat' dir='ltr'><strong>deserta</strong></span> <span class='ocrx_word' id='word_1_15' title='bbox 737 369 830 430; x_wconf 83' lang='lat' dir='ltr'><strong>igni</strong></span> <span class='ocrx_word' id='word_1_16' title='bbox 866 372 1065 428; x_wconf 83' lang='lat' dir='ltr'><strong>vastare,</strong></span> <span class='ocrx_word' id='word_1_17' title='bbox 1093 385 1236 433; x_wconf 88' lang='lat' dir='ltr'><strong>neque</strong></span> <span class='ocrx_word' id='word_1_18' title='bbox 1280 372 1368 417; x_wconf 83' lang='lat' dir='ltr'><strong>late</strong></span> <span class='ocrx_word' id='word_1_19' title='bbox 1401 374 1476 418; x_wconf 85' lang='lat' dir='ltr'><strong>aut</strong></span> <span class='ocrx_word' id='word_1_20' title='bbox 1502 387 1582 418; x_wconf 88' lang='lat' dir='ltr'><strong>se-</strong></span> 
     </span>
     <span class='ocr_line' id='line_1_4' title="bbox 131 452 1377 515; baseline 0.003 -16"><span class='ocrx_word' id='word_1_21' title='bbox 131 467 266 499; x_wconf 88' lang='lat' dir='ltr'><strong>curus</strong></span> <span class='ocrx_word' id='word_1_22' title='bbox 293 453 379 510; x_wconf 90' lang='lat' dir='ltr'><strong>ire,</strong></span> <span class='ocrx_word' id='word_1_23' title='bbox 407 455 525 499; x_wconf 84' lang='lat' dir='ltr'><strong>metu</strong></span> <span class='ocrx_word' id='word_1_24' title='bbox 556 452 703 514; x_wconf 85' lang='lat' dir='ltr'><strong>gentis</strong></span> <span class='ocrx_word' id='word_1_25' title='bbox 730 452 786 498; x_wconf 89' lang='lat' dir='ltr'><strong>ad</strong></span> <span class='ocrx_word' id='word_1_26' title='bbox 817 453 934 499; x_wconf 81' lang='lat' dir='ltr'><strong>furta</strong></span> <span class='ocrx_word' id='word_1_27' title='bbox 960 453 1062 500; x_wconf 92' lang='lat' dir='ltr'><strong>belli</strong></span> <span class='ocrx_word' id='word_1_28' title='bbox 1096 455 1377 515; x_wconf 88' lang='lat' dir='ltr'><strong>peridoneae.</strong></span> 
     </span>
    </p>
   </div>
   <div class='ocr_carea' id='block_1_3' title="bbox 71 613 1580 2812">
    <p class='ocr_par' dir='ltr' id='par_1_3' title="bbox 71 613 1580 2812">
     <span class='ocr_line' id='line_1_5' title="bbox 132 613 1580 663; baseline 0.001 -13"><span class='ocrx_word' id='word_1_29' title='bbox 132 613 193 650; x_wconf 87' lang='lat' dir='ltr'><strong>Fr.</strong></span> <span class='ocrx_word' id='word_1_30' title='bbox 214 613 250 659; x_wconf 90' lang='lat'><strong>1,</strong></span> <span class='ocrx_word' id='word_1_31' title='bbox 272 615 330 652; x_wconf 83' lang='lat'><strong>77.</strong></span> <span class='ocrx_word' id='word_1_32' title='bbox 353 617 389 650; x_wconf 90' lang='lat' dir='ltr'><strong>et</strong></span> <span class='ocrx_word' id='word_1_33' title='bbox 406 614 434 661; x_wconf 83' lang='grc' dir='ltr'><strong>Ι,</strong></span> <span class='ocrx_word' id='word_1_34' title='bbox 452 615 532 658; x_wconf 89' lang='grc'><strong>81.,</strong></span> <span class='ocrx_word' id='word_1_35' title='bbox 557 617 682 649; x_wconf 88' lang='lat' dir='ltr'><strong>tamen</strong></span> <span class='ocrx_word' id='word_1_36' title='bbox 702 621 831 661; x_wconf 60' lang='grc' dir='ltr'><strong>σοφεν-6</strong></span> <span class='ocrx_word' id='word_1_37' title='bbox 853 614 1009 651; x_wconf 88' lang='lat' dir='ltr'><strong>verbum</strong></span> <span class='ocrx_word' id='word_1_38' title='bbox 1030 615 1179 651; x_wconf 81' lang='lat' dir='ltr'><strong>obstare</strong></span> <span class='ocrx_word' id='word_1_39' title='bbox 1198 614 1361 661; x_wconf 77' lang='lat' dir='ltr'><strong>videtur,</strong></span> <span class='ocrx_word' id='word_1_40' title='bbox 1383 615 1485 663; x_wconf 86' lang='lat' dir='ltr'><strong>q&#39;uod</strong></span> <span class='ocrx_word' id='word_1_41' title='bbox 1505 626 1580 653; x_wconf 87' lang='lat' dir='ltr'><strong>non</strong></span> 
     </span>
     <span class='ocr_line' id='line_1_6' title="bbox 133 670 1577 718; baseline 0.003 -13"><span class='ocrx_word' id='word_1_42' title='bbox 133 674 208 706; x_wconf 86' lang='lat' dir='ltr'><strong>tam</strong></span> <span class='ocrx_word' id='word_1_43' title='bbox 230 671 452 716; x_wconf 78' lang='lat' dir='ltr'><strong>traiiciendi,</strong></span> <span class='ocrx_word' id='word_1_44' title='bbox 476 680 587 717; x_wconf 90' lang='lat' dir='ltr'><strong>quam</strong></span> <span class='ocrx_word' id='word_1_45' title='bbox 609 670 801 718; x_wconf 74' lang='lat' dir='ltr'><strong>colliyendi</strong></span> <span class='ocrx_word' id='word_1_46' title='bbox 817 674 1037 717; x_wconf 86' lang='lat' dir='ltr'><strong>potestatem</strong></span> <span class='ocrx_word' id='word_1_47' title='bbox 1057 670 1182 707; x_wconf 80' lang='lat' dir='ltr'><strong>habet.</strong></span> <span class='ocrx_word' id='word_1_48' title='bbox 1231 672 1354 717; x_wconf 80' lang='lat' dir='ltr'><strong>Quare</strong></span> <span class='ocrx_word' id='word_1_49' title='bbox 1373 672 1478 709; x_wconf 89' lang='lat' dir='ltr'><strong>haud</strong></span> <span class='ocrx_word' id='word_1_50' title='bbox 1498 674 1577 710; x_wconf 91' lang='lat' dir='ltr'><strong>scio</strong></span> 
     </span>
     <span class='ocr_line' id='line_1_7' title="bbox 132 725 1571 777; baseline 0.003 -15"><span class='ocrx_word' id='word_1_51' title='bbox 132 738 180 763; x_wconf 85' lang='lat' dir='ltr'><strong>an</strong></span> <span class='ocrx_word' id='word_1_52' title='bbox 196 727 328 763; x_wconf 88' lang='lat' dir='ltr'><strong>melius</strong></span> <span class='ocrx_word' id='word_1_53' title='bbox 350 727 398 763; x_wconf 89' lang='lat' dir='ltr'><strong>sit</strong></span> <span class='ocrx_word' id='word_1_54' title='bbox 421 726 468 763; x_wconf 87' lang='lat' dir='ltr'><strong>de</strong></span> <span class='ocrx_word' id='word_1_55' title='bbox 486 725 613 763; x_wconf 85' lang='lat' dir='ltr'><strong>Sullae</strong></span> <span class='ocrx_word' id='word_1_56' title='bbox 634 738 682 763; x_wconf 86' lang='lat' dir='ltr'><strong>ex</strong></span> <span class='ocrx_word' id='word_1_57' title='bbox 702 726 887 763; x_wconf 82' lang='lat' dir='ltr'><strong>Graecia</strong></span> <span class='ocrx_word' id='word_1_58' title='bbox 878 739 914 763; x_wconf 87' lang='lat' dir='ltr'><strong>m</strong></span> <span class='ocrx_word' id='word_1_59' title='bbox 936 727 1081 764; x_wconf 85' lang='lat' dir='ltr'><strong>Italiam</strong></span> <span class='ocrx_word' id='word_1_60' title='bbox 1100 727 1224 777; x_wconf 87' lang='lat' dir='ltr'><strong>reditu</strong></span> <span class='ocrx_word' id='word_1_61' title='bbox 1239 730 1418 777; x_wconf 73' lang='lat' dir='ltr'><strong>cogitare,</strong></span> <span class='ocrx_word' id='word_1_62' title='bbox 1433 740 1508 777; x_wconf 82' lang='lat' dir='ltr'><strong>per</strong></span> <span class='ocrx_word' id='word_1_63' title='bbox 1527 730 1571 766; x_wconf 89' lang='lat' dir='ltr'><strong>le-</strong></span> 
     </span>
     <span class='ocr_line' id='line_1_8' title="bbox 130 774 1579 832; baseline 0.004 -13"><span class='ocrx_word' id='word_1_64' title='bbox 130 787 234 831; x_wconf 64' lang='lat' dir='ltr'><strong>gatos</strong></span> <span class='ocrx_word' id='word_1_65' title='bbox 254 784 457 820; x_wconf 86' lang='lat' dir='ltr'><strong>exercitum</strong></span> <span class='ocrx_word' id='word_1_66' title='bbox 477 783 724 820; x_wconf 79' lang='lat' dir='ltr'><strong>Durrachium</strong></span> <span class='ocrx_word' id='word_1_67' title='bbox 748 784 963 831; x_wconf 55' lang='lat' dir='ltr'><strong>colligenti&amp;</strong></span> <span class='ocrx_word' id='word_1_68' title='bbox 988 785 1036 821; x_wconf 86' lang='lat' dir='ltr'><strong>cs.</strong></span> <span class='ocrx_word' id='word_1_69' title='bbox 1059 774 1245 822; x_wconf 81' lang='lat' dir='ltr'><strong>Plutarch.</strong></span> <span class='ocrx_word' id='word_1_70' title='bbox 1275 786 1312 822; x_wconf 88' lang='lat' dir='ltr'><strong>in</strong></span> <span class='ocrx_word' id='word_1_71' title='bbox 1341 785 1447 824; x_wconf 85' lang='lat' dir='ltr'><strong>Sulla</strong></span> <span class='ocrx_word' id='word_1_72' title='bbox 1465 798 1499 822; x_wconf 88' lang='lat' dir='ltr'><strong>c.</strong></span> <span class='ocrx_word' id='word_1_73' title='bbox 1519 787 1579 832; x_wconf 76' lang='lat'><strong>27,</strong></span> 
     </span>
     <span class='ocr_line' id='line_1_9' title="bbox 133 831 1577 892; baseline 0.003 -16"><span class='ocrx_word' id='word_1_74' title='bbox 133 841 185 876; x_wconf 90' lang='lat' dir='ltr'><strong>in.</strong></span> <span class='ocrx_word' id='word_1_75' title='bbox 225 832 383 886; x_wconf 78' lang='grc' dir='ltr'><strong><em>Σύλλας</em></strong></span> <span class='ocrx_word' id='word_1_76' title='bbox 403 834 446 877; x_wconf 79' lang='grc' dir='ltr'><strong>δὲ</strong></span> <span class='ocrx_word' id='word_1_77' title='bbox 469 831 536 877; x_wconf 73' lang='grc' dir='ltr'><strong>διὰ</strong></span> <span class='ocrx_word' id='word_1_78' title='bbox 559 837 768 885; x_wconf 81' lang='grc' dir='ltr'><strong><em>Θετταλίας</em></strong></span> <span class='ocrx_word' id='word_1_79' title='bbox 787 836 856 877; x_wconf 81' lang='grc' dir='ltr'><strong>καὶ</strong></span> <span class='ocrx_word' id='word_1_80' title='bbox 872 838 1131 886; x_wconf 81' lang='grc' dir='ltr'><strong><em>Μακεδονίας</em></strong></span> <span class='ocrx_word' id='word_1_81' title='bbox 1150 834 1325 892; x_wconf 76' lang='grc' dir='ltr'><strong><em>καταβάς</em></strong></span> <span class='ocrx_word' id='word_1_82' title='bbox 1343 837 1408 879; x_wconf 69' lang='grc' dir='ltr'><strong>ἐπὶ</strong></span> <span class='ocrx_word' id='word_1_83' title='bbox 1425 835 1577 880; x_wconf 75' lang='grc' dir='ltr'><strong><em>θάλατ-</em></strong></span> 
     </span>
     <span class='ocr_line' id='line_1_10' title="bbox 132 889 1578 958; baseline 0.002 -25"><span class='ocrx_word' id='word_1_84' title='bbox 132 909 206 933; x_wconf 84' lang='grc' dir='ltr'><strong>ταν</strong></span> <span class='ocrx_word' id='word_1_85' title='bbox 233 891 632 958; x_wconf 77' lang='grc' dir='ltr'><strong><em>παρεσκευάζετο</em></strong></span> <span class='ocrx_word' id='word_1_86' title='bbox 659 894 845 946; x_wconf 83' lang='grc' dir='ltr'><strong><em>χιλίαις</em></strong></span> <span class='ocrx_word' id='word_1_87' title='bbox 869 893 1023 935; x_wconf 75' lang='grc' dir='ltr'><strong><em>ναυσὶ</em></strong></span> <span class='ocrx_word' id='word_1_88' title='bbox 1051 894 1134 935; x_wconf 83' lang='grc' dir='ltr'><strong>καὶ</strong></span> <span class='ocrx_word' id='word_1_89' title='bbox 1164 895 1456 944; x_wconf 78' lang='grc' dir='ltr'><strong><em>διακοσίαις</em></strong></span> <span class='ocrx_word' id='word_1_90' title='bbox 1484 889 1578 936; x_wconf 66' lang='lat' dir='ltr'><strong>nino</strong></span> 
     </span>
     <span class='ocr_line' id='line_1_11' title="bbox 133 946 1576 1005; baseline 0.002 -16"><span class='ocrx_word' id='word_1_91' title='bbox 133 949 424 1005; x_wconf 68' lang='grc' dir='ltr'><strong>Δυρῤαχίου</strong></span> <span class='ocrx_word' id='word_1_92' title='bbox 463 946 758 1003; x_wconf 75' lang='grc' dir='ltr'><strong><em>διαβάλλειν</em></strong></span> <span class='ocrx_word' id='word_1_93' title='bbox 792 951 861 998; x_wconf 86' lang='grc' dir='ltr'><strong>εἰς</strong></span> <span class='ocrx_word' id='word_1_94' title='bbox 899 950 1211 1005; x_wconf 82' lang='grc' dir='ltr'><strong><em>Βρεντέσιον.</em></strong></span> <span class='ocrx_word' id='word_1_95' title='bbox 1247 975 1294 983; x_wconf 91' lang='lat'>-</span> <span class='ocrx_word' id='word_1_96' title='bbox 1350 956 1576 994; x_wconf 86' lang='lat' dir='ltr'><strong>Debrossius</strong></span> 
     </span>
     <span class='ocr_line' id='line_1_12' title="bbox 130 1009 1576 1060; baseline 0.001 -14"><span class='ocrx_word' id='word_1_97' title='bbox 130 1010 394 1058; x_wconf 81' lang='lat' dir='ltr'><strong>Fragmentum</strong></span> <span class='ocrx_word' id='word_1_98' title='bbox 413 1009 463 1046; x_wconf 89' lang='lat' dir='ltr'><strong>ad</strong></span> <span class='ocrx_word' id='word_1_99' title='bbox 481 1009 654 1047; x_wconf 86' lang='lat' dir='ltr'><strong>Curionis</strong></span> <span class='ocrx_word' id='word_1_100' title='bbox 676 1010 953 1058; x_wconf 80' lang='lat' dir='ltr'><strong>expeditionem</strong></span> <span class='ocrx_word' id='word_1_101' title='bbox 974 1012 1011 1047; x_wconf 91' lang='lat' dir='ltr'><strong>in</strong></span> <span class='ocrx_word' id='word_1_102' title='bbox 1035 1011 1299 1049; x_wconf 89' lang='lat' dir='ltr'><strong>Macedoniam</strong></span> <span class='ocrx_word' id='word_1_103' title='bbox 1319 1014 1486 1050; x_wconf 85' lang='lat' dir='ltr'><strong>reserens</strong></span> <span class='ocrx_word' id='word_1_104' title='bbox 1507 1023 1576 1060; x_wconf 90' lang='lat' dir='ltr'><strong>pro</strong></span> 
     </span>
     <span class='ocr_line' id='line_1_13' title="bbox 132 1067 1577 1114; baseline 0.002 -12"><span class='ocrx_word' id='word_1_105' title='bbox 132 1077 236 1104; x_wconf 88' lang='lat' dir='ltr'><strong>more</strong></span> <span class='ocrx_word' id='word_1_106' title='bbox 256 1078 325 1104; x_wconf 91' lang='lat' dir='ltr'><strong>suo</strong></span> <span class='ocrx_word' id='word_1_107' title='bbox 341 1068 378 1102; x_wconf 91' lang='lat' dir='ltr'><strong>in</strong></span> <span class='ocrx_word' id='word_1_108' title='bbox 393 1067 517 1103; x_wconf 83' lang='lat' dir='ltr'><strong>alieno</strong></span> <span class='ocrx_word' id='word_1_109' title='bbox 533 1067 626 1103; x_wconf 90' lang='lat' dir='ltr'><strong>libro</strong></span> <span class='ocrx_word' id='word_1_110' title='bbox 642 1067 805 1112; x_wconf 81' lang='lat' dir='ltr'><strong>exhibet,</strong></span> <span class='ocrx_word' id='word_1_111' title='bbox 824 1078 918 1114; x_wconf 91' lang='lat' dir='ltr'><strong>quae</strong></span> <span class='ocrx_word' id='word_1_112' title='bbox 935 1069 1081 1104; x_wconf 89' lang='lat' dir='ltr'><strong>somnia</strong></span> <span class='ocrx_word' id='word_1_113' title='bbox 1096 1079 1171 1104; x_wconf 90' lang='lat' dir='ltr'><strong>non</strong></span> <span class='ocrx_word' id='word_1_114' title='bbox 1186 1070 1314 1104; x_wconf 80' lang='lat' dir='ltr'><strong>attinet</strong></span> <span class='ocrx_word' id='word_1_115' title='bbox 1327 1070 1512 1106; x_wconf 76' lang='lat' dir='ltr'><strong>refellere.</strong></span> <span class='ocrx_word' id='word_1_116' title='bbox 1519 1088 1577 1095; x_wconf 90' lang='lat'>—</span> 
     </span>
     <span class='ocr_line' id='line_1_14' title="bbox 132 1123 1576 1171; baseline 0.002 -12"><span class='ocrx_word' id='word_1_117' title='bbox 132 1123 186 1159; x_wconf 92' lang='lat' dir='ltr'><strong>De</strong></span> <span class='ocrx_word' id='word_1_118' title='bbox 209 1135 280 1161; x_wconf 92' lang='lat' dir='ltr'><strong>usu</strong></span> <span class='ocrx_word' id='word_1_119' title='bbox 300 1129 491 1160; x_wconf 81' lang='lat' dir='ltr'><strong>maturare</strong></span> <span class='ocrx_word' id='word_1_120' title='bbox 515 1123 621 1161; x_wconf 87' lang='lat' dir='ltr'><strong>verbi</strong></span> <span class='ocrx_word' id='word_1_121' title='bbox 643 1135 727 1159; x_wconf 90' lang='lat' dir='ltr'><strong>cum</strong></span> <span class='ocrx_word' id='word_1_122' title='bbox 750 1124 933 1163; x_wconf 89' lang='lat' dir='ltr'><strong>infinitivo</strong></span> <span class='ocrx_word' id='word_1_123' title='bbox 955 1125 1067 1161; x_wconf 90' lang='lat' dir='ltr'><strong>iuncti</strong></span> <span class='ocrx_word' id='word_1_124' title='bbox 1091 1136 1129 1162; x_wconf 88' lang='lat' dir='ltr'><strong>v.</strong></span> <span class='ocrx_word' id='word_1_125' title='bbox 1155 1124 1203 1162; x_wconf 86' lang='lat' dir='ltr'><strong>ad</strong></span> <span class='ocrx_word' id='word_1_126' title='bbox 1224 1124 1330 1162; x_wconf 87' lang='lat' dir='ltr'><strong>Catil.</strong></span> <span class='ocrx_word' id='word_1_127' title='bbox 1353 1137 1385 1162; x_wconf 90' lang='lat' dir='ltr'><strong>c.</strong></span> <span class='ocrx_word' id='word_1_128' title='bbox 1406 1126 1576 1171; x_wconf 87' lang='lat' dir='ltr'>XXXVI,</span> 
     </span>
     <span class='ocr_line' id='line_1_15' title="bbox 130 1179 935 1228; baseline 0.003 -10"><span class='ocrx_word' id='word_1_129' title='bbox 130 1182 167 1218; x_wconf 91' lang='grc'><strong>3.</strong></span> <span class='ocrx_word' id='word_1_130' title='bbox 189 1185 230 1228; x_wconf 82' lang='grc' dir='ltr'><strong>Ρ.</strong></span> <span class='ocrx_word' id='word_1_131' title='bbox 251 1182 319 1220; x_wconf 87' lang='lat'><strong>166</strong></span> <span class='ocrx_word' id='word_1_132' title='bbox 339 1192 395 1228; x_wconf 92' lang='lat' dir='ltr'><strong>sq.</strong></span> <span class='ocrx_word' id='word_1_133' title='bbox 438 1180 520 1227; x_wconf 82' lang='lat' dir='ltr'><strong>lug.</strong></span> <span class='ocrx_word' id='word_1_134' title='bbox 541 1179 716 1227; x_wconf 88' lang='lat' dir='ltr'>XXXVI,</span> <span class='ocrx_word' id='word_1_135' title='bbox 738 1185 772 1219; x_wconf 92' lang='lat'><strong>1.</strong></span> <span class='ocrx_word' id='word_1_136' title='bbox 795 1192 834 1227; x_wconf 95' lang='grc' dir='ltr'><strong>Ρ.</strong></span> <span class='ocrx_word' id='word_1_137' title='bbox 852 1185 935 1220; x_wconf 81' lang='lat'><strong>211</strong></span> 
     </span>
     <span class='ocr_line' id='line_1_16' title="bbox 246 1231 1574 1285; baseline 0 -11"><span class='ocrx_word' id='word_1_138' title='bbox 246 1237 307 1274; x_wconf 87' lang='lat' dir='ltr'><strong>Fr.</strong></span> <span class='ocrx_word' id='word_1_139' title='bbox 328 1240 386 1276; x_wconf 86' lang='lat'><strong>86.</strong></span> <span class='ocrx_word' id='word_1_140' title='bbox 426 1231 549 1285; x_wconf 80' lang='lat' dir='ltr'><strong>[cort.</strong></span> <span class='ocrx_word' id='word_1_141' title='bbox 577 1248 615 1283; x_wconf 92' lang='grc' dir='ltr'><strong>Ρ.</strong></span> <span class='ocrx_word' id='word_1_142' title='bbox 635 1239 716 1275; x_wconf 82' lang='lat'><strong>954.</strong></span> <span class='ocrx_word' id='word_1_143' title='bbox 761 1237 856 1274; x_wconf 89' lang='lat' dir='ltr'><strong>Gerl.</strong></span> <span class='ocrx_word' id='word_1_144' title='bbox 879 1238 941 1274; x_wconf 89' lang='lat' dir='ltr'><strong>ed.</strong></span> <span class='ocrx_word' id='word_1_145' title='bbox 965 1239 1052 1275; x_wconf 88' lang='lat' dir='ltr'><strong>mai.</strong></span> <span class='ocrx_word' id='word_1_146' title='bbox 1075 1238 1109 1284; x_wconf 89' lang='grc' dir='ltr'><strong>Ι,</strong></span> <span class='ocrx_word' id='word_1_147' title='bbox 1134 1241 1193 1277; x_wconf 77' lang='grc'><strong>32.</strong></span> <span class='ocrx_word' id='word_1_148' title='bbox 1237 1237 1298 1274; x_wconf 87' lang='lat' dir='ltr'><strong>ed.</strong></span> <span class='ocrx_word' id='word_1_149' title='bbox 1319 1239 1408 1275; x_wconf 89' lang='lat' dir='ltr'><strong>min.</strong></span> <span class='ocrx_word' id='word_1_150' title='bbox 1431 1238 1466 1283; x_wconf 88' lang='grc' dir='ltr'><strong>Ι,</strong></span> <span class='ocrx_word' id='word_1_151' title='bbox 1495 1241 1574 1277; x_wconf 72' lang='grc'><strong>102.</strong></span> 
     </span>
     <span class='ocr_line' id='line_1_17' title="bbox 131 1293 1575 1342; baseline 0.001 -13"><span class='ocrx_word' id='word_1_152' title='bbox 131 1304 169 1340; x_wconf 90' lang='grc' dir='ltr'><strong>Ρ.</strong></span> <span class='ocrx_word' id='word_1_153' title='bbox 192 1295 279 1340; x_wconf 83' lang='grc'><strong>197,</strong></span> <span class='ocrx_word' id='word_1_154' title='bbox 309 1298 367 1332; x_wconf 80' lang='lat'><strong>20.</strong></span> <span class='ocrx_word' id='word_1_155' title='bbox 409 1293 520 1329; x_wconf 89' lang='lat' dir='ltr'><strong>Debr.</strong></span> <span class='ocrx_word' id='word_1_156' title='bbox 543 1293 595 1338; x_wconf 88' lang='grc' dir='ltr'><strong>ΙΙ,</strong></span> <span class='ocrx_word' id='word_1_157' title='bbox 621 1297 702 1332; x_wconf 89' lang='grc'><strong>111.</strong></span> <span class='ocrx_word' id='word_1_158' title='bbox 731 1294 800 1341; x_wconf 86' lang='grc' dir='ltr'>ΙΙΙ,</span> <span class='ocrx_word' id='word_1_159' title='bbox 826 1295 909 1340; x_wconf 72' lang='grc'><strong>20.]</strong></span> <span class='ocrx_word' id='word_1_160' title='bbox 952 1295 1080 1332; x_wconf 87' lang='lat' dir='ltr'><strong>Verba</strong></span> <span class='ocrx_word' id='word_1_161' title='bbox 1100 1299 1186 1331; x_wconf 91' lang='lat' dir='ltr'><strong>sunt</strong></span> <span class='ocrx_word' id='word_1_162' title='bbox 1204 1295 1306 1342; x_wconf 86' lang='lat' dir='ltr'><strong>apud</strong></span> <span class='ocrx_word' id='word_1_163' title='bbox 1331 1295 1492 1332; x_wconf 90' lang='lat' dir='ltr'><strong>Nonium</strong></span> <span class='ocrx_word' id='word_1_164' title='bbox 1511 1295 1575 1339; x_wconf 92' lang='lat' dir='ltr'><strong>IV,</strong></span> 
     </span>
     <span class='ocr_line' id='line_1_18' title="bbox 130 1349 1577 1399; baseline -0.001 -11"><span class='ocrx_word' id='word_1_165' title='bbox 130 1352 210 1388; x_wconf 72' lang='lat'><strong>203.</strong></span> <span class='ocrx_word' id='word_1_166' title='bbox 233 1361 271 1397; x_wconf 87' lang='lat' dir='ltr'><strong>p.</strong></span> <span class='ocrx_word' id='word_1_167' title='bbox 292 1353 373 1396; x_wconf 88' lang='grc'><strong>310,</strong></span> <span class='ocrx_word' id='word_1_168' title='bbox 395 1352 451 1388; x_wconf 92' lang='grc'><strong>13.</strong></span> <span class='ocrx_word' id='word_1_169' title='bbox 471 1349 604 1397; x_wconf 59' lang='lat' dir='ltr'><strong>Met-c„</strong></span> <span class='ocrx_word' id='word_1_170' title='bbox 626 1350 696 1386; x_wconf 88' lang='lat' dir='ltr'><strong>sed</strong></span> <span class='ocrx_word' id='word_1_171' title='bbox 716 1351 904 1387; x_wconf 82' lang='lat' dir='ltr'><strong>nonnullis</strong></span> <span class='ocrx_word' id='word_1_172' title='bbox 923 1351 1146 1399; x_wconf 86' lang='lat' dir='ltr'><strong>corruptelis</strong></span> <span class='ocrx_word' id='word_1_173' title='bbox 1166 1350 1314 1398; x_wconf 84' lang='lat' dir='ltr'><strong>affecta,</strong></span> <span class='ocrx_word' id='word_1_174' title='bbox 1335 1352 1470 1398; x_wconf 90' lang='lat' dir='ltr'><strong>quibus</strong></span> <span class='ocrx_word' id='word_1_175' title='bbox 1489 1362 1577 1387; x_wconf 92' lang='lat' dir='ltr'><strong>con-</strong></span> 
     </span>
     <span class='ocr_line' id='line_1_19' title="bbox 131 1406 1575 1454; baseline 0.001 -12"><span class='ocrx_word' id='word_1_176' title='bbox 131 1407 274 1443; x_wconf 89' lang='lat' dir='ltr'><strong>iectura</strong></span> <span class='ocrx_word' id='word_1_177' title='bbox 306 1406 449 1443; x_wconf 87' lang='lat' dir='ltr'><strong>mederi</strong></span> <span class='ocrx_word' id='word_1_178' title='bbox 474 1406 697 1443; x_wconf 90' lang='lat' dir='ltr'><strong>studuimus.</strong></span> <span class='ocrx_word' id='word_1_179' title='bbox 744 1407 839 1444; x_wconf 88' lang='lat' dir='ltr'><strong>Nam</strong></span> <span class='ocrx_word' id='word_1_180' title='bbox 861 1419 929 1454; x_wconf 90' lang='lat' dir='ltr'><strong>pro</strong></span> <span class='ocrx_word' id='word_1_181' title='bbox 957 1408 1029 1444; x_wconf 76' lang='lat' dir='ltr'><strong>late</strong></span> <span class='ocrx_word' id='word_1_182' title='bbox 1054 1411 1121 1444; x_wconf 80' lang='lat' dir='ltr'><strong>aut</strong></span> <span class='ocrx_word' id='word_1_183' title='bbox 1140 1417 1296 1445; x_wconf 74' lang='lat' dir='ltr'><strong>securus</strong></span> <span class='ocrx_word' id='word_1_184' title='bbox 1322 1410 1379 1444; x_wconf 84' lang='lat' dir='ltr'><strong>ire</strong></span> <span class='ocrx_word' id='word_1_185' title='bbox 1403 1410 1441 1444; x_wconf 90' lang='lat' dir='ltr'><strong>in</strong></span> <span class='ocrx_word' id='word_1_186' title='bbox 1462 1406 1575 1443; x_wconf 88' lang='lat' dir='ltr'><strong>codd.</strong></span> 
     </span>
     <span class='ocr_line' id='line_1_20' title="bbox 132 1463 1579 1513; baseline 0.001 -15"><span class='ocrx_word' id='word_1_187' title='bbox 132 1463 267 1510; x_wconf 82' lang='lat' dir='ltr'><strong>legitur</strong></span> <span class='ocrx_word' id='word_1_188' title='bbox 287 1464 380 1500; x_wconf 77' lang='lat' dir='ltr'><strong>elate</strong></span> <span class='ocrx_word' id='word_1_189' title='bbox 404 1467 470 1500; x_wconf 80' lang='lat' dir='ltr'><strong>aut</strong></span> <span class='ocrx_word' id='word_1_190' title='bbox 491 1464 772 1512; x_wconf 73' lang='lat' dir='ltr'><strong>semscissimus,</strong></span> <span class='ocrx_word' id='word_1_191' title='bbox 800 1463 894 1501; x_wconf 77' lang='lat' dir='ltr'><strong>elate</strong></span> <span class='ocrx_word' id='word_1_192' title='bbox 922 1467 988 1500; x_wconf 81' lang='lat' dir='ltr'><strong>aut</strong></span> <span class='ocrx_word' id='word_1_193' title='bbox 1004 1463 1283 1513; x_wconf 61' lang='lat' dir='ltr'><strong>faustissimis,</strong></span> <span class='ocrx_word' id='word_1_194' title='bbox 1312 1465 1350 1500; x_wconf 90' lang='lat' dir='ltr'><strong>in</strong></span> <span class='ocrx_word' id='word_1_195' title='bbox 1374 1463 1464 1501; x_wconf 87' lang='lat' dir='ltr'><strong>Ald.</strong></span> <span class='ocrx_word' id='word_1_196' title='bbox 1485 1464 1579 1500; x_wconf 74' lang='lat' dir='ltr'><strong>elate</strong></span> 
     </span>
     <span class='ocr_line' id='line_1_21' title="bbox 131 1519 1575 1573; baseline 0.001 -18"><span class='ocrx_word' id='word_1_197' title='bbox 131 1524 196 1556; x_wconf 78' lang='lat' dir='ltr'><strong>aut</strong></span> <span class='ocrx_word' id='word_1_198' title='bbox 215 1521 491 1573; x_wconf 56' lang='lat' dir='ltr'><strong>securissimus,</strong></span> <span class='ocrx_word' id='word_1_199' title='bbox 513 1531 625 1567; x_wconf 91' lang='lat' dir='ltr'><strong>quam</strong></span> <span class='ocrx_word' id='word_1_200' title='bbox 644 1520 865 1567; x_wconf 79' lang='lat' dir='ltr'><strong>scripturam</strong></span> <span class='ocrx_word' id='word_1_201' title='bbox 889 1520 1108 1557; x_wconf 87' lang='lat' dir='ltr'><strong>Gerlachius</strong></span> <span class='ocrx_word' id='word_1_202' title='bbox 1128 1521 1165 1556; x_wconf 91' lang='lat' dir='ltr'><strong>in</strong></span> <span class='ocrx_word' id='word_1_203' title='bbox 1188 1519 1248 1558; x_wconf 92' lang='lat' dir='ltr'><strong>ed.</strong></span> <span class='ocrx_word' id='word_1_204' title='bbox 1267 1521 1354 1557; x_wconf 89' lang='lat' dir='ltr'><strong>mai.</strong></span> <span class='ocrx_word' id='word_1_205' title='bbox 1376 1521 1575 1568; x_wconf 84' lang='lat' dir='ltr'><strong>expressit,</strong></span> 
     </span>
     <span class='ocr_line' id='line_1_22' title="bbox 132 1575 1576 1624; baseline 0 -12"><span class='ocrx_word' id='word_1_206' title='bbox 132 1580 168 1612; x_wconf 92' lang='lat' dir='ltr'><strong>et</strong></span> <span class='ocrx_word' id='word_1_207' title='bbox 184 1577 269 1612; x_wconf 91' lang='lat' dir='ltr'><strong>Vol.</strong></span> <span class='ocrx_word' id='word_1_208' title='bbox 285 1577 346 1612; x_wconf 93' lang='lat'><strong>111.</strong></span> <span class='ocrx_word' id='word_1_209' title='bbox 363 1588 401 1624; x_wconf 91' lang='grc' dir='ltr'><strong>Ρ.</strong></span> <span class='ocrx_word' id='word_1_210' title='bbox 420 1579 478 1615; x_wconf 82' lang='grc'><strong>73.</strong></span> <span class='ocrx_word' id='word_1_211' title='bbox 495 1577 598 1612; x_wconf 89' lang='lat' dir='ltr'><strong>nulla</strong></span> <span class='ocrx_word' id='word_1_212' title='bbox 613 1587 660 1612; x_wconf 84' lang='lat' dir='ltr'><strong>ex</strong></span> <span class='ocrx_word' id='word_1_213' title='bbox 674 1580 780 1623; x_wconf 88' lang='lat' dir='ltr'><strong>parte</strong></span> <span class='ocrx_word' id='word_1_214' title='bbox 799 1577 1073 1613; x_wconf 84' lang='lat' dir='ltr'><strong>sollicitandam</strong></span> <span class='ocrx_word' id='word_1_215' title='bbox 1087 1587 1175 1613; x_wconf 86' lang='lat' dir='ltr'><strong>esse</strong></span> <span class='ocrx_word' id='word_1_216' title='bbox 1189 1577 1464 1624; x_wconf 87' lang='lat' dir='ltr'><strong>pronunciavit.</strong></span> <span class='ocrx_word' id='word_1_217' title='bbox 1497 1575 1576 1614; x_wconf 91' lang='lat' dir='ltr'><strong>Sed</strong></span> 
     </span>
     <span class='ocr_line' id='line_1_23' title="bbox 132 1632 1576 1681; baseline 0.001 -12"><span class='ocrx_word' id='word_1_218' title='bbox 132 1643 253 1679; x_wconf 90' lang='lat' dir='ltr'><strong>neque</strong></span> <span class='ocrx_word' id='word_1_219' title='bbox 273 1632 356 1669; x_wconf 85' lang='lat' dir='ltr'><strong>fieri</strong></span> <span class='ocrx_word' id='word_1_220' title='bbox 378 1637 523 1681; x_wconf 90' lang='lat' dir='ltr'><strong>potest,</strong></span> <span class='ocrx_word' id='word_1_221' title='bbox 554 1636 594 1668; x_wconf 89' lang='lat' dir='ltr'><strong>ut</strong></span> <span class='ocrx_word' id='word_1_222' title='bbox 612 1633 705 1669; x_wconf 82' lang='lat' dir='ltr'><strong>elate</strong></span> <span class='ocrx_word' id='word_1_223' title='bbox 722 1644 790 1680; x_wconf 91' lang='lat' dir='ltr'><strong>pro</strong></span> <span class='ocrx_word' id='word_1_224' title='bbox 810 1634 882 1670; x_wconf 75' lang='lat' dir='ltr'><strong>late</strong></span> <span class='ocrx_word' id='word_1_225' title='bbox 901 1633 1066 1679; x_wconf 87' lang='lat' dir='ltr'><strong>dicatur,</strong></span> <span class='ocrx_word' id='word_1_226' title='bbox 1094 1633 1197 1680; x_wconf 89' lang='lat' dir='ltr'><strong>quod</strong></span> <span class='ocrx_word' id='word_1_227' title='bbox 1223 1633 1286 1670; x_wconf 90' lang='lat' dir='ltr'><strong>ille</strong></span> <span class='ocrx_word' id='word_1_228' title='bbox 1307 1633 1465 1670; x_wconf 86' lang='lat' dir='ltr'><strong>mirifice</strong></span> <span class='ocrx_word' id='word_1_229' title='bbox 1488 1643 1576 1670; x_wconf 84' lang='lat' dir='ltr'><strong>con-</strong></span> 
     </span>
     <span class='ocr_line' id='line_1_24' title="bbox 131 1688 1576 1736; baseline -0.001 -10"><span class='ocrx_word' id='word_1_230' title='bbox 131 1689 267 1736; x_wconf 89' lang='lat' dir='ltr'><strong>tendit,</strong></span> <span class='ocrx_word' id='word_1_231' title='bbox 297 1700 418 1736; x_wconf 89' lang='lat' dir='ltr'><strong>neque</strong></span> <span class='ocrx_word' id='word_1_232' title='bbox 446 1689 676 1736; x_wconf 89' lang='lat' dir='ltr'><strong>superlativo</strong></span> <span class='ocrx_word' id='word_1_233' title='bbox 704 1688 810 1726; x_wconf 89' lang='lat' dir='ltr'><strong>locus</strong></span> <span class='ocrx_word' id='word_1_234' title='bbox 831 1694 888 1726; x_wconf 88' lang='lat' dir='ltr'><strong>est</strong></span> <span class='ocrx_word' id='word_1_235' title='bbox 916 1690 953 1726; x_wconf 86' lang='lat' dir='ltr'><strong>in</strong></span> <span class='ocrx_word' id='word_1_236' title='bbox 979 1690 1042 1726; x_wconf 91' lang='lat' dir='ltr'><strong>tali</strong></span> <span class='ocrx_word' id='word_1_237' title='bbox 1065 1690 1269 1735; x_wconf 89' lang='lat' dir='ltr'><strong>sententia,</strong></span> <span class='ocrx_word' id='word_1_238' title='bbox 1299 1700 1421 1736; x_wconf 88' lang='lat' dir='ltr'><strong>neque</strong></span> <span class='ocrx_word' id='word_1_239' title='bbox 1441 1691 1576 1735; x_wconf 88' lang='lat' dir='ltr'><strong>proba-</strong></span> 
     </span>
     <span class='ocr_line' id='line_1_25' title="bbox 129 1745 1576 1793; baseline -0.001 -10"><span class='ocrx_word' id='word_1_240' title='bbox 129 1746 215 1783; x_wconf 90' lang='lat' dir='ltr'><strong>bilis</strong></span> <span class='ocrx_word' id='word_1_241' title='bbox 237 1749 422 1783; x_wconf 86' lang='lat' dir='ltr'><strong>structura</strong></span> <span class='ocrx_word' id='word_1_242' title='bbox 440 1746 643 1783; x_wconf 90' lang='lat' dir='ltr'><strong>verborum</strong></span> <span class='ocrx_word' id='word_1_243' title='bbox 661 1749 786 1793; x_wconf 92' lang='lat' dir='ltr'><strong>potest</strong></span> <span class='ocrx_word' id='word_1_244' title='bbox 809 1746 905 1782; x_wconf 91' lang='lat' dir='ltr'><strong>iniri.</strong></span> <span class='ocrx_word' id='word_1_245' title='bbox 949 1745 1058 1790; x_wconf 85' lang='lat' dir='ltr'><strong>Quod</strong></span> <span class='ocrx_word' id='word_1_246' title='bbox 1077 1746 1236 1785; x_wconf 85' lang='lat' dir='ltr'><strong>sortasse</strong></span> <span class='ocrx_word' id='word_1_247' title='bbox 1257 1746 1423 1782; x_wconf 87' lang='lat' dir='ltr'><strong>sentiens</strong></span> <span class='ocrx_word' id='word_1_248' title='bbox 1449 1745 1576 1782; x_wconf 89' lang='lat' dir='ltr'><strong>Gerla-</strong></span> 
     </span>
     <span class='ocr_line' id='line_1_26' title="bbox 131 1802 1574 1850; baseline -0.002 -10"><span class='ocrx_word' id='word_1_249' title='bbox 131 1802 238 1840; x_wconf 89' lang='lat' dir='ltr'><strong>chius</strong></span> <span class='ocrx_word' id='word_1_250' title='bbox 258 1803 296 1840; x_wconf 89' lang='lat' dir='ltr'><strong>in</strong></span> <span class='ocrx_word' id='word_1_251' title='bbox 316 1802 378 1839; x_wconf 88' lang='lat' dir='ltr'><strong>ed.</strong></span> <span class='ocrx_word' id='word_1_252' title='bbox 400 1802 488 1838; x_wconf 89' lang='lat' dir='ltr'><strong>min.</strong></span> <span class='ocrx_word' id='word_1_253' title='bbox 512 1802 664 1850; x_wconf 85' lang='lat' dir='ltr'><strong>scripsit</strong></span> <span class='ocrx_word' id='word_1_254' title='bbox 680 1812 797 1850; x_wconf 83' lang='lat' dir='ltr'><strong>neque</strong></span> <span class='ocrx_word' id='word_1_255' title='bbox 817 1803 888 1839; x_wconf 78' lang='lat' dir='ltr'><strong>late</strong></span> <span class='ocrx_word' id='word_1_256' title='bbox 909 1805 974 1839; x_wconf 82' lang='lat' dir='ltr'><strong>aut</strong></span> <span class='ocrx_word' id='word_1_257' title='bbox 991 1811 1145 1839; x_wconf 78' lang='lat' dir='ltr'><strong>securus</strong></span> <span class='ocrx_word' id='word_1_258' title='bbox 1163 1813 1186 1838; x_wconf 86' lang='lat' dir='ltr'><strong>a</strong></span> <span class='ocrx_word' id='word_1_259' title='bbox 1207 1805 1303 1839; x_wconf 76' lang='lat' dir='ltr'><strong>metu</strong></span> <span class='ocrx_word' id='word_1_260' title='bbox 1317 1803 1450 1850; x_wconf 72' lang='lat' dir='ltr'><strong>qentis,</strong></span> <span class='ocrx_word' id='word_1_261' title='bbox 1477 1813 1574 1849; x_wconf 87' lang='lat' dir='ltr'><strong>quae</strong></span> 
     </span>
     <span class='ocr_line' id='line_1_27' title="bbox 130 1859 1575 1908; baseline -0.001 -13"><span class='ocrx_word' id='word_1_262' title='bbox 130 1859 384 1908; x_wconf 78' lang='lat' dir='ltr'><strong>lectio‘priore</strong></span> <span class='ocrx_word' id='word_1_263' title='bbox 398 1859 526 1906; x_wconf 87' lang='lat' dir='ltr'><strong>paullo</strong></span> <span class='ocrx_word' id='word_1_264' title='bbox 541 1859 674 1894; x_wconf 90' lang='lat' dir='ltr'><strong>melior</strong></span> <span class='ocrx_word' id='word_1_265' title='bbox 689 1863 812 1895; x_wconf 90' lang='lat' dir='ltr'><strong>tamen</strong></span> <span class='ocrx_word' id='word_1_266' title='bbox 826 1870 901 1895; x_wconf 89' lang='lat' dir='ltr'><strong>non</strong></span> <span class='ocrx_word' id='word_1_267' title='bbox 917 1859 1108 1905; x_wconf 78' lang='lat' dir='ltr'><strong>satisfacit,</strong></span> <span class='ocrx_word' id='word_1_268' title='bbox 1131 1869 1247 1905; x_wconf 88' lang='lat' dir='ltr'><strong>quum</strong></span> <span class='ocrx_word' id='word_1_269' title='bbox 1262 1863 1411 1907; x_wconf 86' lang='lat' dir='ltr'><strong>praeter</strong></span> <span class='ocrx_word' id='word_1_270' title='bbox 1427 1869 1451 1894; x_wconf 90' lang='lat' dir='ltr'><strong>a</strong></span> <span class='ocrx_word' id='word_1_271' title='bbox 1466 1869 1575 1906; x_wconf 87' lang='lat' dir='ltr'><strong>prae-</strong></span> 
     </span>
     <span class='ocr_line' id='line_1_28' title="bbox 129 1914 1574 1964; baseline -0.001 -11"><span class='ocrx_word' id='word_1_272' title='bbox 129 1915 366 1964; x_wconf 90' lang='lat' dir='ltr'><strong>positionem,</strong></span> <span class='ocrx_word' id='word_1_273' title='bbox 386 1926 472 1953; x_wconf 88' lang='lat' dir='ltr'><strong>cum</strong></span> <span class='ocrx_word' id='word_1_274' title='bbox 488 1923 624 1952; x_wconf 85' lang='lat' dir='ltr'><strong>sensus</strong></span> <span class='ocrx_word' id='word_1_275' title='bbox 641 1914 860 1952; x_wconf 87' lang='lat' dir='ltr'><strong>detrimento</strong></span> <span class='ocrx_word' id='word_1_276' title='bbox 875 1916 1027 1961; x_wconf 86' lang='lat' dir='ltr'><strong>illatam,</strong></span> <span class='ocrx_word' id='word_1_277' title='bbox 1044 1918 1227 1951; x_wconf 87' lang='lat' dir='ltr'><strong>structura</strong></span> <span class='ocrx_word' id='word_1_278' title='bbox 1240 1915 1379 1963; x_wconf 83' lang='lat' dir='ltr'><strong>pariter</strong></span> <span class='ocrx_word' id='word_1_279' title='bbox 1395 1914 1574 1963; x_wconf 83' lang='lat' dir='ltr'><strong>impedita</strong></span> 
     </span>
     <span class='ocr_line' id='line_1_29' title="bbox 131 1971 1574 2020; baseline -0.001 -10"><span class='ocrx_word' id='word_1_280' title='bbox 131 1978 292 2020; x_wconf 87' lang='lat' dir='ltr'><strong>maneat,</strong></span> <span class='ocrx_word' id='word_1_281' title='bbox 318 1983 440 2020; x_wconf 88' lang='lat' dir='ltr'><strong>neque</strong></span> <span class='ocrx_word' id='word_1_282' title='bbox 462 1973 701 2020; x_wconf 84' lang='lat' dir='ltr'><strong>intelligatur,</strong></span> <span class='ocrx_word' id='word_1_283' title='bbox 731 1971 919 2019; x_wconf 88' lang='lat' dir='ltr'><strong>quomodo</strong></span> <span class='ocrx_word' id='word_1_284' title='bbox 940 1980 1095 2009; x_wconf 78' lang='lat' dir='ltr'><strong>securus</strong></span> <span class='ocrx_word' id='word_1_285' title='bbox 1115 1983 1141 2008; x_wconf 86' lang='grc' dir='ltr'><strong><em>α</em></strong></span> <span class='ocrx_word' id='word_1_286' title='bbox 1161 1971 1198 2007; x_wconf 88' lang='lat' dir='ltr'><strong>in</strong></span> <span class='ocrx_word' id='word_1_287' title='bbox 1216 1972 1470 2011; x_wconf 67' lang='lat' dir='ltr'><strong>securissimus</strong></span> <span class='ocrx_word' id='word_1_288' title='bbox 1492 1981 1574 2008; x_wconf 80' lang='lat' dir='ltr'><strong>eor·</strong></span> 
     </span>
     <span class='ocr_line' id='line_1_30' title="bbox 133 2027 1574 2078; baseline -0.001 -12"><span class='ocrx_word' id='word_1_289' title='bbox 133 2031 254 2076; x_wconf 89' lang='lat' dir='ltr'><strong>rumpi</strong></span> <span class='ocrx_word' id='word_1_290' title='bbox 285 2030 459 2078; x_wconf 89' lang='lat' dir='ltr'><strong>potuerit.</strong></span> <span class='ocrx_word' id='word_1_291' title='bbox 503 2028 662 2065; x_wconf 89' lang='lat' dir='ltr'><strong>Rothius</strong></span> <span class='ocrx_word' id='word_1_292' title='bbox 691 2028 743 2065; x_wconf 90' lang='lat' dir='ltr'><strong>ad</strong></span> <span class='ocrx_word' id='word_1_293' title='bbox 763 2029 860 2066; x_wconf 91' lang='lat' dir='ltr'><strong>Non.</strong></span> <span class='ocrx_word' id='word_1_294' title='bbox 888 2029 913 2065; x_wconf 88' lang='lat' dir='ltr'><strong>l.</strong></span> <span class='ocrx_word' id='word_1_295' title='bbox 939 2029 964 2064; x_wconf 92' lang='lat' dir='ltr'><strong>l.</strong></span> <span class='ocrx_word' id='word_1_296' title='bbox 984 2039 1022 2075; x_wconf 91' lang='lat' dir='ltr'><strong>p.</strong></span> <span class='ocrx_word' id='word_1_297' title='bbox 1044 2032 1126 2067; x_wconf 78' lang='lat'><strong>212.</strong></span> <span class='ocrx_word' id='word_1_298' title='bbox 1156 2027 1317 2064; x_wconf 87' lang='lat' dir='ltr'><strong>coniecit</strong></span> <span class='ocrx_word' id='word_1_299' title='bbox 1337 2036 1456 2076; x_wconf 76' lang='lat' dir='ltr'><strong>neque</strong></span> <span class='ocrx_word' id='word_1_300' title='bbox 1480 2027 1574 2064; x_wconf 70' lang='lat' dir='ltr'><strong>elate</strong></span> 
     </span>
     <span class='ocr_line' id='line_1_31' title="bbox 131 2083 1573 2134; baseline -0.001 -12"><span class='ocrx_word' id='word_1_301' title='bbox 131 2089 197 2122; x_wconf 80' lang='lat' dir='ltr'><strong>aul</strong></span> <span class='ocrx_word' id='word_1_302' title='bbox 220 2085 368 2134; x_wconf 79' lang='lat' dir='ltr'><strong>fretus,</strong></span> <span class='ocrx_word' id='word_1_303' title='bbox 395 2086 504 2123; x_wconf 75' lang='lat' dir='ltr'><strong>simul</strong></span> <span class='ocrx_word' id='word_1_304' title='bbox 521 2089 627 2122; x_wconf 81' lang='lat' dir='ltr'><strong>melu.</strong></span> <span class='ocrx_word' id='word_1_305' title='bbox 668 2085 754 2122; x_wconf 88' lang='lat' dir='ltr'><strong>Alio</strong></span> <span class='ocrx_word' id='word_1_306' title='bbox 781 2085 896 2121; x_wconf 89' lang='lat' dir='ltr'><strong>modo</strong></span> <span class='ocrx_word' id='word_1_307' title='bbox 919 2085 1048 2121; x_wconf 89' lang='lat' dir='ltr'><strong>Douza</strong></span> <span class='ocrx_word' id='word_1_308' title='bbox 1066 2086 1150 2120; x_wconf 92' lang='lat' dir='ltr'><strong>loco</strong></span> <span class='ocrx_word' id='word_1_309' title='bbox 1180 2095 1400 2121; x_wconf 85' lang='lat' dir='ltr'><strong>succurrere</strong></span> <span class='ocrx_word' id='word_1_310' title='bbox 1420 2083 1573 2128; x_wconf 88' lang='lat' dir='ltr'><strong>studuit,</strong></span> 
     </span>
     <span class='ocr_line' id='line_1_32' title="bbox 133 2139 1574 2190; baseline -0.001 -11"><span class='ocrx_word' id='word_1_311' title='bbox 133 2142 301 2179; x_wconf 86' lang='lat' dir='ltr'><strong>scribens</strong></span> <span class='ocrx_word' id='word_1_312' title='bbox 320 2152 437 2190; x_wconf 77' lang='lat' dir='ltr'><strong>neque</strong></span> <span class='ocrx_word' id='word_1_313' title='bbox 456 2143 550 2178; x_wconf 81' lang='lat' dir='ltr'><strong>elato</strong></span> <span class='ocrx_word' id='word_1_314' title='bbox 575 2146 640 2178; x_wconf 75' lang='lat' dir='ltr'><strong>aut</strong></span> <span class='ocrx_word' id='word_1_315' title='bbox 663 2152 795 2179; x_wconf 85' lang='lat' dir='ltr'><strong>securo</strong></span> <span class='ocrx_word' id='word_1_316' title='bbox 814 2151 894 2179; x_wconf 76' lang='lat' dir='ltr'><strong>esse</strong></span> <span class='ocrx_word' id='word_1_317' title='bbox 911 2142 1053 2186; x_wconf 69' lang='lat' dir='ltr'><strong>anano,</strong></span> <span class='ocrx_word' id='word_1_318' title='bbox 1083 2151 1194 2187; x_wconf 87' lang='lat' dir='ltr'><strong>quam</strong></span> <span class='ocrx_word' id='word_1_319' title='bbox 1213 2140 1465 2178; x_wconf 82' lang='lat' dir='ltr'><strong>coniecturam</strong></span> <span class='ocrx_word' id='word_1_320' title='bbox 1486 2139 1574 2177; x_wconf 83' lang='lat' dir='ltr'><strong>Cor—</strong></span> 
     </span>
     <span class='ocr_line' id='line_1_33' title="bbox 130 2196 1576 2245; baseline -0.001 -10"><span class='ocrx_word' id='word_1_321' title='bbox 130 2200 202 2235; x_wconf 91' lang='lat' dir='ltr'><strong>tius</strong></span> <span class='ocrx_word' id='word_1_322' title='bbox 224 2204 260 2236; x_wconf 91' lang='lat' dir='ltr'><strong>et</strong></span> <span class='ocrx_word' id='word_1_323' title='bbox 276 2198 502 2236; x_wconf 87' lang='lat' dir='ltr'><strong>Debrossius</strong></span> <span class='ocrx_word' id='word_1_324' title='bbox 517 2202 761 2245; x_wconf 89' lang='lat' dir='ltr'><strong>receperunt;</strong></span> <span class='ocrx_word' id='word_1_325' title='bbox 793 2198 862 2234; x_wconf 90' lang='lat' dir='ltr'><strong>sed</strong></span> <span class='ocrx_word' id='word_1_326' title='bbox 878 2207 1102 2245; x_wconf 89' lang='lat' dir='ltr'><strong>quamquam</strong></span> <span class='ocrx_word' id='word_1_327' title='bbox 1117 2196 1347 2233; x_wconf 84' lang='lat' dir='ltr'><strong>tolerabilem</strong></span> <span class='ocrx_word' id='word_1_328' title='bbox 1361 2196 1474 2233; x_wconf 81' lang='lat' dir='ltr'><strong>habet</strong></span> <span class='ocrx_word' id='word_1_329' title='bbox 1489 2208 1576 2233; x_wconf 89' lang='lat' dir='ltr'><strong>sen-</strong></span> 
     </span>
     <span class='ocr_line' id='line_1_34' title="bbox 131 2252 1573 2303; baseline -0.002 -10"><span class='ocrx_word' id='word_1_330' title='bbox 131 2264 215 2293; x_wconf 89' lang='lat' dir='ltr'><strong>sum</strong></span> <span class='ocrx_word' id='word_1_331' title='bbox 244 2254 531 2303; x_wconf 82' lang='lat' dir='ltr'><strong>expeditamque</strong></span> <span class='ocrx_word' id='word_1_332' title='bbox 563 2258 804 2300; x_wconf 85' lang='lat' dir='ltr'><strong>structuram,</strong></span> <span class='ocrx_word' id='word_1_333' title='bbox 830 2258 955 2290; x_wconf 88' lang='lat' dir='ltr'><strong>tamen</strong></span> <span class='ocrx_word' id='word_1_334' title='bbox 981 2257 1017 2289; x_wconf 89' lang='lat' dir='ltr'><strong>et</strong></span> <span class='ocrx_word' id='word_1_335' title='bbox 1044 2252 1156 2288; x_wconf 89' lang='lat' dir='ltr'><strong>nimis</strong></span> <span class='ocrx_word' id='word_1_336' title='bbox 1183 2252 1326 2289; x_wconf 87' lang='lat' dir='ltr'><strong>recedit</strong></span> <span class='ocrx_word' id='word_1_337' title='bbox 1353 2264 1377 2290; x_wconf 89' lang='lat' dir='ltr'><strong>a</strong></span> <span class='ocrx_word' id='word_1_338' title='bbox 1400 2252 1573 2290; x_wconf 87' lang='lat' dir='ltr'><strong>codicum</strong></span> 
     </span>
     <span class='ocr_line' id='line_1_35' title="bbox 71 2303 1574 2361; baseline -0.003 -11"><span class='ocrx_word' id='word_1_339' title='bbox 71 2303 77 2307; x_wconf 46' lang='lat'><strong>⁴</strong></span> <span class='ocrx_word' id='word_1_340' title='bbox 131 2312 325 2361; x_wconf 79' lang='lat' dir='ltr'><strong>vestigiis,</strong></span> <span class='ocrx_word' id='word_1_341' title='bbox 346 2321 468 2359; x_wconf 88' lang='lat' dir='ltr'><strong>neque</strong></span> <span class='ocrx_word' id='word_1_342' title='bbox 489 2311 709 2347; x_wconf 85' lang='lat' dir='ltr'><strong>sententiam</strong></span> <span class='ocrx_word' id='word_1_343' title='bbox 728 2312 882 2357; x_wconf 90' lang='lat' dir='ltr'><strong>praebet</strong></span> <span class='ocrx_word' id='word_1_344' title='bbox 900 2310 975 2354; x_wconf 90' lang='lat' dir='ltr'><strong>rei,</strong></span> <span class='ocrx_word' id='word_1_345' title='bbox 1009 2319 1105 2356; x_wconf 88' lang='lat' dir='ltr'><strong>quae</strong></span> <span class='ocrx_word' id='word_1_346' title='bbox 1127 2313 1318 2355; x_wconf 89' lang='lat' dir='ltr'><strong>narratur,</strong></span> <span class='ocrx_word' id='word_1_347' title='bbox 1349 2311 1445 2346; x_wconf 84' lang='lat' dir='ltr'><strong>bene</strong></span> <span class='ocrx_word' id='word_1_348' title='bbox 1466 2319 1574 2346; x_wconf 83' lang='lat' dir='ltr'><strong>accu-</strong></span> 
     </span>
     <span class='ocr_line' id='line_1_36' title="bbox 132 2365 1574 2417; baseline -0.005 -10"><span class='ocrx_word' id='word_1_349' title='bbox 132 2374 285 2417; x_wconf 86' lang='lat' dir='ltr'><strong>rateque</strong></span> <span class='ocrx_word' id='word_1_350' title='bbox 305 2368 603 2406; x_wconf 87' lang='lat' dir='ltr'><strong>convenientem.</strong></span> <span class='ocrx_word' id='word_1_351' title='bbox 642 2367 737 2403; x_wconf 89' lang='lat' dir='ltr'><strong>Nam</strong></span> <span class='ocrx_word' id='word_1_352' title='bbox 754 2377 867 2413; x_wconf 89' lang='lat' dir='ltr'><strong>quum</strong></span> <span class='ocrx_word' id='word_1_353' title='bbox 890 2366 937 2403; x_wconf 88' lang='lat' dir='ltr'><strong>de</strong></span> <span class='ocrx_word' id='word_1_354' title='bbox 957 2365 1186 2413; x_wconf 76' lang='lat' dir='ltr'><strong>expeditione</strong></span> <span class='ocrx_word' id='word_1_355' title='bbox 1207 2366 1247 2402; x_wconf 89' lang='lat' dir='ltr'><strong>in</strong></span> <span class='ocrx_word' id='word_1_356' title='bbox 1271 2366 1434 2413; x_wconf 86' lang='lat' dir='ltr'><strong>aliquam</strong></span> <span class='ocrx_word' id='word_1_357' title='bbox 1451 2365 1574 2412; x_wconf 79' lang='lat' dir='ltr'><strong>regio—</strong></span> 
     </span>
     <span class='ocr_line' id='line_1_37' title="bbox 133 2422 1573 2473; baseline -0.004 -10"><span class='ocrx_word' id='word_1_358' title='bbox 133 2437 218 2463; x_wconf 86' lang='lat' dir='ltr'><strong>nem</strong></span> <span class='ocrx_word' id='word_1_359' title='bbox 238 2427 336 2463; x_wconf 82' lang='lat' dir='ltr'><strong>sacta</strong></span> <span class='ocrx_word' id='word_1_360' title='bbox 355 2428 500 2473; x_wconf 85' lang='lat' dir='ltr'><strong>agatur,</strong></span> <span class='ocrx_word' id='word_1_361' title='bbox 518 2423 569 2460; x_wconf 85' lang='lat' dir='ltr'><strong>ad</strong></span> <span class='ocrx_word' id='word_1_362' title='bbox 593 2434 676 2460; x_wconf 85' lang='lat' dir='ltr'><strong>eam</strong></span> <span class='ocrx_word' id='word_1_363' title='bbox 692 2422 978 2460; x_wconf 87' lang='lat' dir='ltr'><strong>describendam</strong></span> <span class='ocrx_word' id='word_1_364' title='bbox 998 2432 1072 2458; x_wconf 88' lang='lat' dir='ltr'><strong>non</strong></span> <span class='ocrx_word' id='word_1_365' title='bbox 1092 2425 1166 2459; x_wconf 88' lang='lat' dir='ltr'><strong>tam</strong></span> <span class='ocrx_word' id='word_1_366' title='bbox 1185 2423 1345 2469; x_wconf 86' lang='lat' dir='ltr'><strong>pertinet</strong></span> <span class='ocrx_word' id='word_1_367' title='bbox 1363 2433 1434 2470; x_wconf 73' lang='lat' dir='ltr'><strong>quo</strong></span> <span class='ocrx_word' id='word_1_368' title='bbox 1452 2422 1573 2458; x_wconf 80' lang='lat' dir='ltr'><strong>animo</strong></span> 
     </span>
     <span class='ocr_line' id='line_1_38' title="bbox 133 2479 1574 2530; baseline -0.003 -12"><span class='ocrx_word' id='word_1_369' title='bbox 133 2482 215 2520; x_wconf 80' lang='lat' dir='ltr'><strong>dux</strong></span> <span class='ocrx_word' id='word_1_370' title='bbox 232 2483 368 2530; x_wconf 79' lang='lat' dir='ltr'><strong>fuerit,</strong></span> <span class='ocrx_word' id='word_1_371' title='bbox 393 2490 505 2529; x_wconf 84' lang='lat' dir='ltr'><strong>quam</strong></span> <span class='ocrx_word' id='word_1_372' title='bbox 525 2490 599 2528; x_wconf 82' lang='lat' dir='ltr'><strong>qua</strong></span> <span class='ocrx_word' id='word_1_373' title='bbox 618 2480 762 2516; x_wconf 87' lang='lat' dir='ltr'><strong>ratione</strong></span> <span class='ocrx_word' id='word_1_374' title='bbox 788 2489 910 2525; x_wconf 87' lang='lat' dir='ltr'><strong>quave</strong></span> <span class='ocrx_word' id='word_1_375' title='bbox 931 2483 1008 2516; x_wconf 85' lang='lat' dir='ltr'><strong>arte</strong></span> <span class='ocrx_word' id='word_1_376' title='bbox 1027 2479 1097 2515; x_wconf 69' lang='lat' dir='ltr'><strong>iter</strong></span> <span class='ocrx_word' id='word_1_377' title='bbox 1112 2479 1258 2526; x_wconf 80' lang='lat' dir='ltr'><strong>fecerit.</strong></span> <span class='ocrx_word' id='word_1_378' title='bbox 1300 2479 1424 2523; x_wconf 75' lang='lat' dir='ltr'><strong>Quare</strong></span> <span class='ocrx_word' id='word_1_379' title='bbox 1444 2487 1574 2514; x_wconf 83' lang='lat' dir='ltr'><strong>veram</strong></span> 
     </span>
     <span class='ocr_line' id='line_1_39' title="bbox 111 2535 1574 2587; baseline -0.003 -13"><span class='ocrx_word' id='word_1_380' title='bbox 111 2548 113 2550; x_wconf 92' lang='lat'>·</span> <span class='ocrx_word' id='word_1_381' title='bbox 134 2538 208 2575; x_wconf 86' lang='lat' dir='ltr'><strong>loci</strong></span> <span class='ocrx_word' id='word_1_382' title='bbox 229 2539 452 2587; x_wconf 87' lang='lat' dir='ltr'><strong>scripturam</strong></span> <span class='ocrx_word' id='word_1_383' title='bbox 473 2536 628 2575; x_wconf 87' lang='lat' dir='ltr'><strong>dedisse</strong></span> <span class='ocrx_word' id='word_1_384' title='bbox 649 2536 758 2572; x_wconf 91' lang='lat' dir='ltr'><strong>nobis</strong></span> <span class='ocrx_word' id='word_1_385' title='bbox 778 2535 970 2581; x_wconf 84' lang='lat' dir='ltr'><strong>videmur,</strong></span> <span class='ocrx_word' id='word_1_386' title='bbox 1000 2536 1094 2571; x_wconf 82' lang='lat' dir='ltr'><strong>late</strong></span> <span class='ocrx_word' id='word_1_387' title='bbox 1110 2538 1175 2572; x_wconf 74' lang='lat' dir='ltr'><strong>aut</strong></span> <span class='ocrx_word' id='word_1_388' title='bbox 1194 2544 1349 2572; x_wconf 74' lang='lat' dir='ltr'><strong>securus</strong></span> <span class='ocrx_word' id='word_1_389' title='bbox 1369 2535 1442 2570; x_wconf 77' lang='lat' dir='ltr'><strong>ire</strong></span> <span class='ocrx_word' id='word_1_390' title='bbox 1467 2543 1574 2580; x_wconf 87' lang='lat' dir='ltr'><strong>repo-</strong></span> 
     </span>
     <span class='ocr_line' id='line_1_40' title="bbox 134 2589 1574 2643; baseline -0.004 -11"><span class='ocrx_word' id='word_1_391' title='bbox 134 2595 273 2642; x_wconf 90' lang='lat' dir='ltr'><strong>nendo,</strong></span> <span class='ocrx_word' id='word_1_392' title='bbox 296 2607 370 2643; x_wconf 84' lang='lat' dir='ltr'><strong>qua</strong></span> <span class='ocrx_word' id='word_1_393' title='bbox 388 2594 592 2632; x_wconf 84' lang='lat' dir='ltr'><strong>mutatione</strong></span> <span class='ocrx_word' id='word_1_394' title='bbox 613 2592 706 2630; x_wconf 86' lang='lat' dir='ltr'><strong>nihil</strong></span> <span class='ocrx_word' id='word_1_395' title='bbox 724 2595 781 2629; x_wconf 86' lang='lat' dir='ltr'><strong>est</strong></span> <span class='ocrx_word' id='word_1_396' title='bbox 802 2591 972 2636; x_wconf 82' lang='lat' dir='ltr'><strong>facilius3</strong></span> <span class='ocrx_word' id='word_1_397' title='bbox 991 2592 1083 2628; x_wconf 81' lang='lat' dir='ltr'><strong>elate</strong></span> <span class='ocrx_word' id='word_1_398' title='bbox 1102 2592 1215 2637; x_wconf 88' lang='lat' dir='ltr'><strong>enim,</strong></span> <span class='ocrx_word' id='word_1_399' title='bbox 1236 2590 1337 2638; x_wconf 89' lang='lat' dir='ltr'><strong>quod</strong></span> <span class='ocrx_word' id='word_1_400' title='bbox 1355 2595 1412 2626; x_wconf 82' lang='lat' dir='ltr'><strong>est</strong></span> <span class='ocrx_word' id='word_1_401' title='bbox 1430 2590 1468 2626; x_wconf 89' lang='lat' dir='ltr'><strong>in</strong></span> <span class='ocrx_word' id='word_1_402' title='bbox 1488 2589 1574 2627; x_wconf 87' lang='lat' dir='ltr'><strong>cod.</strong></span> 
     </span>
     <span class='ocr_line' id='line_1_41' title="bbox 134 2645 1576 2700; baseline -0.005 -11"><span class='ocrx_word' id='word_1_403' title='bbox 134 2651 204 2699; x_wconf 88' lang='lat' dir='ltr'><strong>A.,</strong></span> <span class='ocrx_word' id='word_1_404' title='bbox 227 2663 274 2688; x_wconf 90' lang='lat' dir='ltr'><strong>eo</strong></span> <span class='ocrx_word' id='word_1_405' title='bbox 295 2656 438 2700; x_wconf 84' lang='lat' dir='ltr'><strong>ortum,</strong></span> <span class='ocrx_word' id='word_1_406' title='bbox 468 2650 569 2699; x_wconf 85' lang='lat' dir='ltr'><strong>quod</strong></span> <span class='ocrx_word' id='word_1_407' title='bbox 595 2650 723 2687; x_wconf 87' lang='lat' dir='ltr'><strong>ultima</strong></span> <span class='ocrx_word' id='word_1_408' title='bbox 741 2658 858 2696; x_wconf 79' lang='lat' dir='ltr'><strong>neque</strong></span> <span class='ocrx_word' id='word_1_409' title='bbox 874 2649 982 2686; x_wconf 85' lang='lat' dir='ltr'><strong>vocis</strong></span> <span class='ocrx_word' id='word_1_410' title='bbox 1003 2649 1124 2690; x_wconf 81' lang='lat' dir='ltr'><strong>littera</strong></span> <span class='ocrx_word' id='word_1_411' title='bbox 1143 2647 1314 2695; x_wconf 83' lang='lat' dir='ltr'><strong>sequenti</strong></span> <span class='ocrx_word' id='word_1_412' title='bbox 1331 2646 1419 2698; x_wconf 90' lang='lat' dir='ltr'><strong>voci</strong></span> <span class='ocrx_word' id='word_1_413' title='bbox 1438 2645 1576 2683; x_wconf 87' lang='lat' dir='ltr'><strong>adhae-</strong></span> 
     </span>
     <span class='ocr_line' id='line_1_42' title="bbox 137 2703 1577 2756; baseline -0.005 -10"><span class='ocrx_word' id='word_1_414' title='bbox 137 2709 205 2756; x_wconf 87' lang='lat' dir='ltr'><strong>sit,</strong></span> <span class='ocrx_word' id='word_1_415' title='bbox 231 2717 386 2747; x_wconf 77' lang='lat' dir='ltr'><strong>seeurus</strong></span> <span class='ocrx_word' id='word_1_416' title='bbox 402 2710 459 2744; x_wconf 78' lang='lat' dir='ltr'><strong>ire</strong></span> <span class='ocrx_word' id='word_1_417' title='bbox 482 2712 606 2745; x_wconf 90' lang='lat' dir='ltr'><strong>autem</strong></span> <span class='ocrx_word' id='word_1_418' title='bbox 630 2706 728 2744; x_wconf 80' lang='lat' dir='ltr'><strong>male</strong></span> <span class='ocrx_word' id='word_1_419' title='bbox 749 2705 927 2753; x_wconf 88' lang='lat' dir='ltr'><strong>scriptum</strong></span> <span class='ocrx_word' id='word_1_420' title='bbox 953 2705 1125 2752; x_wconf 87' lang='lat' dir='ltr'><strong>maleque</strong></span> <span class='ocrx_word' id='word_1_421' title='bbox 1146 2706 1279 2742; x_wconf 83' lang='lat' dir='ltr'><strong>lectum</strong></span> <span class='ocrx_word' id='word_1_422' title='bbox 1298 2703 1438 2740; x_wconf 84' lang='lat' dir='ltr'><strong>nemini</strong></span> <span class='ocrx_word' id='word_1_423' title='bbox 1458 2704 1577 2741; x_wconf 85' lang='lat' dir='ltr'><strong>incre—</strong></span> 
     </span>
     <span class='ocr_line' id='line_1_43' title="bbox 137 2760 1575 2812; baseline -0.005 -9"><span class='ocrx_word' id='word_1_424' title='bbox 137 2765 250 2803; x_wconf 87' lang='lat' dir='ltr'><strong>dibile</strong></span> <span class='ocrx_word' id='word_1_425' title='bbox 273 2767 342 2803; x_wconf 86' lang='lat' dir='ltr'><strong>erit</strong></span> <span class='ocrx_word' id='word_1_426' title='bbox 363 2766 399 2802; x_wconf 90' lang='lat' dir='ltr'><strong>in</strong></span> <span class='ocrx_word' id='word_1_427' title='bbox 424 2766 680 2803; x_wconf 67' lang='lat' dir='ltr'><strong>securissimus</strong></span> <span class='ocrx_word' id='word_1_428' title='bbox 699 2762 898 2812; x_wconf 87' lang='lat' dir='ltr'><strong>depravari</strong></span> <span class='ocrx_word' id='word_1_429' title='bbox 922 2763 1102 2810; x_wconf 85' lang='lat' dir='ltr'><strong>potuisse.</strong></span> <span class='ocrx_word' id='word_1_430' title='bbox 1121 2781 1178 2789; x_wconf 91' lang='lat'><strong>--</strong></span> <span class='ocrx_word' id='word_1_431' title='bbox 1224 2760 1291 2798; x_wconf 84' lang='lat' dir='ltr'><strong>Ire</strong></span> <span class='ocrx_word' id='word_1_432' title='bbox 1311 2761 1348 2796; x_wconf 92' lang='lat' dir='ltr'><strong>in</strong></span> <span class='ocrx_word' id='word_1_433' title='bbox 1368 2771 1408 2796; x_wconf 88' lang='lat' dir='ltr'><strong>re</strong></span> <span class='ocrx_word' id='word_1_434' title='bbox 1427 2760 1575 2797; x_wconf 86' lang='lat' dir='ltr'><strong>militari</strong></span> 
     </span>
    </p>
   </div>
  </div>
 </body>
</html>
