1774 3002
129 141 211 184 196
420 165 422 167 »
516 123 518 125 ’
601 146 1086 187 C.SALLUSTICRISP1

129 271 206 327 tis,
244 285 374 333 quam
405 271 548 318 adhuc
580 273 735 334 agitis,
776 276 924 333 patres
965 273 1221 333 conscripti,
1259 288 1388 335 quem
1421 276 1574 319 contra

131 358 317 402 aetatem
346 356 588 415 proiectum
623 357 678 402 ad
709 357 867 403 bellum
897 356 1220 403 saevissumum
1253 372 1351 403 cum
1379 357 1572 404 exercitu

130 442 309 500 optume
332 440 507 497 merito,
541 443 749 502 quantum
780 443 847 486 est
881 441 924 486 in
965 441 1114 498 vobis,
1151 443 1289 498 fame,
1317 431 1574 487 miserruma

102 586 107 591 .
131 522 323 568 omnium
351 527 513 582 morte,
543 523 806 570 confecistis.
850 525 943 571 Hac
970 525 1014 570 in
1038 540 1117 585 spe
1147 525 1340 586 populus
1365 537 1573 571 romanus
1590 538 1612 572 2

129 606 291 653 liberos
317 622 425 653 suos
451 607 506 653 ad
532 607 694 652 bellum
712 607 861 653 misit?
885 608 994 654 haec
1024 611 1126 655 sunt
1147 608 1341 669 praemia
1369 621 1451 668 pro
1470 606 1575 652 vol-

128 691 308 736 neribus
333 693 377 736 et
406 691 568 737 totiens
587 691 643 736 ob
668 692 979 752 rempublicam
1004 693 1106 738 fuso
1134 692 1383 753 sanguine?
1408 692 1575 738 Fessus

128 829 285 866 cidisset.
337 829 444 876 Virg.
466 829 562 865 Aen.
584 829 646 874 XI,
667 832 748 868 360.
789 829 885 874 Quid
904 832 1057 867 miseros·
1080 831 1180 866 toties
1198 831 1237 865 in
1257 833 1389 877 aperta
1402 828 1576 876 pericula

130 888 226 922 cives
237 898 268 933 p
280 887 355 922 roi
361 887 376 921 i
383 887 425 922 ei
434 888 479 921 8?
502 887 610 922 ubiv.
628 885 738 923 Serv.
753 906 805 913 —
823 887 958 924 Fames
971 887 1191 934 praegnanti
1210 890 1394 923 sensuest
1411 886 1577 922 interitus

126 943 230 990 fame
250 943 414 990 effectus,
431 943 499 978 das
525 938 780 991 Verhunyern,
801 944 868 980 der
884 944 1123 991 Hunyertod;
1143 944 1191 979 cf.
1215 942 1458 987 Liv.XXVlI,
1474 944 1532 986 44,
1541 944 1575 980 8.

129 999 311 1036 Maiorem
328 1003 478 1046 partem
506 1001 656 1036 militum
678 1000 706 1047 f
708 1011 804 1037 ame
829 1011 876 1036 ac
901 1001 1065 1048 frigore,
1094 1010 1188 1048 quae
1216 1001 1423 1036 miserrima
1450 999 1577 1035 mortis

128 1066 266 1105 yenera
290 1060 384 1101 sunt,
407 1058 597 1092 amisisset.
658 1057 711 1093 ld.
736 1057 833 1102 XXI,
857 1060 915 1102 41,
944 1062 996 1095 ll.
1049 1057 1177 1101 Licuit,
1211 1059 1246 1092 si
1261 1057 1505 1100 voluissemus,
1526 1054 1578 1090 ad

131 1114 290 1161 Erycem
311 1114 466 1157 clausos,
491 1114 613 1150 ultimo
633 1115 812 1161 supplicio
831 1113 1088 1157 humanorum,
1103 1114 1130 1162 f
1133 1124 1231 1149 ame
1250 1113 1470 1159 interficere.

245 1173 280 1213 §.
301 1174 335 1208 2.
396 1170 480 1206 Hac
501 1171 539 1206 in
557 1171 652 1218 spe)
680 1171 701 1205 i.
725 1183 758 1207 e.
790 1169 862 1207 hoc
889 1181 1068 1218 sperans,
1099 1182 1166 1218 pro
1188 1181 1260 1216 quo
1282 1169 1395 1205 etiam
1416 1168 1490 1204 dici
1508 1178 1576 1214 po-

126 1231 221 1263 terat
243 1226 316 1263 hac
329 1236 408 1274 spe,
428 1227 498 1263 sed
518 1227 702 1263 sententia
730 1228 896 1274 paullum
915 1228 1070 1264 variata.
1129 1226 1327 1263 Ablativus
1349 1226 1464 1262 solus
1477 1224 1576 1260 enim

130 1294 237 1331 spem
268 1283 486 1341 designaret
507 1283 673 1320 mittendi
702 1294 894 1325 caussam;
923 1282 1202 1331 praepositione
1222 1293 1315 1319 vero
1339 1281 1468 1318 addita
1487 1291 1574 1317 con-

129 1341 221 1377 dicio
237 1344 271 1377 et
287 1344 404 1377 status
419 1340 640 1385 declaratur,
656 1352 728 1388 quo
744 1341 932 1377 obtinente
951 1342 1111 1387 populus
1129 1340 1332 1376 exercitum
1348 1339 1458 1383 misit,
1475 1336 1577 1384 quod

129 1408 169 1433 re
192 1396 293 1433 idem
317 1402 386 1441 est,
421 1398 611 1445 cogitandi
634 1398 754 1433 forma
776 1398 989 1442 diversum3
1013 1398 1059 1433 cf
1083 1397 1203 1434 Hand.
1228 1397 1274 1432 de
1293 1396 1450 1431 Particc.
1481 1394 1574 1430 Latt.

129 1454 215 1490 Vol.
234 1454 293 1490 111.
314 1458 431 1501 p.256
441 1465 522 1501 sqq.
567 1455 649 1491 Non
669 1455 806 1490 malum
827 1455 951 1502 igitur,
969 1465 1192 1501 quamquam
1211 1464 1285 1490 non
1307 1451 1577 1494 necessarium,

130 1510 232 1557 quod
253 1511 411 1547 Ursinus
435 1512 593 1548 coniecit
613 1511 766 1547 haccine
789 1521 877 1558 spe,·
906 1510 975 1547 sed
998 1512 1218 1557 pessimum,
1251 1509 1352 1565 quod
1373 1509 1472 1544 idem
1491 1517 1577 1554 pro-

128 1568 255 1613 posuit
275 1568 348 1603 hac
365 1569 466 1604 sine
488 1578 567 1615 spe.
596 1588 653 1593 —
682 1569 892 1604 Verborum
912 1577 1001 1615 opes
1016 1573 1050 1604 et
1067 1577 1154 1615 spes
1176 1558 1397 1603 sententiam
1417 1565 1576 1600 illustra-

127 1625 252 1660 vimus
276 1623 325 1660 ad
343 1625 422 1671 lug.
452 1636 486 1660 c.
509 1624 617 1669 CVII,
646 1627 680 1670 4,
703 1636 742 1694 p.
763 1627 846 1664 578.
866 1645 924 1651 —
950 1624 1003 1660 De
1023 1625 1218 1672 particulis
1239 1633 1350 1671 quum
1368 1622 1513 1658 interim
1536 1632 1575 1657 v.

129 1679 178 1716 ad
198 1680 259 1716 Fr.
285 1681 328 1725 II,
349 1684 407 1725 50,
430 1682 466 1718 7

243 1740 278 1780 §
299 1740 335 1775 3.
366 1742 491 1778 utrum
517 1738 670 1773 censetis
697 1747 752 1773 me
780 1739 891 1774 vicem
920 1738 1051 1774 aerari
1071 1735 1289 1784 praestare)
1339 1736 1440 1771 Haec
1459 1735 1577 1770 verba

129 1793 332 1830 Diomedes
360 1805 396 1841 Ρ.
419 1796 500 1832 362
530 1793 678 1830 Putseh.
707 1805 753 1830 ex
784 1794 943 1831 secundo
973 1793 1100 1830 laudat
1126 1793 1200 1829 sic:
1241 1795 1365 1829 utrum
1388 1792 1501 1828 vicem
1519 1798 1577 1825 me

129 1852 261 1886 aerari
273 1855 473 1898 praestare
493 1851 718 1886 creditis?
777 1849 843 1887 Cui
866 1850 1098 1898 grammatici
1127 1838 1336 1886 auctoritati
1356 1846 1575 1885 Gerlachius

134 1911 272 1943 tantum
291 1908 430 1953 tribuit,
460 1911 499 1943 ut
520 1918 594 1943 non
615 1906 798 1944 dubitaret
823 1908 859 1943 in
882 1907 1002 1943 Prael'.
1035 1906 1097 1943 ed.
1117 1906 1204 1943 min.
1224 1917 1264 1953 p.
1288 1903 1455 1941 XXXIV.
1480 1903 1575 1939 haee

133 1964 318 2000 scribere:
361 1964 501 2009 „Multa
527 1964 728 2000 admodum
752 1965 893 2000 incerta
923 1974 1010 2000 esse
1035 1964 1117 2010 ipse
1147 1960 1277 1998 fateor.
1335 1962 1375 1997 In
1397 1960 1481 1998 aliis
1501 1960 1576 1995 iam

131 2032 230 2057 nunc
250 2021 389 2058 mutavi
410 2021 645 2056 sententiam.
683 2021 851 2068 Pompeii
873 2022 971 2056 enim
993 2020 1160 2067 Epistola
1181 2019 1231 2055 ad
1257 2022 1424 2055 senatum
1447 2015 1575 2053 neseio

56 2084 65 2087 “
132 2088 179 2112 an
201 2079 339 2114 rectius
370 2077 419 2113 ad
450 2078 581 2114 librum
616 2077 822 2114 secundum
855 2078 1047 2112 reseratur.
1107 2075 1296 2112 Charisius
1317 2075 1415 2111 enim
1434 2085 1472 2121 p.
1492 2076 1574 2112 262.

133 2135 249 2170 verba
269 2138 391 2170 utrum
412 2154 468 2159 —
487 2134 633 2170 credilis
658 2146 705 2170 ex
723 2135 753 2170 ΙΙ
776 2133 941 2170 laudat.“
1000 2132 1219 2169 Diomedem
1232 2160 1241 2177 ,
1272 2142 1386 2179 quum
1410 2128 1576 2167 Sallustii

133 2192 251 2226 verba
273 2201 320 2225 ex
342 2190 371 2225 ΙΙ
393 2191 453 2227 lib.
473 2193 614 2234 citaret,
637 2191 806 2227 codicem
827 2201 901 2225 non
932 2194 1016 2226 ante
1041 2190 1170 2225 oculos
1198 2189 1390 2236 habuisse,
1411 2186 1482 2223 sed
1500 2195 1576 2221 me-

132 2246 283 2282 moriter
305 2248 426 2282 locum
448 2246 639 2290 laudasse,
670 2247 875 2283 clarissime
897 2246 1114 2292 intelligitur
1137 2249 1219 2281 tum
1229 2256 1277 2280 ex
1291 2245 1498 2281 'verborum
1518 2251 1575 2277 or-

134 2302 220 2338 dine
241 2313 397 2349 prorsus
422 2305 585 2348 turbato,
615 2308 691 2339 tum
712 2315 758 2339 ex
781 2315 847 2350 co,
880 2302 980 2348 quod
1005 2303 1156 2338 censetis
1182 2302 1220 2337 in
1243 2302 1391 2338 creditis
1407 2298 1573 2336 mutavit.

133 2358 289 2394 Temere
322 2359 433 2406 igitur
454 2358 672 2395 Gerlachius
701 2359 787 2401 huic
816 2359 934 2394 errori
968 2359 1129 2406 aliquam
1160 2357 1273 2394 fidem
1292 2357 1444 2401 habuit;
1473 2353 1573 2402 quod

135 2423 246 2461 quam
268 2416 516 2451 inconsultum
539 2415 604 2459 sit,
634 2416 715 2462 ipse
734 2415 860 2462 lepido
884 2419 1103 2462 argumento
1126 2419 1194 2459 est,
1228 2414 1289 2461 qui
1314 2425 1382 2461 pro
1402 2409 1574 2449 Diomede

133 2473 383 2508 nominaverit
403 2471 620 2517 charisium,
641 2483 709 2519 pro
731 2473 871 2519 pagina
891 2475 960 2510 362
990 2473 1085 2508 salso
1109 2471 1301 2518 scripserit
1316 2473 1398 2510 262.
1419 2487 1476 2492 --
1515 2464 1573 2501 Vi-

133 2537 211 2565 cem
234 2531 364 2565 aerari
375 2534 575 2576 praestare
594 2532 651 2564 est
665 2524 774 2576 qusisz·
791 2530 933 2565 aerarii
952 2530 1027 2565 loco
1051 2538 1140 2572 esse,
1159 2529 1240 2565 sive
1262 2528 1383 2574 ipsum
1403 2525 1572 2568 sumptus

136 2586 392 2632 suppeditare,
423 2586 485 2632 qui
505 2596 552 2622 ex
571 2585 718 2621 aerario
747 2585 976 2632 suppeditari
1000 2585 1197 2621 debebant.⁴

249 2645 283 2684 §.
304 2645 339 2680 4.
362 2644 497 2690 quippe
515 2643 579 2690 qui
592 2661 648 2667 ——
662 2643 819 2689 paravi)
837 2642 890 2676 De
912 2642 1102 2678 indicativi
1121 2651 1192 2677 usu
1207 2643 1292 2687 post
1305 2638 1439 2686 quippe
1452 2635 1517 2682 qui
1535 2644 1573 2669 v.

133 2696 196 2735 ad.
218 2697 321 2735 Catil.
346 2711 378 2735 c.
399 2699 559 2743 XLVIII,
587 2703 622 2737 2.
643 2710 680 2746 p.
694 2701 775 2738 219.
797 2702 832 2733 et
854 2698 1014 2734 Granim.
1046 2699 1106 2734 lat.
1127 2700 1242 2744 nostr.
1265 2698 1299 2738 5.
1322 2696 1402 2737 145,
1428 2692 1462 2730 7.
1482 2694 1516 2728 2-
1540 2701 1573 2726 0·

132 2759 208 2791 not.
231 2758 290 2794 18.
312 2767 349 2802 Ρ.
373 2759 522 2794 5oo.-—-
548 2755 699 2793 Nomine
726 2756 831 2792 modo
850 2756 992 2802 imperi,
1013 2756 1035 2790 i.
1060 2766 1094 2790 e.
1112 2753 1272 2800 imperio,
1285 2752 1366 2788 sine
1392 2748 1571 2784 exercitu.
