1774 3002
479 164 807 205 fflsromflfflum
836 162 1148 201 FRAGMENTA.
1207 161 1296 198 ue.
1328 161 1388 196 ιιι.
1565 145 1650 198 2⁰3

347 296 388 337 2.
445 290 608 337 Cavete
642 289 698 335 ab
731 288 992 348 imperatore
1023 286 1211 346 perfuga
1243 283 1476 330 Celtibero.

344 378 385 420 3.
440 373 579 434 Igitur
614 371 894 425 discubuere,
926 369 1150 415 Sertorius
1188 367 1367 412 inferior
1410 367 1452 411 in
1490 367 1649 435 medio,

212 471 346 517 super
377 471 476 502 eum
498 456 546 502 L.
575 454 735 502 Fabius
752 452 1057 514 Hispaniensis
1085 455 1265 497 senator
1290 464 1346 496 ex
1368 450 1649 510 proseriptis3

210 611 432 677 Σερτωρίου
453 605 551 682 πρὸς
568 605 637 651 τὸν
654 610 857 651 Μέτελλον
884 604 1139 661 ηυτομόλουν.
1182 600 1276 658 Ἐφ’
1300 598 1334 661 ᾧ
1362 606 1606 658 χαλεπαίνων
1631 601 1653 647 ὃ

209 664 427 721 Σερτώριος
457 662 602 721 ἀγρίως
623 666 691 707 καὶ
716 667 968 731 βαρβαρικῶς
997 664 1221 730 ἐλυμαίνετο
1246 665 1422 710 πολλοῖς,
1454 661 1539 710 καὶ
1566 657 1653 702 διὰ

210 725 387 775 μίσους
414 722 646 777 ἐγίγνετο.
697 725 870 763 Μᾶλλον
892 716 930 762 δ’
955 735 1077 760 αυτον
1094 715 1115 760 ὁ
1137 714 1299 785 στρατὸς
1317 717 1361 759 έν
1379 718 1521 766 αἰτίαις
1540 714 1655 785 εἶχεν,

211 778 315 820 ἐπεὶ
348 795 431 820 και
465 775 780 845 δορυφόρους
812 772 913 818 ἄντ’
951 770 1112 816 αυτῶν
1155 771 1359 828 ἐπήγετο
1389 777 1655 841 πανταχοῦ

212 836 539 902 Κελτίβηρας,
561 834 643 875 καὶ
662 829 750 887 τὴν
768 827 1002 901 φυλακὴν
1021 835 1109 872 τοῦ
1127 844 1375 883 σωματος,
1389 825 1655 882 Ρωμαίους

210 885 483 942 ἆπελασας,
518 892 682 932 τοῖσδε
706 885 810 931 ἄντ’
842 890 1050 930 ἐκείνων
1080 887 1356 952 ἐπέτρεπεν.
1397 890 1583 927 Plutarch.
1615 892 1653 927 in

212 951 353 990 Sertor.
379 963 414 988 c.
434 955 492 990 25.
517 941 586 988 Ἐν
612 942 653 988 δ’
670 941 820 1014 Ἰβηρίᾳ
847 949 925 987 τῶν
942 960 1031 997 περι
1049 941 1273 998 Σερτώριον
1292 945 1564 996 συγκλητικῶν
1586 959 1655 984 και

211 1004 417 1070 ἰσοτίμων,
447 999 499 1052 ὦς
516 1006 694 1070 π’ρῶτον
691 1003 745 1052 εἰς
763 998 980 1072 ἀντίπαλον
998 1000 1137 1041 ἐλπίδα
1153 999 1415 1052 κατέστησαν,
1446 998 1655 1048 ἐπανέντος

211 1062 281 1100 τοῦ
306 1055 458 1112 φόβου,
488 1056 646 1112 φθόνος
667 1072 810 1111 ηπτετο
838 1074 906 1099 και
934 1060 1046 1124 ζῆλος
1067 1051 1232 1109 ἆνόητος
1251 1056 1321 1106 τῆς
1350 1055 1502 1096 ἐκείνου
1530 1053 1654 1096 δυνά-

209 1130 320 1167 μεως.
352 1113 493 1182 Ἐνῆγε
520 1115 563 1156 δὲ
590 1115 820 1169 Περπέννας
840 1109 893 1155 δι’
921 1109 1120 1180 εὐγένειαν
1150 1110 1402 1177 ἐπαιρόμενος
1430 1108 1654 1164 φρονήματι

211 1174 316 1237 κενῷ
333 1166 431 1224 πρὸς
450 1168 523 1225 τὴν
543 1167 782 1225 ἡγεμονίαν,
813 1170 897 1212 καὶ
920 1174 1096 1237 λογους
1114 1163 1404 1221 μοχθηρους
1424 1169 1653 1209 διεδίδου

212 1243 382 1280 κρυφα
404 1232 510 1277 τοῖς
532 1227 848 1280 ἐπιτηδείοις.
893 1231 986 1267 Hine
1008 1230 1040 1266 si
1062 1231 1145 1276 quis
1167 1230 1381 1276 Perpernae
1402 1230 1517 1264 verba
1538 1229 1654 1276 Frag-

212 1292 334 1323 mento
356 1287 584 1325 Sallustiano
605 1288 785 1324 contineri
807 1291 980 1331 censeat,
1009 1298 1085 1324 uon
1103 1296 1331 1332 magnopere
1354 1286 1588 1332 repugnabo.

323 1344 382 1379 Fr.
404 1347 441 1383 3.
492 1342 607 1392 [Cort.
627 1355 664 1390 p.
686 1345 769 1382 979.
801 1345 897 1380 Gerl.
931 1342 991 1379 ed.
1014 1343 1102 1378 mai.
1125 1342 1185 1385 111,
1204 1344 1264 1380 43.
1296 1341 1357 1377 ed.
1387 1343 1476 1376 min.
1504 1341 1564 1385 ΙΙΙ,
1594 1345 1652 1380 19.

212 1411 250 1446 p.
270 1402 353 1444 216,
373 1402 430 1438 19.
459 1400 570 1437 Debr.
592 1401 657 1444 IV,
678 1397 756 1449 24]
806 1399 915 1437 Serv.
946 1399 996 1435 ad
1015 1399 1122 1445 Virg.
1144 1398 1239 1433 Aen.
1269 1398 1296 1443 I,
1317 1400 1399 1436 702.
1413 1426 1422 1441 ,
1458 1398 1538 1433 sine
1570 1399 1653 1434 libri

212 1460 299 1491 nota
308 1465 319 1499 ;
348 1460 574 1502 postremam
602 1456 630 1492 F
632 1457 813 1503 ragmenti
840 1461 983 1503 partem
1014 1455 1126 1499 (alter
1144 1474 1199 1479 ——
1218 1454 1472 1500 Perpernam)
1509 1454 1652 1491 Nonius

212 1522 360 1558 quoque
378 1512 491 1548 habet
510 1513 574 1557 IV,
590 1516 671 1551 125.
693 1524 731 1559 p.
750 1515 831 1557 281,
846 1516 904 1551 31.
923 1513 1062 1555 Mero„
1084 1515 1121 1546 et
1139 1521 1188 1546 ex
1206 1511 1267 1547 lib.
1290 1512 1392 1546 terito
1412 1509 1551 1546 laudat.
1590 1510 1653 1547 Ad

216 1567 372 1604 caedem
396 1567 551 1605 Sertorii
577 1568 671 1604 haec
700 1570 815 1605 verba
834 1573 1005 1616 spectare
1025 1568 1119 1604 inter
1147 1578 1279 1603 omnes
1303 1566 1469 1602 editores
1490 1571 1650 1603 constat.

213 1623 263 1659 cf.
283 1623 379 1659 Vell.
400 1624 454 1670 11,
477 1628 543 1668 30,
565 1628 598 1661 1.
623 1624 714 1661 Tum
737 1624 793 1660 M.
820 1625 1017 1672 Perperna
1030 1624 1248 1671 praetorius
1275 1633 1295 1659 e
1313 1624 1538 1670 proscriptis
1562 1622 1651 1659 Ser-

212 1681 342 1716 torium
369 1652 496 1717 inter
514 1690 703 1717 coenam
726 1680 872 1717 Oscae
899 1681 1155 1717 interemit.
1204 1679 1367 1726 Appian.
1388 1679 1441 1714 Β.
1459 1679 1498 1715 C
1521 1680 1547 1723 1,
1570 1683 1651 1724 113,

211 1738 306 1771 extr.
332 1736 517 1773 Plutarch.
544 1737 579 1772 in
601 1736 743 1774 Sertor.
764 1749 798 1773 e.
817 1741 876 1776 26.
897 1727 991 1784 ”Εφ
1010 1728 1069 1780 οἷς
1087 1739 1159 1781 (se.
1180 1735 1266 1771 ficto
1287 1735 1422 1772 nuncio
1444 1735 1491 1771 de
1514 1746 1653 1783 magna

213 1803 364 1828 suorum
384 1791 558 1842 victoria)
584 1792 654 1829 τοῦ
671 1791 893 1843 Σερτωρίου
911 1790 1144 1856 περιχαροῦς
1170 1803 1282 1836 οντος
1301 1787 1369 1828 καὶ
1387 1784 1560 1835 θύοντος
1586 1803 1652 1828 ευ-

212 1843 394 1897 αγγέλια,
429 1844 722 1913 Περπέννας
750 1845 974 1886 ἑστίασιν
1002 1841 1139 1899 αὐτῶ
1170 1843 1255 1883 καὶ
1284 1847 1387 1891 τοῖς
1421 1846 1652 1895 παροῦσι

213 1899 379 1950 φίλοις
406 1892 573 1947 (οὗτοι
595 1899 648 1940 δὲ
673 1893 797 1953 ἦσαν
823 1903 905 1952 τῆς
931 1900 1269 1951 συνωμοσίας)
1298 1898 1650 1966 ἐπηγγέλλετο,

215 1953 283 1994 καὶ
310 1950 438 1995 πολλὰ
469 1953 686 2020 λιπαρήσας
713 1956 863 1996 ἔπεισεν
887 1955 1031 1997 ἐλθεῖν.
1061 1979 1119 1985 —
1138 1977 1192 1983 -
1212 1979 1268 1985 —-
1300 1950 1406 1995 Ἐπεὶ
1431 1954 1477 1995 δὲ
1498 1949 1521 1995 ὃ
1542 1958 1651 2009 Περ-

214 2009 358 2058 πέννας
385 2010 533 2062 φιάλην
560 2027 650 2052 τινα
676 2006 813 2064 λαβων
840 2005 1015 2078 ἀκράτου
1034 2011 1103 2052 καὶ
1120 2005 1262 2077 μεταξυ
1280 2012 1408 2052 πίνων
1428 2006 1587 2077 ,ἐφῆκεν
1605 2011 1651 2052 ἐκ

215 2067 294 2106 τῶν
322 2069 460 2134 χειρῶν
488 2082 554 2107 και
582 2063 719 2119 ψόφον
742 2063 989 2120 ἐποίησεν,”
966 2082 1062 2139 οπερ
1080 2059 1282 2120 ἦναυτοῖς
1306 2063 1523 2133 συμβολον,
1551 2061 1652 2108 Ἀν-

215 2137 387 2169 τωνιος
423 2118 907 2190 ὑπερκατακείμενος
938 2125 1044 2167 παίει
1088 2126 1142 2178 τῷ
1174 2124 1278 2174 ξίφει
1311 2139 1381 2164 τον
1412 2121 1647 2178 Σερτωριον.

212 2171 558 2245 Ἀναστρέψαντος
572 2178 615 2220 δὲ
634 2194 732 2233 προς
748 2175 822 2233 τὴν
839 2175 995 2246 πληγὴν
1016 2179 1167 2221 ἐκείνου
1187 2179 1255 2219 καὶ
1273 2180 1649 2246 συνεξανισταμένου

213 2229 432 2299 περιπεσὼν
448 2235 503 2283 εἰς
520 2230 564 2276 τὸ
582 2237 743 2288 στῆθος
742 2235 932 2304 κατέλαβε
950 2231 1019 2285 τὰς
1035 2240 1165 2290 χεῖρας
1183 2229 1416 2290 ἆμφοτέρας,
1436 2232 1533 2277 ὥστε
1550 2235 1650 2289 μηδὲ

215 2283 462 2340 ἀμυνόμενον
478 2294 635 2332 πολλόν
659 2288 858 2345 παιόντων
885 2287 1120 2334 ἀποθανεῖν.
1149 2316 1206 2322 —
1238 2296 1288 2333 In
1306 2297 1442 2342 medio,
1474 2308 1529 2333 sc.
1551 2298 1647 2333 lecto

217 2349 385 2391 triclinii,
414 2351 521 2386 euius
540 2362 563 2387 a
583 2352 698 2388 latere
718 2343 868 2388 sinistro
890 2354 957 2389 suit
975 2355 1093 2390 lectus
1109 2363 1291 2399 mnus,
1320 2364 1342 2388 a
1369 2354 1483 2390 latere
1515 2353 1646 2389 dextro

215 2405 332 2441 lectus
356 2407 462 2442 imus.
499 2406 553 2447 De
573 2407 749 2444 universa
769 2409 916 2446 triclinii
934 2410 1079 2446 ratione
1098 2410 1146 2446 cf.
1162 2409 1330 2456 Rupertii
1344 2409 1537 2456 Antiquitt.
1554 2420 1646 2445 rom.

215 2460 301 2496 Vol.
323 2462 351 2497 I.
384 2473 420 2508 p.
439 2464 508 2500 365
529 2473 584 2509 sq.
614 2467 651 2498 et
676 2463 834 2500 Beckeri
862 2465 1025 2511 Gallum,
1060 2467 1147 2502 Vol.
1177 2466 1235 2501 111.
1263 2477 1303 2512 p.
1322 2468 1406 2505 209.
1435 2465 1496 2501 ed.
1517 2466 1562 2502 11.
1590 2486 1648 2491 —

215 2516 260 2552 L.
280 2517 418 2554 Fabius
436 2517 693 2565 Hispaniensis
719 2525 755 2556 et
783 2519 826 2565 Q.
849 2521 1059 2569 Tarquitius
1084 2526 1305 2569 quaestores
1334 2523 1438 2558 fuere
1466 2520 1507 2558 C.
1533 2522 1645 2558 Annii

217 2573 326 2608 Lusci
348 2585 382 2609 a.
401 2577 459 2612 81.
483 2585 516 2609 a.
540 2573 625 2615 Chr.
648 2586 670 2610 a
690 2574 794 2612 Sulla
814 2589 898 2613 cum
922 2579 1180 2625 proconsulari
1205 2582 1388 2625 potestate
1408 2582 1538 2614 contra
1559 2577 1645 2614 Ser-

216 2629 347 2665 torium
368 2631 491 2673 missi,
523 2634 562 2666 ut
581 2635 682 2677 patet
707 2642 755 2668 ex
783 2635 942 2670 nummis
971 2635 1152 2681 antiquis,
1181 2634 1314 2680 quibus
1334 2635 1445 2670 etiam
1469 2635 1650 2681 Tar-quilii

214 2695 349 2720 nomen
370 2690 510 2722 certum
529 2688 760 2732 praestatur,
792 2689 892 2734 apud
912 2689 1084 2727 Servium
1111 2701 1230 2737 aeque
1251 2701 1295 2726 ae
1310 2691 1469 2727 Nonium
1489 2692 1528 2726 in
1547 2690 1643 2726 Tar—

212 2741 370 2786 quinium
390 2747 625 2789 eorruptum3
657 2754 693 2778 v.
718 2743 873 2780 Eekhel.
895 2745 938 2781 D.
963 2747 1007 2782 N.
1028 2746 1114 2783 Vol.
1135 2747 1182 2780 V.
1207 2757 1246 2793 p.
1269 2749 1347 2785 134.
1378 2751 1414 2782 et
1440 2745 1643 2783 Drumanni
