1774 3002
0 0 11 185 i
166 105 171 109 .
514 143 845 182 ms‘romAauM
871 142 1184 183 FRAGMENTA.
1242 142 1330 179 Lm.
1361 141 1421 178 ιη.
1591 133 1678 183 257

236 270 607 330 menagm'ne..
642 281 895 328 pavensse
929 282 1092 315 ...m
1127 266 1248 326 dupli
1281 268 1549 312 ...tumas

197 363 221 398 9
234 366 298 412 ga
333 387 344 397 .
381 387 394 401 .
435 351 553 398 Post
579 350 747 412 aliquot
789 352 884 398 dios
921 354 1074 398 contra
1110 364 1277 396 morem
1321 347 1483 394 fiducia
1520 344 1677 407 augeri

183 434 399 481 louostris
421 433 566 494 coepit
590 437 635 480 et
662 433 803 494 promi
830 434 994 495 lingua.
1032 433 1130 489 Qua
1148 431 1360 479 Vatinius
1379 433 1535 476 contra
1567 443 1679 490 spe-

236 593 474 638 existimavit,
495 604 607 640 quum
627 594 851 630 vocabulum
869 595 1050 630 sociorum
1072 595 1228 629 lacunae
1246 591 1407 639 spatium
1424 601 1498 626 non
1515 592 1678 638 expleat,

236 654 274 685 et
293 650 410 686 verba
428 651 645 697 propinqua
677 650 759 686 loca
786 650 879 686 illud
898 649 1105 694 excedant,
1135 660 1256 696 neque
1283 647 1478 695 probabile
1502 648 1551 684 sit
1562 648 1679 684 'Vari-

203 726 219 731 Α
238 705 339 743 nium
371 706 536 753 integras
566 706 754 742 sociorum
782 707 882 750 alas,
911 707 943 742 si
972 706 1124 753 quidem
1153 706 1281 742 habuit
1300 706 1336 740 in
1358 704 1526 741 exercitu
1544 707 1677 753 raptim

237 762 470 808 conscripto,
507 763 739 809 exploratum
768 763 935 799 misisse.
981 761 1183 799 KREYSS.
1222 782 1276 786 -—
1318 762 1408 797 Post
1435 762 1680 809 explorarem

237 817 328 864 quid
349 817 546 864 exciderit,
564 819 768 855 etiamnum
784 819 876 855 nihil
901 820 1050 866 reperio
1070 819 1219 863 melius,
1234 829 1345 865 quam
1365 816 1467 864 quod
1488 818 1576 855 olim
1589 830 1678 856 con-

237 874 309 910 ieci
332 873 524 922 thyinum,
557 875 782 923 Kreyssigio
812 886 960 923 quoque
988 886 1063 911 non
1091 876 1360 922 improbatum,
1389 874 1460 910 nisi
1492 874 1677 912 dubitaret

238 931 349 966 latine
370 930 446 967 diei
464 942 581 978 posse
599 931 719 968 hostes
737 933 955 979 explorare.
991 931 1071 969 Sed
1093 943 1205 978 quum
1225 931 1429 978 eaplorare
1452 932 1676 978 saepissime

238 987 409 1023 absolute
436 982 599 1034 positum
622 988 808 1035 significet
837 998 966 1025 rerum
990 992 1107 1024 staats
1133 992 1170 1024 et
1192 988 1415 1024 condicionis
1440 990 1676 1035 manitionem

234 1046 379 1090 petere,
410 1043 728 1090 quemadmodum
758 1045 905 1081 obiecto
934 1043 1064 1081 addito
1085 1043 1286 1081 Sallustius
1307 1043 1401 1080 dixit
1420 1044 1501 1092 lug.
1520 1044 1674 1090 XXXV,

236 1103 272 1136 5.
309 1097 499 1135 Itinera
523 1109 839 1148 eyressusque
863 1102 960 1146 eius,
983 1104 1173 1148 postremo
1204 1101 1310 1137 loca
1329 1104 1439 1147 atque
1458 1105 1675 1148 tempora

236 1158 370 1191 cimela
389 1156 575 1203 explorat,
597 1158 659 1193 vel
680 1156 810 1193 Cicero
832 1169 871 1204 p.
893 1159 917 1193 l.
943 1158 1042 1194 Man.
1066 1161 1122 1202 12,
1141 1159 1203 1196 34.
1242 1156 1439 1204 Pompeius
1456 1157 1674 1204 Africam

236 1212 536 1258 exploravit,
564 1214 619 1249 sic
650 1214 762 1249 etiam
788 1213 1021 1262 fuyitivos
1052 1215 1320 1261 explorare
1345 1213 1419 1249 dici
1438 1215 1571 1261 potuit,
1591 1216 1616 1252 i.
1639 1227 1674 1251 e.

238 1268 450 1313 explorare,
470 1269 532 1305 ubi
554 1270 702 1316 fugitivi
722 1275 852 1306 essent
870 1275 933 1306 aut
954 1281 1027 1317 quo
1048 1271 1240 1307 abiissent.

348 1326 383 1365 s.
402 1326 439 1361 8.
452 1335 622 1372 propere
638 1327 786 1373 vestigia
805 1322 965 1375 secutos)
1005 1326 1109 1371 Quae
1130 1331 1348 1373 sequuntur,
1371 1328 1515 1364 lacunis
1538 1329 1673 1375 quovis

236 1389 352 1415 versu
370 1381 617 1427 auctioribus,
638 1382 689 1418 ita
707 1386 922 1429 comparata
941 1388 1045 1427 sunt,
1078 1387 1115 1418 ut
1134 1384 1235 1419 nullo
1258 1387 1383 1429 pacto,
1405 1394 1501 1430 quae
1524 1385 1675 1421 excide—

237 1438 342 1479 runt,
370 1437 538 1482 suppleri
562 1438 722 1483 possint.
765 1438 894 1475 Verba
920 1439 1008 1481 cod.
1035 1439 1123 1474 Vat.
1152 1438 1509 1476 PROPEREUESTI
1526 1467 1672 1478 .......

236 1490 480 1539 Kreyssigius
500 1494 668 1540 explevit
677 1504 846 1542 propere
865 1497 1038 1542 vestigia
1060 1499 1271 1532 secutos:
1295 1516 1342 1522 —
1366 1497 1488 1533 Maius
1507 1508 1675 1546 propere

237 1547 508 1594 vettiyarent
530 1549 778 1597 fuqitivos.
805 1571 862 1577 —
890 1551 977 1588 Toto
1010 1555 1130 1588 tamen
1150 1553 1295 1600 ayonim
1312 1552 1558 1601 Kreyssigius
1578 1556 1673 1591 eruit

237 1613 285 1638 ex
311 1603 398 1640 cod.
429 1604 515 1640 Vat.
542 1607 714 1654 vestigiis
747 1634 756 1643 .
775 1633 785 1641 .
807 1607 1128 1644 TOTAMENAG.
1144 1618 1243 1652 ....;
1272 1608 1499 1646 Niebuhrius
1530 1611 1674 1659 legerat

237 1684 314 1697 ....
337 1659 603 1699 OLAMENAG
694 1673 727 1707 .;
748 1663 949 1700 Bimardus
1062 1664 1330 1701 OTAMENAG
1354 1693 1385 1701 ..
1398 1692 1432 1702 ..
1452 1667 1672 1704 Gerlaehius

235 1714 323 1751 Vol.
342 1715 399 1752 111.
421 1727 460 1763 p.
481 1720 564 1757 391.
584 1720 743 1755 coniecit
764 1720 841 1756 loco
860 1721 1238 1757 consedisseocculto.
1262 1744 1319 1749 —
1339 1721 1470 1758 Cetera
1491 1723 1528 1758 in
1546 1725 1672 1761 tabula

236 1769 323 1806 cod.
349 1772 435 1809 Vat.
463 1773 736 1822 lithographica
762 1776 1017 1822 inspiciantur.
1059 1777 1169 1822 Quod
1198 1777 1247 1813 ad
1278 1779 1499 1814 sententiam
1530 1781 1670 1824 attinet,

237 1837 332 1872 quae
359 1827 431 1864 hoc
461 1830 640 1881 lacunoso
671 1832 755 1867 loco
784 1833 1055 1877 continebatur,
1086 1834 1260 1880 quoniam
1288 1838 1324 1876 s.
1346 1838 1380 1873 9.
1401 1840 1436 1870 et
1460 1846 1542 1882 sqq.
1564 1837 1673 1872 Vari-

237 1883 338 1919 nium
365 1884 532 1931 fugitivis
559 1897 688 1923 rursus
716 1889 914 1924 instantem
942 1889 1137 1934 videmus,
1170 1894 1326 1936 apparet
1352 1890 1567 1928 Sallustium
1589 1903 1673 1928 nar-

237 1947 343 1974 rasse
363 1939 576 1987 Vatinium,
597 1943 636 1978 in
654 1953 792 1989 magno
811 1943 934 1980 adhuc
959 1946 1091 1981 timore
1108 1950 1336 1988 versantem,
1357 1957 1470 1993 quum
1492 1948 1671 1994 fugitivos

237 1994 335 2030 clam
355 1995 494 2031 abiisse
509 1999 763 2046 cognovisset,
778 2010 845 2036 eos
860 2004 982 2036 tamen
1003 2001 1208 2037 insecutum
1224 2013 1324 2048 esse,
1340 2014 1385 2038 ac
1401 2014 1532 2040 rursus
1548 2009 1672 2041 castra

238 2053 367 2087 contra
384 2053 576 2098 posuisse.

349 2110 384 2150 S.
401 2110 440 2145 9.
478 2107 568 2144 Post
595 2110 731 2158 aliquot
754 2111 850 2156 dies)
880 2111 973 2149 Cod.
997 2114 1082 2150 Vat.
1180 2115 1328 2162 aliquod
1346 2116 1445 2159 dies,
1472 2115 1573 2163 quod
1594 2117 1669 2152 iam

237 2159 365 2198 Dousa
383 2163 610 2201 emendavit.
649 2166 854 2204 Librarium
874 2169 1006 2206 eadem
1032 2171 1241 2215 oscitantia,
1262 2183 1336 2218 qua
1350 2175 1384 2214 S.
1401 2174 1437 2211 7.
1451 2172 1505 2208 ad
1519 2172 1670 2219 scripsit

237 2227 306 2263 pro
328 2222 386 2262 at,
416 2218 477 2255 hic
496 2220 644 2268 aliquod
662 2233 843 2260 exarasse
859 2236 929 2272 pro
948 2227 1086 2273 aliquot
1102 2228 1139 2263 in
1157 2231 1331 2274 'promptu
1349 2233 1419 2265 est.
1440 2247 1496 2253 —
1512 2229 1584 2265 Pro
1603 2240 1670 2265 au·

233 2274 316 2318 qen·
330 2276 466 2310 nostr-is
486 2275 683 2314 Bimardus
702 2279 837 2317 vitiose
858 2281 970 2318 habet
984 2283 1259 2320 AUGERINUS
1274 2284 1404 2328 TRlS;
1428 2284 1527 2320 idem
1548 2285 1670 2321 statim

235 2333 323 2374 post
341 2329 402 2365 ET
420 2330 569 2368 PROMI
589 2334 745 2380 LINGU,
765 2337 853 2383 quia
871 2338 909 2374 in
928 2338 1014 2374 cod.
1039 2340 1075 2376 A
1096 2341 1219 2376 littera
1238 2351 1323 2376 cum
1337 2341 1368 2377 U
1384 2341 1421 2376 in
1444 2351 1556 2376 unam
1576 2341 1670 2388 figu—

237 2394 316 2421 ram
338 2386 488 2422 coaluit.
508 2404 562 2411 -
581 2388 760 2428 Pr0mere
785 2393 945 2441 linquam
964 2396 1237 2442 explicavimus
1257 2396 1306 2432 ad
1333 2397 1411 2445 lug.
1433 2408 1467 2433 e.
1486 2396 1613 2442 XLIV,
1635 2402 1670 2436 1.

346 2499 380 2539 S.
404 2501 460 2535 10.
502 2497 674 2546 Ιηεαιιτε)
706 2502 799 2540 eod.
825 2505 910 2541 Vat.
938 2506 1197 2555 INCAUTAE,
1226 2520 1299 2555 quo
1335 2509 1448 2546 modo
1483 2510 1668 2548 interdum

234 2556 409 2597 peccatur
441 2565 463 2590 a
489 2555 665 2595 librariis.
705 2558 875 2598 Correxit
900 2561 1037 2601 Dousa.
1064 2585 1123 2592 —
1157 2564 1453 2612 Ιηοοφιίίοεᾳιιε,
1488 2578 1558 2613 pro
1594 2579 1668 2614 quo

235 2606 434 2645 Bimardus
460 2609 573 2649 habet
600 2611 920 2662 lNcoGNlTOQ.‚
953 2619 1140 2666 signifieat
1158 2622 1223 2667 qui
1245 2621 1374 2667 quales
1399 2621 1523 2668 suun-i
1536 2628 1667 2667 essent,

234 2663 393 2700 nondum
415 2672 651 2715 coquom-at,
682 2670 763 2707 sive
781 2673 942 2710 nondum:
961 2675 1150 2721 probatos.
1167 2695 1226 2702 —
1244 2676 1444 2713 Perculsos
1462 2689 1572 2725 quam
1591 2680 1667 2714 vim

235 2716 371 2760 habeat
397 2723 536 2769 patebit
563 2735 611 2762 ex
634 2728 818 2765 annotatis
840 2727 890 2765 ad
909 2728 1014 2766 Catil.
1038 2741 1072 2768 c.
1096 2730 1156 2776 VI,
1179 2734 1215 2769 4.
1236 2742 1274 2778 p.
1294 2735 1353 2771 34.
1374 2751 1423 2759 —-
1455 2733 1592 2770 Tamen
1610 2745 1664 2770 re-

291 2800 455 2826 sumsrr
483 2803 619 2829 ruffin.
1340 2796 1392 2840 17
