<?xml version="1.0" encoding="UTF-8"?>
<!DOCTYPE html PUBLIC "-//W3C//DTD XHTML 1.0 Transitional//EN"
    "http://www.w3.org/TR/xhtml1/DTD/xhtml1-transitional.dtd">
<html xmlns="http://www.w3.org/1999/xhtml" xml:lang="en" lang="en">
 <head>
  <title>
</title>
<meta http-equiv="Content-Type" content="text/html;charset=utf-8" />
  <meta name='ocr-system' content='tesseract 3.04.00' />
  <meta name='ocr-capabilities' content='ocr_page ocr_carea ocr_par ocr_line ocrx_word'/>
</head>
<body>
  <div class='ocr_page' id='page_1' title='image "./operaquaesupersu03salluoft_0145.png"; bbox 0 0 1774 3002; ppageno 0'>
   <div class='ocr_carea' id='block_1_1' title="bbox 0 0 212 338">
    <p class='ocr_par' dir='ltr' id='par_1_1' title="bbox 0 0 212 338">
     <span class='ocr_line' id='line_1_1' title="bbox 0 0 212 338; baseline 0 2664"><span class='ocrx_word' id='word_1_1' title='bbox 0 0 212 338; x_wconf 95' lang='lat' dir='ltr'><strong> </strong></span> 
     </span>
    </p>
   </div>
   <div class='ocr_carea' id='block_1_2' title="bbox 0 1395 22 1535">
    <p class='ocr_par' dir='ltr' id='par_1_2' title="bbox 0 1395 22 1535">
     <span class='ocr_line' id='line_1_2' title="bbox 0 1395 22 1535; textangle 90"><span class='ocrx_word' id='word_1_2' title='bbox 15 1534 18 1535; x_wconf 64' lang='lat'><strong>,</strong></span> <span class='ocrx_word' id='word_1_3' title='bbox 2 1498 14 1515; x_wconf 73' lang='lat'><strong>&#39;&#39;=</strong></span> <span class='ocrx_word' id='word_1_4' title='bbox 0 1395 22 1492; x_wconf 39' lang='lat' dir='ltr'><strong>’&#39;ff-⁴44³&amp;</strong></span> 
     </span>
    </p>
   </div>
   <div class='ocr_carea' id='block_1_3' title="bbox 454 136 1674 201">
    <p class='ocr_par' dir='ltr' id='par_1_3' title="bbox 454 136 1674 201">
     <span class='ocr_line' id='line_1_3' title="bbox 454 136 1674 201; baseline -0.007 0"><span class='ocrx_word' id='word_1_5' title='bbox 454 163 784 201; x_wconf 59' lang='lat' dir='ltr'><strong>ms&#39;romanum</strong></span> <span class='ocrx_word' id='word_1_6' title='bbox 814 159 1128 199; x_wconf 73' lang='lat' dir='ltr'><strong>FRAGMENTA.</strong></span> <span class='ocrx_word' id='word_1_7' title='bbox 1187 159 1274 196; x_wconf 76' lang='lat' dir='ltr'><strong>Lm.</strong></span> <span class='ocrx_word' id='word_1_8' title='bbox 1305 159 1333 194; x_wconf 89' lang='lat'><strong>1.</strong></span> <span class='ocrx_word' id='word_1_9' title='bbox 1561 146 1619 194; x_wconf 77' lang='lat'><strong>95</strong></span> <span class='ocrx_word' id='word_1_10' title='bbox 1669 136 1674 142; x_wconf 77' lang='grc'><strong>’</strong></span> 
     </span>
    </p>
   </div>
   <div class='ocr_carea' id='block_1_4' title="bbox 173 280 1622 582">
    <p class='ocr_par' dir='ltr' id='par_1_4' title="bbox 173 280 1622 582">
     <span class='ocr_line' id='line_1_4' title="bbox 239 280 1621 348; baseline -0.007 -14"><span class='ocrx_word' id='word_1_11' title='bbox 239 315 247 324; x_wconf 50' lang='grc' dir='ltr'><strong><em>ν</em></strong></span> <span class='ocrx_word' id='word_1_12' title='bbox 304 293 378 334; x_wconf 79' lang='grc'><strong>64.</strong></span> <span class='ocrx_word' id='word_1_13' title='bbox 426 287 577 348; x_wconf 81' lang='lat' dir='ltr'><strong>Itaque</strong></span> <span class='ocrx_word' id='word_1_14' title='bbox 595 285 842 340; x_wconf 84' lang='lat' dir='ltr'><strong>SertoriuS,</strong></span> <span class='ocrx_word' id='word_1_15' title='bbox 873 284 960 330; x_wconf 84' lang='lat' dir='ltr'><strong>levi</strong></span> <span class='ocrx_word' id='word_1_16' title='bbox 991 282 1213 343; x_wconf 88' lang='lat' dir='ltr'><strong>praesidio</strong></span> <span class='ocrx_word' id='word_1_17' title='bbox 1241 281 1393 328; x_wconf 80' lang='lat' dir='ltr'><strong>relicto</strong></span> <span class='ocrx_word' id='word_1_18' title='bbox 1424 281 1467 326; x_wconf 91' lang='lat' dir='ltr'><strong>in</strong></span> <span class='ocrx_word' id='word_1_19' title='bbox 1490 280 1621 326; x_wconf 85' lang='lat' dir='ltr'><strong>Mau-</strong></span> 
     </span>
     <span class='ocr_line' id='line_1_5' title="bbox 174 363 1620 426; baseline -0.006 -9"><span class='ocrx_word' id='word_1_20' title='bbox 174 370 363 426; x_wconf 83' lang='lat' dir='ltr'><strong>retania,</strong></span> <span class='ocrx_word' id='word_1_21' title='bbox 400 373 554 416; x_wconf 87' lang='lat' dir='ltr'><strong>nactus</strong></span> <span class='ocrx_word' id='word_1_22' title='bbox 590 371 822 416; x_wconf 83' lang='lat' dir='ltr'>obscuram</span> <span class='ocrx_word' id='word_1_23' title='bbox 866 369 1038 413; x_wconf 85' lang='lat' dir='ltr'><strong>noctem</strong></span> <span class='ocrx_word' id='word_1_24' title='bbox 1073 368 1200 412; x_wconf 84' lang='lat' dir='ltr'><strong>aestu</strong></span> <span class='ocrx_word' id='word_1_25' title='bbox 1242 364 1437 410; x_wconf 88' lang='lat' dir='ltr'><strong>secundo</strong></span> <span class='ocrx_word' id='word_1_26' title='bbox 1473 363 1620 409; x_wconf 82' lang='lat' dir='ltr'><strong>furtim</strong></span> 
     </span>
     <span class='ocr_line' id='line_1_6' title="bbox 174 451 1622 515; baseline -0.005 -16"><span class='ocrx_word' id='word_1_27' title='bbox 174 456 306 515; x_wconf 82' lang='lat' dir='ltr'><strong>atque</strong></span> <span class='ocrx_word' id='word_1_28' title='bbox 349 453 571 499; x_wconf 81' lang='lat' dir='ltr'><strong>celeritate</strong></span> <span class='ocrx_word' id='word_1_29' title='bbox 613 453 756 498; x_wconf 84' lang='lat' dir='ltr'><strong>vitare</strong></span> <span class='ocrx_word' id='word_1_30' title='bbox 800 452 1014 512; x_wconf 88' lang='lat' dir='ltr'><strong>proelium</strong></span> <span class='ocrx_word' id='word_1_31' title='bbox 1060 451 1103 496; x_wconf 85' lang='lat' dir='ltr'><strong>in</strong></span> <span class='ocrx_word' id='word_1_32' title='bbox 1153 454 1438 511; x_wconf 79' lang='lat' dir='ltr'><strong>transgressu</strong></span> <span class='ocrx_word' id='word_1_33' title='bbox 1481 462 1622 493; x_wconf 88' lang='lat' dir='ltr'><strong>cona-</strong></span> 
     </span>
     <span class='ocr_line' id='line_1_7' title="bbox 173 538 360 582; baseline 0.005 -1"><span class='ocrx_word' id='word_1_34' title='bbox 173 543 246 582; x_wconf 85' lang='lat' dir='ltr'><strong>tus</strong></span> <span class='ocrx_word' id='word_1_35' title='bbox 280 538 360 582; x_wconf 85' lang='lat' dir='ltr'><strong>est.</strong></span> 
     </span>
    </p>
   </div>
   <div class='ocr_carea' id='block_1_5' title="bbox 174 672 1630 2694">
    <p class='ocr_par' dir='ltr' id='par_1_5' title="bbox 174 672 1626 1907">
     <span class='ocr_line' id='line_1_8' title="bbox 176 672 1618 725; baseline -0.006 -12"><span class='ocrx_word' id='word_1_36' title='bbox 176 677 285 713; x_wconf 78' lang='lat' dir='ltr'><strong>etiam</strong></span> <span class='ocrx_word' id='word_1_37' title='bbox 306 676 450 725; x_wconf 86' lang='lat' dir='ltr'><strong>Nonius</strong></span> <span class='ocrx_word' id='word_1_38' title='bbox 473 675 535 719; x_wconf 91' lang='lat' dir='ltr'>VI,</span> <span class='ocrx_word' id='word_1_39' title='bbox 555 675 614 712; x_wconf 82' lang='lat'><strong>27.</strong></span> <span class='ocrx_word' id='word_1_40' title='bbox 628 685 675 722; x_wconf 90' lang='lat' dir='ltr'><strong>·p.</strong></span> <span class='ocrx_word' id='word_1_41' title='bbox 697 677 778 719; x_wconf 81' lang='lat'><strong>453,</strong></span> <span class='ocrx_word' id='word_1_42' title='bbox 798 677 834 711; x_wconf 81' lang='lat'><strong>2.</strong></span> <span class='ocrx_word' id='word_1_43' title='bbox 857 674 1017 711; x_wconf 83' lang='lat' dir='ltr'><strong>Mcrcer.</strong></span> <span class='ocrx_word' id='word_1_44' title='bbox 1054 673 1131 709; x_wconf 87' lang='lat' dir='ltr'><strong>Res</strong></span> <span class='ocrx_word' id='word_1_45' title='bbox 1156 674 1239 720; x_wconf 87' lang='lat' dir='ltr'><strong>ipsa</strong></span> <span class='ocrx_word' id='word_1_46' title='bbox 1259 682 1333 707; x_wconf 86' lang='lat' dir='ltr'><strong>non</strong></span> <span class='ocrx_word' id='word_1_47' title='bbox 1355 672 1516 707; x_wconf 87' lang='lat' dir='ltr'><strong>obscura</strong></span> <span class='ocrx_word' id='word_1_48' title='bbox 1540 672 1618 713; x_wconf 91' lang='lat' dir='ltr'><strong>est;</strong></span> 
     </span>
     <span class='ocr_line' id='line_1_9' title="bbox 175 725 1620 775; baseline -0.007 -6"><span class='ocrx_word' id='word_1_49' title='bbox 175 742 262 769; x_wconf 79' lang='lat' dir='ltr'><strong>nam</strong></span> <span class='ocrx_word' id='word_1_50' title='bbox 294 744 342 769; x_wconf 76' lang='lat' dir='ltr'><strong>ex</strong></span> <span class='ocrx_word' id='word_1_51' title='bbox 370 731 563 768; x_wconf 80' lang='lat' dir='ltr'>Plutarcho</span> <span class='ocrx_word' id='word_1_52' title='bbox 592 732 629 766; x_wconf 90' lang='lat' dir='ltr'><strong>in</strong></span> <span class='ocrx_word' id='word_1_53' title='bbox 662 731 803 767; x_wconf 89' lang='lat' dir='ltr'><strong>Sertor.</strong></span> <span class='ocrx_word' id='word_1_54' title='bbox 835 742 867 766; x_wconf 88' lang='lat' dir='ltr'><strong>c.</strong></span> <span class='ocrx_word' id='word_1_55' title='bbox 898 735 953 775; x_wconf 91' lang='grc'><strong>10,</strong></span> <span class='ocrx_word' id='word_1_56' title='bbox 983 731 1063 766; x_wconf 88' lang='lat' dir='ltr'><strong>init.</strong></span> <span class='ocrx_word' id='word_1_57' title='bbox 1096 734 1131 765; x_wconf 87' lang='lat' dir='ltr'><strong>et</strong></span> <span class='ocrx_word' id='word_1_58' title='bbox 1163 741 1194 765; x_wconf 89' lang='lat' dir='ltr'><strong>c.</strong></span> <span class='ocrx_word' id='word_1_59' title='bbox 1215 733 1271 773; x_wconf 90' lang='lat'><strong>11,</strong></span> <span class='ocrx_word' id='word_1_60' title='bbox 1294 729 1371 764; x_wconf 86' lang='lat' dir='ltr'><strong>init.</strong></span> <span class='ocrx_word' id='word_1_61' title='bbox 1405 725 1620 772; x_wconf 79' lang='lat' dir='ltr'>intelligitur</span> 
     </span>
     <span class='ocr_line' id='line_1_10' title="bbox 174 781 1619 833; baseline -0.006 -8"><span class='ocrx_word' id='word_1_62' title='bbox 174 789 270 825; x_wconf 83' lang='lat' dir='ltr'><strong>haec</strong></span> <span class='ocrx_word' id='word_1_63' title='bbox 299 789 348 824; x_wconf 88' lang='lat' dir='ltr'><strong>ad</strong></span> <span class='ocrx_word' id='word_1_64' title='bbox 370 788 526 826; x_wconf 88' lang='lat' dir='ltr'><strong>Sertorii</strong></span> <span class='ocrx_word' id='word_1_65' title='bbox 547 799 594 824; x_wconf 81' lang='lat' dir='ltr'><strong>ex</strong></span> <span class='ocrx_word' id='word_1_66' title='bbox 613 788 846 824; x_wconf 85' lang='lat' dir='ltr'><strong>Mauretania</strong></span> <span class='ocrx_word' id='word_1_67' title='bbox 875 788 911 822; x_wconf 85' lang='lat' dir='ltr'><strong>in</strong></span> <span class='ocrx_word' id='word_1_68' title='bbox 932 787 1161 824; x_wconf 82' lang='lat' dir='ltr'><strong>Lusitaniam</strong></span> <span class='ocrx_word' id='word_1_69' title='bbox 1186 785 1454 833; x_wconf 76' lang='lat' dir='ltr'><strong>profectionem</strong></span> <span class='ocrx_word' id='word_1_70' title='bbox 1475 781 1619 826; x_wconf 82' lang='lat' dir='ltr'><strong>referri,</strong></span> 
     </span>
     <span class='ocr_line' id='line_1_11' title="bbox 175 838 1620 892; baseline -0.005 -11"><span class='ocrx_word' id='word_1_71' title='bbox 175 856 285 892; x_wconf 86' lang='lat' dir='ltr'><strong>quam</strong></span> <span class='ocrx_word' id='word_1_72' title='bbox 307 856 330 881; x_wconf 88' lang='lat' dir='ltr'><strong>a</strong></span> <span class='ocrx_word' id='word_1_73' title='bbox 349 845 534 881; x_wconf 86' lang='lat' dir='ltr'><strong>Lusitanis</strong></span> <span class='ocrx_word' id='word_1_74' title='bbox 554 845 730 880; x_wconf 89' lang='lat' dir='ltr'><strong>invitatus</strong></span> <span class='ocrx_word' id='word_1_75' title='bbox 750 844 899 880; x_wconf 88' lang='lat' dir='ltr'><strong>molitus</strong></span> <span class='ocrx_word' id='word_1_76' title='bbox 920 848 989 880; x_wconf 80' lang='lat' dir='ltr'><strong>est.</strong></span> <span class='ocrx_word' id='word_1_77' title='bbox 1016 864 1073 868; x_wconf 89' lang='lat'><strong>—</strong></span> <span class='ocrx_word' id='word_1_78' title='bbox 1114 844 1183 878; x_wconf 93' lang='lat' dir='ltr'><strong>Pro</strong></span> <span class='ocrx_word' id='word_1_79' title='bbox 1204 841 1333 890; x_wconf 79' lang='lat' dir='ltr'><strong>furtim</strong></span> <span class='ocrx_word' id='word_1_80' title='bbox 1361 845 1500 888; x_wconf 76' lang='lat' dir='ltr'><strong>atque</strong></span> <span class='ocrx_word' id='word_1_81' title='bbox 1526 838 1620 874; x_wconf 79' lang='lat' dir='ltr'><strong>cele-</strong></span> 
     </span>
     <span class='ocr_line' id='line_1_12' title="bbox 174 895 1621 948; baseline -0.005 -11"><span class='ocrx_word' id='word_1_82' title='bbox 174 903 281 938; x_wconf 73' lang='lat' dir='ltr'><strong>rilate</strong></span> <span class='ocrx_word' id='word_1_83' title='bbox 310 902 347 937; x_wconf 91' lang='lat' dir='ltr'><strong>in</strong></span> <span class='ocrx_word' id='word_1_84' title='bbox 374 902 483 938; x_wconf 73' lang='lat' dir='ltr'><strong>Gellii</strong></span> <span class='ocrx_word' id='word_1_85' title='bbox 513 900 625 937; x_wconf 84' lang='lat' dir='ltr'><strong>codd.</strong></span> <span class='ocrx_word' id='word_1_86' title='bbox 659 905 779 937; x_wconf 86' lang='lat' dir='ltr'><strong>exstat</strong></span> <span class='ocrx_word' id='word_1_87' title='bbox 805 900 838 948; x_wconf 82' lang='lat' dir='ltr'><strong>f.</strong></span> <span class='ocrx_word' id='word_1_88' title='bbox 865 904 945 938; x_wconf 79' lang='lat' dir='ltr'><strong>aut</strong></span> <span class='ocrx_word' id='word_1_89' title='bbox 968 895 1057 945; x_wconf 58' lang='lat' dir='ltr'><strong>cel„</strong></span> <span class='ocrx_word' id='word_1_90' title='bbox 1095 899 1196 946; x_wconf 89' lang='lat' dir='ltr'><strong>quod</strong></span> <span class='ocrx_word' id='word_1_91' title='bbox 1231 899 1318 934; x_wconf 78' lang='lat' dir='ltr'><strong>ferri</strong></span> <span class='ocrx_word' id='word_1_92' title='bbox 1346 897 1490 944; x_wconf 88' lang='lat' dir='ltr'><strong>nequit,</strong></span> <span class='ocrx_word' id='word_1_93' title='bbox 1533 895 1621 942; x_wconf 90' lang='lat' dir='ltr'><strong>quia</strong></span> 
     </span>
     <span class='ocr_line' id='line_1_13' title="bbox 175 954 1623 1005; baseline -0.004 -11"><span class='ocrx_word' id='word_1_94' title='bbox 175 962 342 1005; x_wconf 87' lang='lat' dir='ltr'><strong>apertum</strong></span> <span class='ocrx_word' id='word_1_95' title='bbox 372 961 447 1003; x_wconf 90' lang='lat' dir='ltr'><strong>est,</strong></span> <span class='ocrx_word' id='word_1_96' title='bbox 483 956 688 993; x_wconf 88' lang='lat' dir='ltr'><strong>Sertorium</strong></span> <span class='ocrx_word' id='word_1_97' title='bbox 714 961 870 1004; x_wconf 89' lang='lat' dir='ltr'><strong>utroque</strong></span> <span class='ocrx_word' id='word_1_98' title='bbox 900 956 1011 993; x_wconf 90' lang='lat' dir='ltr'><strong>modo</strong></span> <span class='ocrx_word' id='word_1_99' title='bbox 1040 956 1149 992; x_wconf 79' lang='lat' dir='ltr'><strong>simul</strong></span> <span class='ocrx_word' id='word_1_100' title='bbox 1181 955 1366 1003; x_wconf 87' lang='lat' dir='ltr'><strong>proelium</strong></span> <span class='ocrx_word' id='word_1_101' title='bbox 1392 954 1513 990; x_wconf 88' lang='lat' dir='ltr'><strong>vitare</strong></span> <span class='ocrx_word' id='word_1_102' title='bbox 1544 956 1623 988; x_wconf 92' lang='lat' dir='ltr'><strong>stu-</strong></span> 
     </span>
     <span class='ocr_line' id='line_1_14' title="bbox 175 1010 1620 1061; baseline -0.004 -11"><span class='ocrx_word' id='word_1_103' title='bbox 175 1014 326 1060; x_wconf 66' lang='lat' dir='ltr'><strong>duisse:</strong></span> <span class='ocrx_word' id='word_1_104' title='bbox 363 1014 434 1051; x_wconf 84' lang='lat' dir='ltr'><strong>sed</strong></span> <span class='ocrx_word' id='word_1_105' title='bbox 451 1014 563 1061; x_wconf 52' lang='lat' dir='ltr'><strong>‘quod</strong></span> <span class='ocrx_word' id='word_1_106' title='bbox 591 1013 758 1053; x_wconf 88' lang='lat' dir='ltr'><strong>Achilles</strong></span> <span class='ocrx_word' id='word_1_107' title='bbox 788 1011 928 1050; x_wconf 79' lang='lat' dir='ltr'><strong>Statius</strong></span> <span class='ocrx_word' id='word_1_108' title='bbox 964 1013 1125 1050; x_wconf 91' lang='lat' dir='ltr'><strong>coniecit</strong></span> <span class='ocrx_word' id='word_1_109' title='bbox 1150 1011 1280 1060; x_wconf 74' lang='lat' dir='ltr'><strong>furum</strong></span> <span class='ocrx_word' id='word_1_110' title='bbox 1313 1021 1359 1047; x_wconf 86' lang='lat' dir='ltr'><strong>ac</strong></span> <span class='ocrx_word' id='word_1_111' title='bbox 1387 1010 1501 1046; x_wconf 84' lang='lat' dir='ltr'><strong>celeri</strong></span> <span class='ocrx_word' id='word_1_112' title='bbox 1527 1012 1620 1052; x_wconf 81' lang='lat' dir='ltr'><strong>rate,</strong></span> 
     </span>
     <span class='ocr_line' id='line_1_15' title="bbox 175 1060 1626 1111; baseline -0.004 -5"><span class='ocrx_word' id='word_1_113' title='bbox 175 1069 333 1107; x_wconf 65' lang='lat' dir='ltr'><strong>sortasse</strong></span> <span class='ocrx_word' id='word_1_114' title='bbox 357 1069 523 1108; x_wconf 84' lang='lat' dir='ltr'><strong>Sallustii</strong></span> <span class='ocrx_word' id='word_1_115' title='bbox 555 1070 761 1107; x_wconf 88' lang='lat' dir='ltr'><strong>orationem</strong></span> <span class='ocrx_word' id='word_1_116' title='bbox 791 1070 841 1106; x_wconf 87' lang='lat' dir='ltr'><strong>ad</strong></span> <span class='ocrx_word' id='word_1_117' title='bbox 862 1069 993 1106; x_wconf 88' lang='lat' dir='ltr'><strong>Catulli</strong></span> <span class='ocrx_word' id='word_1_118' title='bbox 1022 1080 1177 1106; x_wconf 89' lang='lat' dir='ltr'><strong>versum</strong></span> <span class='ocrx_word' id='word_1_119' title='bbox 1200 1067 1319 1105; x_wconf 87' lang='lat' dir='ltr'><strong>Carm.</strong></span> <span class='ocrx_word' id='word_1_120' title='bbox 1342 1060 1465 1111; x_wconf 82' lang='lat' dir='ltr'>LXIII,</span> <span class='ocrx_word' id='word_1_121' title='bbox 1491 1070 1524 1104; x_wconf 89' lang='lat'><strong>1.</strong></span> <span class='ocrx_word' id='word_1_122' title='bbox 1546 1065 1626 1100; x_wconf 84' lang='lat' dir='ltr'><strong>exi-</strong></span> 
     </span>
     <span class='ocr_line' id='line_1_16' title="bbox 175 1124 1624 1174; baseline -0.003 -12"><span class='ocrx_word' id='word_1_123' title='bbox 175 1137 290 1174; x_wconf 79' lang='lat' dir='ltr'><strong>gens,</strong></span> <span class='ocrx_word' id='word_1_124' title='bbox 327 1127 438 1163; x_wconf 89' lang='lat' dir='ltr'><strong>nimis</strong></span> <span class='ocrx_word' id='word_1_125' title='bbox 468 1138 490 1163; x_wconf 90' lang='lat' dir='ltr'><strong>a</strong></span> <span class='ocrx_word' id='word_1_126' title='bbox 517 1138 610 1163; x_wconf 90' lang='lat' dir='ltr'><strong>vero</strong></span> <span class='ocrx_word' id='word_1_127' title='bbox 649 1126 835 1164; x_wconf 90' lang='lat' dir='ltr'><strong>abhorret.</strong></span> <span class='ocrx_word' id='word_1_128' title='bbox 885 1127 981 1163; x_wconf 85' lang='lat' dir='ltr'><strong>Nam</strong></span> <span class='ocrx_word' id='word_1_129' title='bbox 1008 1130 1046 1162; x_wconf 91' lang='lat' dir='ltr'><strong>ut</strong></span> <span class='ocrx_word' id='word_1_130' title='bbox 1075 1127 1259 1163; x_wconf 80' lang='lat' dir='ltr'><strong>celeritate</strong></span> <span class='ocrx_word' id='word_1_131' title='bbox 1278 1135 1355 1161; x_wconf 83' lang='lat' dir='ltr'><strong>vox</strong></span> <span class='ocrx_word' id='word_1_132' title='bbox 1382 1124 1521 1160; x_wconf 91' lang='lat' dir='ltr'><strong>nullam</strong></span> <span class='ocrx_word' id='word_1_133' title='bbox 1542 1132 1624 1158; x_wconf 91' lang='lat' dir='ltr'><strong>cor-</strong></span> 
     </span>
     <span class='ocr_line' id='line_1_17' title="bbox 174 1182 1623 1232; baseline -0.003 -13"><span class='ocrx_word' id='word_1_134' title='bbox 174 1184 343 1231; x_wconf 83' lang='lat' dir='ltr'><strong>ruptelae</strong></span> <span class='ocrx_word' id='word_1_135' title='bbox 372 1183 629 1232; x_wconf 83' lang='lat' dir='ltr'><strong>suspicionem</strong></span> <span class='ocrx_word' id='word_1_136' title='bbox 655 1185 831 1231; x_wconf 90' lang='lat' dir='ltr'><strong>praebet,</strong></span> <span class='ocrx_word' id='word_1_137' title='bbox 867 1184 916 1219; x_wconf 90' lang='lat' dir='ltr'><strong>ita</strong></span> <span class='ocrx_word' id='word_1_138' title='bbox 945 1194 1065 1230; x_wconf 89' lang='lat' dir='ltr'><strong>neque</strong></span> <span class='ocrx_word' id='word_1_139' title='bbox 1088 1194 1164 1219; x_wconf 82' lang='lat' dir='ltr'><strong>una</strong></span> <span class='ocrx_word' id='word_1_140' title='bbox 1186 1187 1267 1218; x_wconf 80' lang='lat' dir='ltr'><strong>rate</strong></span> <span class='ocrx_word' id='word_1_141' title='bbox 1296 1182 1493 1228; x_wconf 88' lang='lat' dir='ltr'><strong>quisquam</strong></span> <span class='ocrx_word' id='word_1_142' title='bbox 1514 1189 1623 1226; x_wconf 91' lang='lat' dir='ltr'><strong>proe-</strong></span> 
     </span>
     <span class='ocr_line' id='line_1_18' title="bbox 175 1234 1621 1288; baseline -0.004 -13"><span class='ocrx_word' id='word_1_143' title='bbox 175 1240 264 1276; x_wconf 87' lang='lat' dir='ltr'><strong>lium</strong></span> <span class='ocrx_word' id='word_1_144' title='bbox 297 1240 544 1285; x_wconf 82' lang='lat' dir='ltr'><strong>commiserit,</strong></span> <span class='ocrx_word' id='word_1_145' title='bbox 585 1251 707 1286; x_wconf 88' lang='lat' dir='ltr'><strong>neque</strong></span> <span class='ocrx_word' id='word_1_146' title='bbox 740 1241 832 1277; x_wconf 76' lang='lat' dir='ltr'><strong>ratis</strong></span> <span class='ocrx_word' id='word_1_147' title='bbox 863 1240 931 1288; x_wconf 89' lang='lat' dir='ltr'><strong>pro</strong></span> <span class='ocrx_word' id='word_1_148' title='bbox 968 1240 1082 1276; x_wconf 82' lang='lat' dir='ltr'><strong>classi</strong></span> <span class='ocrx_word' id='word_1_149' title='bbox 1115 1239 1188 1275; x_wconf 87' lang='lat' dir='ltr'><strong>dici</strong></span> <span class='ocrx_word' id='word_1_150' title='bbox 1222 1242 1358 1286; x_wconf 85' lang='lat' dir='ltr'><strong>potest.</strong></span> <span class='ocrx_word' id='word_1_151' title='bbox 1415 1236 1524 1281; x_wconf 88' lang='lat' dir='ltr'><strong>Quod</strong></span> <span class='ocrx_word' id='word_1_152' title='bbox 1560 1234 1621 1270; x_wconf 86' lang='lat' dir='ltr'><strong>alii</strong></span> 
     </span>
     <span class='ocr_line' id='line_1_19' title="bbox 175 1291 1623 1344; baseline -0.003 -12"><span class='ocrx_word' id='word_1_153' title='bbox 175 1295 360 1332; x_wconf 88' lang='lat' dir='ltr'><strong>dederunt</strong></span> <span class='ocrx_word' id='word_1_154' title='bbox 385 1296 597 1344; x_wconf 67' lang='lat' dir='ltr'><strong>furtivaque</strong></span> <span class='ocrx_word' id='word_1_155' title='bbox 628 1297 811 1333; x_wconf 75' lang='lat' dir='ltr'><strong>celeritate</strong></span> <span class='ocrx_word' id='word_1_156' title='bbox 838 1297 959 1344; x_wconf 88' lang='lat' dir='ltr'><strong>prima</strong></span> <span class='ocrx_word' id='word_1_157' title='bbox 986 1296 1137 1343; x_wconf 84' lang='lat' dir='ltr'><strong>quidem</strong></span> <span class='ocrx_word' id='word_1_158' title='bbox 1164 1296 1292 1343; x_wconf 91' lang='lat' dir='ltr'><strong>specie</strong></span> <span class='ocrx_word' id='word_1_159' title='bbox 1312 1294 1523 1337; x_wconf 85' lang='lat' dir='ltr'><strong>blanditur,</strong></span> <span class='ocrx_word' id='word_1_160' title='bbox 1554 1291 1623 1328; x_wconf 89' lang='lat' dir='ltr'><strong>sed</strong></span> 
     </span>
     <span class='ocr_line' id='line_1_20' title="bbox 177 1347 1625 1402; baseline -0.003 -14"><span class='ocrx_word' id='word_1_161' title='bbox 177 1353 388 1389; x_wconf 80' lang='lat' dir='ltr'><strong>accuratius</strong></span> <span class='ocrx_word' id='word_1_162' title='bbox 412 1357 618 1402; x_wconf 87' lang='lat' dir='ltr'><strong>spectatum</strong></span> <span class='ocrx_word' id='word_1_163' title='bbox 639 1357 674 1388; x_wconf 89' lang='lat' dir='ltr'><strong>et</strong></span> <span class='ocrx_word' id='word_1_164' title='bbox 694 1354 818 1400; x_wconf 88' lang='lat' dir='ltr'><strong>ipsum</strong></span> <span class='ocrx_word' id='word_1_165' title='bbox 837 1354 1021 1400; x_wconf 89' lang='lat' dir='ltr'><strong>reperitur</strong></span> <span class='ocrx_word' id='word_1_166' title='bbox 1044 1363 1206 1397; x_wconf 82' lang='lat' dir='ltr'><strong>vanum3</strong></span> <span class='ocrx_word' id='word_1_167' title='bbox 1239 1352 1390 1387; x_wconf 88' lang='lat' dir='ltr'><strong>nolebat</strong></span> <span class='ocrx_word' id='word_1_168' title='bbox 1418 1350 1516 1386; x_wconf 90' lang='lat' dir='ltr'><strong>enim</strong></span> <span class='ocrx_word' id='word_1_169' title='bbox 1538 1347 1625 1385; x_wconf 89' lang='lat' dir='ltr'><strong>Ser-</strong></span> 
     </span>
     <span class='ocr_line' id='line_1_21' title="bbox 176 1405 1624 1455; baseline -0.003 -11"><span class='ocrx_word' id='word_1_170' title='bbox 176 1408 290 1444; x_wconf 88' lang='lat' dir='ltr'><strong>torius</strong></span> <span class='ocrx_word' id='word_1_171' title='bbox 319 1410 538 1445; x_wconf 77' lang='lat' dir='ltr'><strong>celeritatem</strong></span> <span class='ocrx_word' id='word_1_172' title='bbox 567 1420 673 1445; x_wconf 89' lang='lat' dir='ltr'><strong>suam</strong></span> <span class='ocrx_word' id='word_1_173' title='bbox 699 1420 773 1446; x_wconf 85' lang='lat' dir='ltr'><strong>non</strong></span> <span class='ocrx_word' id='word_1_174' title='bbox 800 1410 930 1446; x_wconf 79' lang='lat' dir='ltr'><strong>sentiri</strong></span> <span class='ocrx_word' id='word_1_175' title='bbox 958 1409 1039 1444; x_wconf 83' lang='lat' dir='ltr'><strong>sive</strong></span> <span class='ocrx_word' id='word_1_176' title='bbox 1064 1409 1241 1455; x_wconf 78' lang='lat' dir='ltr'><strong>furtivam</strong></span> <span class='ocrx_word' id='word_1_177' title='bbox 1269 1417 1368 1452; x_wconf 83' lang='lat' dir='ltr'><strong>esse,</strong></span> <span class='ocrx_word' id='word_1_178' title='bbox 1403 1406 1472 1444; x_wconf 90' lang='lat' dir='ltr'><strong>sed</strong></span> <span class='ocrx_word' id='word_1_179' title='bbox 1498 1405 1624 1453; x_wconf 89' lang='lat' dir='ltr'><strong>potius</strong></span> 
     </span>
     <span class='ocr_line' id='line_1_22' title="bbox 177 1465 1626 1512; baseline -0.002 -12"><span class='ocrx_word' id='word_1_180' title='bbox 177 1469 539 1512; x_wconf 74' lang='lat' dir='ltr'><strong>transyressum</strong></span> <span class='ocrx_word' id='word_1_181' title='bbox 568 1466 728 1502; x_wconf 83' lang='lat' dir='ltr'><strong>celare</strong></span> <span class='ocrx_word' id='word_1_182' title='bbox 758 1465 879 1502; x_wconf 78' lang='lat' dir='ltr'><strong>hostes</strong></span> <span class='ocrx_word' id='word_1_183' title='bbox 907 1465 1092 1509; x_wconf 68' lang='lat' dir='ltr'><strong>studebat,</strong></span> <span class='ocrx_word' id='word_1_184' title='bbox 1136 1465 1237 1512; x_wconf 89' lang='lat' dir='ltr'><strong>quod</strong></span> <span class='ocrx_word' id='word_1_185' title='bbox 1265 1468 1304 1500; x_wconf 92' lang='lat' dir='ltr'><strong>ut</strong></span> <span class='ocrx_word' id='word_1_186' title='bbox 1332 1465 1626 1510; x_wconf 85' lang='lat' dir='ltr'><strong>consequeretur</strong></span> 
     </span>
     <span class='ocr_line' id='line_1_23' title="bbox 179 1521 1623 1569; baseline -0.001 -13"><span class='ocrx_word' id='word_1_187' title='bbox 179 1521 287 1556; x_wconf 88' lang='lat' dir='ltr'><strong>simul</strong></span> <span class='ocrx_word' id='word_1_188' title='bbox 318 1522 502 1558; x_wconf 79' lang='lat' dir='ltr'><strong>celeritate</strong></span> <span class='ocrx_word' id='word_1_189' title='bbox 527 1531 617 1558; x_wconf 78' lang='lat' dir='ltr'><strong>usus</strong></span> <span class='ocrx_word' id='word_1_190' title='bbox 647 1524 712 1557; x_wconf 75' lang='lat' dir='ltr'><strong>est.</strong></span> <span class='ocrx_word' id='word_1_191' title='bbox 765 1521 886 1566; x_wconf 85' lang='lat' dir='ltr'><strong>Quare</strong></span> <span class='ocrx_word' id='word_1_192' title='bbox 908 1522 1044 1569; x_wconf 86' lang='lat' dir='ltr'><strong>optime</strong></span> <span class='ocrx_word' id='word_1_193' title='bbox 1066 1522 1194 1558; x_wconf 89' lang='lat' dir='ltr'><strong>sensui</strong></span> <span class='ocrx_word' id='word_1_194' title='bbox 1217 1521 1428 1558; x_wconf 88' lang='lat' dir='ltr'><strong>consultum</strong></span> <span class='ocrx_word' id='word_1_195' title='bbox 1448 1522 1623 1566; x_wconf 84' lang='lat' dir='ltr'><strong>putamus</strong></span> 
     </span>
     <span class='ocr_line' id='line_1_24' title="bbox 179 1574 1624 1625; baseline -0.003 -12"><span class='ocrx_word' id='word_1_196' title='bbox 179 1576 290 1613; x_wconf 81' lang='lat' dir='ltr'><strong>Cottii</strong></span> <span class='ocrx_word' id='word_1_197' title='bbox 329 1578 564 1623; x_wconf 86' lang='lat' dir='ltr'><strong>coniectura,</strong></span> <span class='ocrx_word' id='word_1_198' title='bbox 611 1578 672 1624; x_wconf 91' lang='lat' dir='ltr'><strong>qui</strong></span> <span class='ocrx_word' id='word_1_199' title='bbox 706 1578 900 1614; x_wconf 90' lang='lat' dir='ltr'><strong>lenissima</strong></span> <span class='ocrx_word' id='word_1_200' title='bbox 932 1577 1080 1614; x_wconf 89' lang='lat' dir='ltr'><strong>medela</strong></span> <span class='ocrx_word' id='word_1_201' title='bbox 1109 1582 1175 1615; x_wconf 80' lang='lat' dir='ltr'><strong>aut</strong></span> <span class='ocrx_word' id='word_1_202' title='bbox 1204 1579 1242 1614; x_wconf 92' lang='lat' dir='ltr'><strong>in</strong></span> <span class='ocrx_word' id='word_1_203' title='bbox 1274 1581 1382 1625; x_wconf 78' lang='lat' dir='ltr'><strong>atque</strong></span> <span class='ocrx_word' id='word_1_204' title='bbox 1405 1574 1624 1612; x_wconf 90' lang='lat' dir='ltr'><strong>mutandum</strong></span> 
     </span>
     <span class='ocr_line' id='line_1_25' title="bbox 178 1632 1624 1683; baseline -0.002 -14"><span class='ocrx_word' id='word_1_205' title='bbox 178 1633 318 1678; x_wconf 81' lang='lat' dir='ltr'><strong>suasit3</strong></span> <span class='ocrx_word' id='word_1_206' title='bbox 348 1634 573 1681; x_wconf 85' lang='lat' dir='ltr'><strong>saepissime</strong></span> <span class='ocrx_word' id='word_1_207' title='bbox 605 1635 704 1670; x_wconf 91' lang='lat' dir='ltr'><strong>enim</strong></span> <span class='ocrx_word' id='word_1_208' title='bbox 723 1634 795 1671; x_wconf 88' lang='lat' dir='ltr'><strong>hae</strong></span> <span class='ocrx_word' id='word_1_209' title='bbox 816 1635 1052 1683; x_wconf 88' lang='lat' dir='ltr'><strong>particulae</strong></span> <span class='ocrx_word' id='word_1_210' title='bbox 1043 1646 1081 1670; x_wconf 79' lang='lat' dir='ltr'><strong>in</strong></span> <span class='ocrx_word' id='word_1_211' title='bbox 1102 1634 1214 1671; x_wconf 88' lang='lat' dir='ltr'><strong>codd.</strong></span> <span class='ocrx_word' id='word_1_212' title='bbox 1246 1632 1543 1677; x_wconf 74' lang='lat' dir='ltr'><strong>confunduntur3</strong></span> <span class='ocrx_word' id='word_1_213' title='bbox 1575 1632 1624 1667; x_wconf 75' lang='lat' dir='ltr'><strong>cs.</strong></span> 
     </span>
     <span class='ocr_line' id='line_1_26' title="bbox 177 1687 1624 1738; baseline -0.001 -14"><span class='ocrx_word' id='word_1_214' title='bbox 177 1689 226 1725; x_wconf 81' lang='lat' dir='ltr'><strong>ad</strong></span> <span class='ocrx_word' id='word_1_215' title='bbox 253 1689 334 1738; x_wconf 80' lang='lat' dir='ltr'><strong>Iug.</strong></span> <span class='ocrx_word' id='word_1_216' title='bbox 355 1689 533 1737; x_wconf 83' lang='lat' dir='ltr'>LXXXII,</span> <span class='ocrx_word' id='word_1_217' title='bbox 550 1694 587 1728; x_wconf 82' lang='lat'><strong>2.</strong></span> <span class='ocrx_word' id='word_1_218' title='bbox 616 1690 780 1736; x_wconf 85' lang='lat' dir='ltr'>XCVIII,</span> <span class='ocrx_word' id='word_1_219' title='bbox 801 1695 836 1731; x_wconf 88' lang='lat'><strong>6.</strong></span> <span class='ocrx_word' id='word_1_220' title='bbox 868 1691 975 1736; x_wconf 88' lang='lat' dir='ltr'>CXII,</span> <span class='ocrx_word' id='word_1_221' title='bbox 996 1694 1032 1730; x_wconf 84' lang='lat'><strong>3.</strong></span> <span class='ocrx_word' id='word_1_222' title='bbox 1064 1690 1348 1728; x_wconf 86' lang='lat' dir='ltr'><strong>Drakenborch.</strong></span> <span class='ocrx_word' id='word_1_223' title='bbox 1371 1690 1419 1726; x_wconf 85' lang='lat' dir='ltr'><strong>ad</strong></span> <span class='ocrx_word' id='word_1_224' title='bbox 1443 1690 1524 1725; x_wconf 81' lang='lat' dir='ltr'><strong>Liv.</strong></span> <span class='ocrx_word' id='word_1_225' title='bbox 1544 1687 1624 1731; x_wconf 90' lang='lat' dir='ltr'>VII,</span> 
     </span>
     <span class='ocr_line' id='line_1_27' title="bbox 176 1746 1626 1801; baseline -0.002 -18"><span class='ocrx_word' id='word_1_226' title='bbox 176 1747 317 1790; x_wconf 80' lang='lat'><strong>39,14.</strong></span> <span class='ocrx_word' id='word_1_227' title='bbox 341 1765 397 1772; x_wconf 89' lang='lat'><strong>——</strong></span> <span class='ocrx_word' id='word_1_228' title='bbox 431 1746 620 1783; x_wconf 70' lang='lat' dir='ltr'><strong>Proelium</strong></span> <span class='ocrx_word' id='word_1_229' title='bbox 641 1759 696 1783; x_wconf 86' lang='lat' dir='ltr'><strong>se.</strong></span> <span class='ocrx_word' id='word_1_230' title='bbox 726 1759 810 1784; x_wconf 88' lang='lat' dir='ltr'><strong>cum</strong></span> <span class='ocrx_word' id='word_1_231' title='bbox 838 1747 1043 1792; x_wconf 79' lang='lat' dir='ltr'><strong>Romanis3</strong></span> <span class='ocrx_word' id='word_1_232' title='bbox 1073 1759 1158 1784; x_wconf 87' lang='lat' dir='ltr'><strong>nam</strong></span> <span class='ocrx_word' id='word_1_233' title='bbox 1186 1748 1440 1801; x_wconf 83' lang='lat' dir='ltr'><strong>Romanorum</strong></span> <span class='ocrx_word' id='word_1_234' title='bbox 1464 1747 1626 1783; x_wconf 82' lang='lat' dir='ltr'><strong>classem</strong></span> 
     </span>
     <span class='ocr_line' id='line_1_28' title="bbox 178 1801 1625 1866; baseline -0.001 -29"><span class='ocrx_word' id='word_1_235' title='bbox 178 1802 227 1837; x_wconf 80' lang='lat' dir='ltr'><strong>ibi</strong></span> <span class='ocrx_word' id='word_1_236' title='bbox 259 1802 377 1838; x_wconf 75' lang='lat' dir='ltr'><strong>fuisse</strong></span> <span class='ocrx_word' id='word_1_237' title='bbox 414 1813 463 1839; x_wconf 84' lang='lat' dir='ltr'><strong>ex</strong></span> <span class='ocrx_word' id='word_1_238' title='bbox 495 1815 540 1839; x_wconf 92' lang='lat' dir='ltr'><strong>eo</strong></span> <span class='ocrx_word' id='word_1_239' title='bbox 574 1807 697 1851; x_wconf 88' lang='lat' dir='ltr'><strong>patet,</strong></span> <span class='ocrx_word' id='word_1_240' title='bbox 736 1804 837 1851; x_wconf 88' lang='lat' dir='ltr'><strong>quod</strong></span> <span class='ocrx_word' id='word_1_241' title='bbox 873 1803 1062 1841; x_wconf 86' lang='lat' dir='ltr'><strong>Sertorius</strong></span> <span class='ocrx_word' id='word_1_242' title='bbox 1103 1815 1177 1840; x_wconf 93' lang='lat' dir='ltr'><strong>non</strong></span> <span class='ocrx_word' id='word_1_243' title='bbox 1213 1805 1326 1840; x_wconf 92' lang='lat' dir='ltr'><strong>multo</strong></span> <span class='ocrx_word' id='word_1_244' title='bbox 1346 1806 1447 1866; x_wconf 89' lang='lat' dir='ltr'><strong>post</strong></span> <span class='ocrx_word' id='word_1_245' title='bbox 1485 1801 1625 1839; x_wconf 89' lang='lat' dir='ltr'><strong>Cottam</strong></span> 
     </span>
     <span class='ocr_line' id='line_1_29' title="bbox 178 1847 1622 1921; baseline -0.001 -27"><span class='ocrx_word' id='word_1_246' title='bbox 178 1868 307 1920; x_wconf 78' lang='lat' dir='ltr'><strong>pugna</strong></span> <span class='ocrx_word' id='word_1_247' title='bbox 325 1859 453 1895; x_wconf 85' lang='lat' dir='ltr'><strong>navali</strong></span> <span class='ocrx_word' id='word_1_248' title='bbox 474 1859 584 1905; x_wconf 88' lang='lat' dir='ltr'><strong>vieit;</strong></span> <span class='ocrx_word' id='word_1_249' title='bbox 617 1861 664 1896; x_wconf 80' lang='lat' dir='ltr'><strong>cf.</strong></span> <span class='ocrx_word' id='word_1_250' title='bbox 686 1860 872 1897; x_wconf 88' lang='lat' dir='ltr'><strong>Plutarch.</strong></span> <span class='ocrx_word' id='word_1_251' title='bbox 893 1862 931 1896; x_wconf 91' lang='lat' dir='ltr'><strong>in</strong></span> <span class='ocrx_word' id='word_1_252' title='bbox 951 1859 1093 1896; x_wconf 84' lang='lat' dir='ltr'><strong>Sertor.</strong></span> <span class='ocrx_word' id='word_1_253' title='bbox 1116 1872 1148 1896; x_wconf 88' lang='lat' dir='ltr'><strong>c.</strong></span> <span class='ocrx_word' id='word_1_254' title='bbox 1171 1865 1229 1899; x_wconf 81' lang='lat'><strong>12.</strong></span> <span class='ocrx_word' id='word_1_255' title='bbox 1250 1849 1357 1896; x_wconf 77' lang='grc' dir='ltr'><strong>Ἀλλ’</strong></span> <span class='ocrx_word' id='word_1_256' title='bbox 1380 1871 1484 1921; x_wconf 86' lang='grc' dir='ltr'><em>ομως</em></span> <span class='ocrx_word' id='word_1_257' title='bbox 1504 1847 1622 1894; x_wconf 84' lang='grc' dir='ltr'><em>ασθε-</em></span> 
     </span>
    </p>

    <p class='ocr_par' dir='ltr' id='par_1_6' title="bbox 179 1904 1629 2078">
     <span class='ocr_line' id='line_1_30' title="bbox 179 1904 1627 1980; baseline 0 -30"><span class='ocrx_word' id='word_1_258' title='bbox 179 1904 251 1960; x_wconf 81' lang='grc' dir='ltr'><strong>νὴς</strong></span> <span class='ocrx_word' id='word_1_259' title='bbox 270 1906 373 1950; x_wconf 78' lang='grc' dir='ltr'><strong><em>οὕτω</em></strong></span> <span class='ocrx_word' id='word_1_260' title='bbox 395 1910 463 1951; x_wconf 79' lang='grc' dir='ltr'><strong>καὶ</strong></span> <span class='ocrx_word' id='word_1_261' title='bbox 484 1906 626 1978; x_wconf 64' lang='grc' dir='ltr'>μικρὸς</span> <span class='ocrx_word' id='word_1_262' title='bbox 658 1905 936 1980; x_wconf 68' lang='grc' dir='ltr'><strong><em>ἀρξάμενος</em></strong></span> <span class='ocrx_word' id='word_1_263' title='bbox 964 1927 1012 1952; x_wconf 88' lang='grc' dir='ltr'><strong>ου</strong></span> <span class='ocrx_word' id='word_1_264' title='bbox 1040 1911 1165 1979; x_wconf 88' lang='grc' dir='ltr'><strong><em>μόνον</em></strong></span> <span class='ocrx_word' id='word_1_265' title='bbox 1190 1912 1324 1953; x_wconf 77' lang='grc' dir='ltr'><strong><em>ἐθνῶν</em></strong></span> <span class='ocrx_word' id='word_1_266' title='bbox 1352 1907 1539 1977; x_wconf 74' lang='grc' dir='ltr'><strong><em>ἐκράτησε</em></strong></span> <span class='ocrx_word' id='word_1_267' title='bbox 1562 1922 1627 1961; x_wconf 79' lang='grc' dir='ltr'><strong>με·</strong></span> 
     </span>
     <span class='ocr_line' id='line_1_31' title="bbox 179 1961 1629 2022; baseline 0.001 -18"><span class='ocrx_word' id='word_1_268' title='bbox 179 1961 332 2018; x_wconf 79' lang='grc' dir='ltr'>γάλων,</span> <span class='ocrx_word' id='word_1_269' title='bbox 357 1966 425 2006; x_wconf 82' lang='grc' dir='ltr'><strong>καὶ</strong></span> <span class='ocrx_word' id='word_1_270' title='bbox 443 1965 574 2015; x_wconf 80' lang='grc' dir='ltr'>πόλεις</span> <span class='ocrx_word' id='word_1_271' title='bbox 601 1964 677 2007; x_wconf 82' lang='grc' dir='ltr'><em>εἷλε</em></span> <span class='ocrx_word' id='word_1_272' title='bbox 695 1964 865 2019; x_wconf 78' lang='grc' dir='ltr'>πολλὰς,</span> <span class='ocrx_word' id='word_1_273' title='bbox 887 1962 987 2007; x_wconf 78' lang='grc' dir='ltr'><strong><em>ἄλλα</em></strong></span> <span class='ocrx_word' id='word_1_274' title='bbox 1006 1968 1073 2008; x_wconf 82' lang='grc' dir='ltr'><strong>καὶ</strong></span> <span class='ocrx_word' id='word_1_275' title='bbox 1103 1963 1420 2022; x_wconf 67' lang='grc' dir='ltr'>ἀντιστρατήγων</span> <span class='ocrx_word' id='word_1_276' title='bbox 1437 1963 1629 2007; x_wconf 85' lang='grc' dir='ltr'><strong><em>Κότταν</em></strong></span> 
     </span>
     <span class='ocr_line' id='line_1_32' title="bbox 179 2019 1628 2082; baseline 0.001 -22"><span class='ocrx_word' id='word_1_277' title='bbox 179 2019 269 2073; x_wconf 72' lang='grc' dir='ltr'><strong>μὲν</strong></span> <span class='ocrx_word' id='word_1_278' title='bbox 305 2019 356 2060; x_wconf 77' lang='grc' dir='ltr'><strong>ἐν</strong></span> <span class='ocrx_word' id='word_1_279' title='bbox 390 2024 452 2076; x_wconf 77' lang='grc' dir='ltr'><strong>τῷ</strong></span> <span class='ocrx_word' id='word_1_280' title='bbox 482 2022 594 2075; x_wconf 82' lang='grc' dir='ltr'><strong><em>περὶ</em></strong></span> <span class='ocrx_word' id='word_1_281' title='bbox 628 2019 714 2075; x_wconf 80' lang='grc' dir='ltr'><strong>τὴν</strong></span> <span class='ocrx_word' id='word_1_282' title='bbox 739 2024 1036 2078; x_wconf 81' lang='grc' dir='ltr'><strong><em>Μελλαρίαν</em></strong></span> <span class='ocrx_word' id='word_1_283' title='bbox 1070 2027 1278 2082; x_wconf 77' lang='grc' dir='ltr'><strong><em>πορθμῷ</em></strong></span> <span class='ocrx_word' id='word_1_284' title='bbox 1309 2019 1628 2075; x_wconf 75' lang='grc' dir='ltr'><strong><em>κατεναυμά-</em></strong></span> 
     </span>
    </p>

    <p class='ocr_par' dir='ltr' id='par_1_7' title="bbox 180 2078 1628 2360">
     <span class='ocr_line' id='line_1_33' title="bbox 180 2078 1627 2135; baseline 0.001 -19"><span class='ocrx_word' id='word_1_285' title='bbox 180 2087 297 2129; x_wconf 83' lang='grc' dir='ltr'><strong><em>χησε</em></strong></span> <span class='ocrx_word' id='word_1_286' title='bbox 325 2091 363 2120; x_wconf 84' lang='grc' dir='ltr'><strong>κ.</strong></span> <span class='ocrx_word' id='word_1_287' title='bbox 389 2092 422 2116; x_wconf 85' lang='grc' dir='ltr'><strong>τ.</strong></span> <span class='ocrx_word' id='word_1_288' title='bbox 453 2080 486 2117; x_wconf 80' lang='grc' dir='ltr'><strong>λ.</strong></span> <span class='ocrx_word' id='word_1_289' title='bbox 520 2078 599 2118; x_wconf 86' lang='lat' dir='ltr'><strong>Hoc</strong></span> <span class='ocrx_word' id='word_1_290' title='bbox 621 2083 889 2135; x_wconf 85' lang='lat' dir='ltr'><strong>Fragmentum</strong></span> <span class='ocrx_word' id='word_1_291' title='bbox 912 2084 1082 2120; x_wconf 85' lang='lat' dir='ltr'><strong>tractavit</strong></span> <span class='ocrx_word' id='word_1_292' title='bbox 1109 2085 1220 2121; x_wconf 86' lang='lat' dir='ltr'><strong>etiam</strong></span> <span class='ocrx_word' id='word_1_293' title='bbox 1240 2084 1389 2132; x_wconf 89' lang='lat' dir='ltr'><strong>Lipsius</strong></span> <span class='ocrx_word' id='word_1_294' title='bbox 1411 2084 1449 2119; x_wconf 86' lang='lat' dir='ltr'><strong>in</strong></span> <span class='ocrx_word' id='word_1_295' title='bbox 1468 2083 1627 2130; x_wconf 88' lang='lat' dir='ltr'><strong>Epistol.</strong></span> 
     </span>
     <span class='ocr_line' id='line_1_34' title="bbox 182 2137 1627 2188; baseline 0.003 -17"><span class='ocrx_word' id='word_1_296' title='bbox 182 2137 334 2181; x_wconf 82' lang='lat' dir='ltr'><strong>Quaest.</strong></span> <span class='ocrx_word' id='word_1_297' title='bbox 355 2137 419 2182; x_wconf 89' lang='lat' dir='ltr'>IV,</span> <span class='ocrx_word' id='word_1_298' title='bbox 443 2139 501 2175; x_wconf 81' lang='lat'><strong>14.</strong></span> <span class='ocrx_word' id='word_1_299' title='bbox 532 2149 568 2185; x_wconf 88' lang='lat' dir='ltr'><strong>p.</strong></span> <span class='ocrx_word' id='word_1_300' title='bbox 586 2141 655 2177; x_wconf 82' lang='lat'><strong>295</strong></span> <span class='ocrx_word' id='word_1_301' title='bbox 684 2139 764 2185; x_wconf 90' lang='lat' dir='ltr'><strong>(ed.</strong></span> <span class='ocrx_word' id='word_1_302' title='bbox 789 2140 1000 2185; x_wconf 85' lang='lat' dir='ltr'><strong>a.1600)‚·</strong></span> <span class='ocrx_word' id='word_1_303' title='bbox 1026 2139 1095 2176; x_wconf 83' lang='lat' dir='ltr'><strong>sed</strong></span> <span class='ocrx_word' id='word_1_304' title='bbox 1126 2141 1198 2187; x_wconf 88' lang='lat' dir='ltr'><strong>ita,</strong></span> <span class='ocrx_word' id='word_1_305' title='bbox 1237 2145 1276 2177; x_wconf 94' lang='lat' dir='ltr'><strong>ut</strong></span> <span class='ocrx_word' id='word_1_306' title='bbox 1305 2141 1454 2188; x_wconf 84' lang='lat' dir='ltr'><strong>ingenio</strong></span> <span class='ocrx_word' id='word_1_307' title='bbox 1487 2141 1627 2176; x_wconf 83' lang='lat' dir='ltr'><strong>abusus</strong></span> 
     </span>
     <span class='ocr_line' id='line_1_35' title="bbox 183 2192 1627 2259; baseline 0.003 -32"><span class='ocrx_word' id='word_1_308' title='bbox 183 2192 375 2238; x_wconf 83' lang='lat' dir='ltr'><strong>videatur3</strong></span> <span class='ocrx_word' id='word_1_309' title='bbox 406 2203 493 2229; x_wconf 84' lang='lat' dir='ltr'><strong>nam</strong></span> <span class='ocrx_word' id='word_1_310' title='bbox 511 2195 699 2232; x_wconf 86' lang='lat' dir='ltr'><strong>Plutarchi</strong></span> <span class='ocrx_word' id='word_1_311' title='bbox 726 2197 808 2232; x_wconf 89' lang='lat' dir='ltr'><strong>loco</strong></span> <span class='ocrx_word' id='word_1_312' title='bbox 839 2195 1041 2259; x_wconf 85' lang='lat' dir='ltr'><strong>deeeptus,</strong></span> <span class='ocrx_word' id='word_1_313' title='bbox 1073 2197 1194 2261; x_wconf 90' lang='lat' dir='ltr'><strong>quiin</strong></span> <span class='ocrx_word' id='word_1_314' title='bbox 1213 2196 1380 2234; x_wconf 88' lang='lat' dir='ltr'><strong>Sertorio</strong></span> <span class='ocrx_word' id='word_1_315' title='bbox 1402 2209 1434 2233; x_wconf 91' lang='lat' dir='ltr'><strong>c.</strong></span> <span class='ocrx_word' id='word_1_316' title='bbox 1458 2199 1499 2242; x_wconf 89' lang='grc'><strong>7,</strong></span> <span class='ocrx_word' id='word_1_317' title='bbox 1524 2195 1627 2232; x_wconf 88' lang='lat' dir='ltr'><strong>med.</strong></span> 
     </span>
     <span class='ocr_line' id='line_1_36' title="bbox 183 2242 1628 2318; baseline 0.003 -35"><span class='ocrx_word' id='word_1_318' title='bbox 183 2249 276 2284; x_wconf 90' lang='lat' dir='ltr'><strong>haee</strong></span> <span class='ocrx_word' id='word_1_319' title='bbox 295 2250 428 2285; x_wconf 73' lang='lat' dir='ltr'><strong>refert:</strong></span> <span class='ocrx_word' id='word_1_320' title='bbox 457 2244 677 2302; x_wconf 79' lang='grc' dir='ltr'>Σερτώριος</span> <span class='ocrx_word' id='word_1_321' title='bbox 696 2243 771 2288; x_wconf 75' lang='grc' dir='ltr'><strong>οὐκ</strong></span> <span class='ocrx_word' id='word_1_322' title='bbox 794 2264 852 2288; x_wconf 87' lang='grc' dir='ltr'><strong>ων</strong></span> <span class='ocrx_word' id='word_1_323' title='bbox 870 2242 1077 2313; x_wconf 72' lang='grc' dir='ltr'>ἀξιόμαχος</span> <span class='ocrx_word' id='word_1_324' title='bbox 1100 2244 1195 2318; x_wconf 79' lang='grc' dir='ltr'>μετὰ</span> <span class='ocrx_word' id='word_1_325' title='bbox 1211 2250 1432 2304; x_wconf 83' lang='grc' dir='ltr'>τρισχιλίων</span> <span class='ocrx_word' id='word_1_326' title='bbox 1453 2249 1507 2297; x_wconf 83' lang='grc' dir='ltr'><strong>εἷς</strong></span> <span class='ocrx_word' id='word_1_327' title='bbox 1521 2252 1628 2302; x_wconf 82' lang='grc' dir='ltr'><strong><em>Καρ-</em></strong></span> 
     </span>
     <span class='ocr_line' id='line_1_37' title="bbox 182 2296 1630 2372; baseline 0.004 -32"><span class='ocrx_word' id='word_1_328' title='bbox 182 2298 333 2367; x_wconf 78' lang='grc' dir='ltr'><strong><em>χηδόνά</em></strong></span> <span class='ocrx_word' id='word_1_329' title='bbox 354 2296 436 2367; x_wconf 82' lang='grc' dir='ltr'><strong>τὴν</strong></span> <span class='ocrx_word' id='word_1_330' title='bbox 451 2301 549 2342; x_wconf 84' lang='grc' dir='ltr'><strong><em>νέαν</em></strong></span> <span class='ocrx_word' id='word_1_331' title='bbox 576 2299 817 2372; x_wconf 72' lang='grc' dir='ltr'><strong><em>καταφυγὼν</em></strong></span> <span class='ocrx_word' id='word_1_332' title='bbox 836 2298 1028 2372; x_wconf 77' lang='grc' dir='ltr'><strong><em>κᾷκεῐθεν</em></strong></span> <span class='ocrx_word' id='word_1_333' title='bbox 1053 2301 1191 2360; x_wconf 74' lang='grc' dir='ltr'>ἐπιβὰς</span> <span class='ocrx_word' id='word_1_334' title='bbox 1208 2309 1287 2346; x_wconf 84' lang='grc' dir='ltr'><strong>τῶν</strong></span> <span class='ocrx_word' id='word_1_335' title='bbox 1308 2309 1429 2358; x_wconf 79' lang='grc' dir='ltr'><strong><em>νεῶν,</em></strong></span> <span class='ocrx_word' id='word_1_336' title='bbox 1458 2321 1524 2346; x_wconf 85' lang='grc' dir='ltr'><strong>και</strong></span> <span class='ocrx_word' id='word_1_337' title='bbox 1544 2306 1630 2346; x_wconf 80' lang='grc' dir='ltr'>δια·</span> 
     </span>
    </p>

    <p class='ocr_par' dir='ltr' id='par_1_8' title="bbox 182 2351 1628 2527">
     <span class='ocr_line' id='line_1_38' title="bbox 182 2351 1628 2417; baseline 0.003 -21"><span class='ocrx_word' id='word_1_338' title='bbox 182 2368 355 2411; x_wconf 81' lang='grc' dir='ltr'><strong><em>περασας</em></strong></span> <span class='ocrx_word' id='word_1_339' title='bbox 396 2351 439 2397; x_wconf 74' lang='grc' dir='ltr'><strong>τὸ</strong></span> <span class='ocrx_word' id='word_1_340' title='bbox 474 2357 641 2413; x_wconf 81' lang='grc' dir='ltr'><strong><em>πέλαγος</em></strong></span> <span class='ocrx_word' id='word_1_341' title='bbox 671 2356 809 2417; x_wconf 77' lang='grc' dir='ltr'>Λιβύῃ</span> <span class='ocrx_word' id='word_1_342' title='bbox 843 2356 943 2401; x_wconf 74' lang='grc' dir='ltr'><strong><em>κατὰ</em></strong></span> <span class='ocrx_word' id='word_1_343' title='bbox 985 2356 1060 2415; x_wconf 80' lang='grc' dir='ltr'><strong>τὴν</strong></span> <span class='ocrx_word' id='word_1_344' title='bbox 1098 2365 1368 2416; x_wconf 81' lang='grc' dir='ltr'><strong><em>Μαυρουσίαν</em></strong></span> <span class='ocrx_word' id='word_1_345' title='bbox 1410 2361 1628 2417; x_wconf 82' lang='grc' dir='ltr'>προςὲσχεν,</span> 
     </span>
     <span class='ocr_line' id='line_1_39' title="bbox 183 2416 1628 2470; baseline 0.002 -16"><span class='ocrx_word' id='word_1_346' title='bbox 183 2416 351 2454; x_wconf 85' lang='lat' dir='ltr'><strong>Sallustii</strong></span> <span class='ocrx_word' id='word_1_347' title='bbox 380 2419 497 2453; x_wconf 87' lang='lat' dir='ltr'><strong>verba</strong></span> <span class='ocrx_word' id='word_1_348' title='bbox 527 2418 576 2454; x_wconf 86' lang='lat' dir='ltr'><strong>ad</strong></span> <span class='ocrx_word' id='word_1_349' title='bbox 601 2420 759 2466; x_wconf 90' lang='lat' dir='ltr'><strong>primam</strong></span> <span class='ocrx_word' id='word_1_350' title='bbox 780 2420 934 2458; x_wconf 86' lang='lat' dir='ltr'><strong>Sertorii</strong></span> <span class='ocrx_word' id='word_1_351' title='bbox 960 2422 998 2457; x_wconf 91' lang='lat' dir='ltr'><strong>in</strong></span> <span class='ocrx_word' id='word_1_352' title='bbox 1019 2423 1187 2459; x_wconf 81' lang='lat' dir='ltr'><strong>Africam</strong></span> <span class='ocrx_word' id='word_1_353' title='bbox 1214 2424 1512 2470; x_wconf 86' lang='lat' dir='ltr'><strong>navigationem,</strong></span> <span class='ocrx_word' id='word_1_354' title='bbox 1545 2426 1628 2457; x_wconf 86' lang='lat' dir='ltr'><strong>ante</strong></span> 
     </span>
     <span class='ocr_line' id='line_1_40' title="bbox 182 2473 1627 2527; baseline 0.006 -20"><span class='ocrx_word' id='word_1_355' title='bbox 182 2483 349 2520; x_wconf 84' lang='lat' dir='ltr'><strong>pugnam</strong></span> <span class='ocrx_word' id='word_1_356' title='bbox 382 2484 466 2509; x_wconf 89' lang='lat' dir='ltr'><strong>cum</strong></span> <span class='ocrx_word' id='word_1_357' title='bbox 495 2473 618 2510; x_wconf 90' lang='lat' dir='ltr'><strong>Annio</strong></span> <span class='ocrx_word' id='word_1_358' title='bbox 647 2477 802 2521; x_wconf 76' lang='lat' dir='ltr'><strong>factam,</strong></span> <span class='ocrx_word' id='word_1_359' title='bbox 832 2478 964 2523; x_wconf 77' lang='lat' dir='ltr'><strong>refert,</strong></span> <span class='ocrx_word' id='word_1_360' title='bbox 1002 2478 1114 2526; x_wconf 85' lang='lat' dir='ltr'><strong>idque</strong></span> <span class='ocrx_word' id='word_1_361' title='bbox 1148 2484 1184 2515; x_wconf 89' lang='lat' dir='ltr'><strong>ut</strong></span> <span class='ocrx_word' id='word_1_362' title='bbox 1203 2478 1283 2514; x_wconf 91' lang='lat' dir='ltr'><strong>fieri</strong></span> <span class='ocrx_word' id='word_1_363' title='bbox 1312 2479 1453 2527; x_wconf 90' lang='lat' dir='ltr'><strong>possit,</strong></span> <span class='ocrx_word' id='word_1_364' title='bbox 1476 2479 1627 2526; x_wconf 78' lang='lat' dir='ltr'><strong>praesi</strong></span> 
     </span>
    </p>

    <p class='ocr_par' dir='ltr' id='par_1_9' title="bbox 187 2529 1630 2694">
     <span class='ocr_line' id='line_1_41' title="bbox 187 2529 1630 2583; baseline 0.003 -19"><span class='ocrx_word' id='word_1_365' title='bbox 187 2529 286 2565; x_wconf 75' lang='lat' dir='ltr'><strong>diam</strong></span> <span class='ocrx_word' id='word_1_366' title='bbox 313 2530 478 2565; x_wconf 78' lang='lat' dir='ltr'><strong>relictum</strong></span> <span class='ocrx_word' id='word_1_367' title='bbox 505 2531 584 2566; x_wconf 89' lang='lat' dir='ltr'><strong>vult</strong></span> <span class='ocrx_word' id='word_1_368' title='bbox 605 2530 825 2580; x_wconf 80' lang='lat' dir='ltr'><strong>Carthagine</strong></span> <span class='ocrx_word' id='word_1_369' title='bbox 851 2544 971 2579; x_wconf 88' lang='lat' dir='ltr'><strong>nova,</strong></span> <span class='ocrx_word' id='word_1_370' title='bbox 1002 2539 1079 2571; x_wconf 83' lang='lat' dir='ltr'><strong>tum</strong></span> <span class='ocrx_word' id='word_1_371' title='bbox 1095 2546 1164 2583; x_wconf 91' lang='lat' dir='ltr'><strong>pro</strong></span> <span class='ocrx_word' id='word_1_372' title='bbox 1189 2536 1228 2570; x_wconf 82' lang='lat' dir='ltr'><strong>in</strong></span> <span class='ocrx_word' id='word_1_373' title='bbox 1245 2534 1483 2571; x_wconf 79' lang='lat' dir='ltr'><strong>Mauretania</strong></span> <span class='ocrx_word' id='word_1_374' title='bbox 1505 2534 1630 2570; x_wconf 86' lang='lat' dir='ltr'><strong>scribit</strong></span> 
     </span>
     <span class='ocr_line' id='line_1_42' title="bbox 187 2583 1630 2638; baseline 0.004 -18"><span class='ocrx_word' id='word_1_375' title='bbox 187 2586 225 2620; x_wconf 76' lang='lat' dir='ltr'><strong>in</strong></span> <span class='ocrx_word' id='word_1_376' title='bbox 246 2583 541 2630; x_wconf 76' lang='lat' dir='ltr'><strong>Mauretaniam,</strong></span> <span class='ocrx_word' id='word_1_377' title='bbox 572 2586 706 2623; x_wconf 90' lang='lat' dir='ltr'><strong>deinde</strong></span> <span class='ocrx_word' id='word_1_378' title='bbox 733 2588 863 2636; x_wconf 76' lang='lat' dir='ltr'><strong>furtim</strong></span> <span class='ocrx_word' id='word_1_379' title='bbox 894 2594 979 2627; x_wconf 73' lang='lat' dir='ltr'><strong>aut</strong></span> <span class='ocrx_word' id='word_1_380' title='bbox 1006 2595 1122 2628; x_wconf 88' lang='lat' dir='ltr'><strong>mutat</strong></span> <span class='ocrx_word' id='word_1_381' title='bbox 1145 2592 1183 2627; x_wconf 92' lang='lat' dir='ltr'><strong>in</strong></span> <span class='ocrx_word' id='word_1_382' title='bbox 1210 2587 1342 2638; x_wconf 69' lang='lat' dir='ltr'><strong>fier-tim</strong></span> <span class='ocrx_word' id='word_1_383' title='bbox 1366 2591 1500 2636; x_wconf 76' lang='lat' dir='ltr'><strong>abiit,</strong></span> <span class='ocrx_word' id='word_1_384' title='bbox 1528 2594 1630 2638; x_wconf 88' lang='lat' dir='ltr'><strong>post-</strong></span> 
     </span>
     <span class='ocr_line' id='line_1_43' title="bbox 191 2643 1628 2694; baseline 0.005 -19"><span class='ocrx_word' id='word_1_385' title='bbox 191 2650 294 2676; x_wconf 87' lang='lat' dir='ltr'><strong>remo</strong></span> <span class='ocrx_word' id='word_1_386' title='bbox 315 2646 368 2677; x_wconf 75' lang='lat' dir='ltr'><strong>est</strong></span> <span class='ocrx_word' id='word_1_387' title='bbox 385 2646 473 2688; x_wconf 91' lang='lat' dir='ltr'><strong>post</strong></span> <span class='ocrx_word' id='word_1_388' title='bbox 493 2644 646 2680; x_wconf 79' lang='lat' dir='ltr'><strong>conatus&#39;</strong></span> <span class='ocrx_word' id='word_1_389' title='bbox 668 2643 785 2690; x_wconf 83' lang='lat' dir='ltr'><strong>delet3</strong></span> <span class='ocrx_word' id='word_1_390' title='bbox 810 2656 906 2692; x_wconf 83' lang='lat' dir='ltr'><strong>quae</strong></span> <span class='ocrx_word' id='word_1_391' title='bbox 927 2648 1053 2684; x_wconf 83' lang='lat' dir='ltr'><strong>omnia</strong></span> <span class='ocrx_word' id='word_1_392' title='bbox 1080 2657 1224 2684; x_wconf 80' lang='lat' dir='ltr'><strong>summa</strong></span> <span class='ocrx_word' id='word_1_393' title='bbox 1244 2647 1398 2684; x_wconf 89' lang='lat' dir='ltr'><strong>libidine</strong></span> <span class='ocrx_word' id='word_1_394' title='bbox 1418 2648 1628 2694; x_wconf 84' lang='lat' dir='ltr'><strong>excogitata</strong></span> 
     </span>
    </p>
   </div>
   <div class='ocr_carea' id='block_1_6' title="bbox 182 2701 1628 2799">
    <p class='ocr_par' dir='ltr' id='par_1_10' title="bbox 182 2701 1628 2799">
     <span class='ocr_line' id='line_1_44' title="bbox 192 2701 1628 2788; baseline 0.003 -56"><span class='ocrx_word' id='word_1_395' title='bbox 192 2701 297 2760; x_wconf 80' lang='lat' dir='ltr'><strong>sunt,</strong></span> <span class='ocrx_word' id='word_1_396' title='bbox 317 2701 364 2788; x_wconf 71' lang='lat' dir='ltr'><strong>tet</strong></span> <span class='ocrx_word' id='word_1_397' title='bbox 390 2702 464 2734; x_wconf 88' lang='lat' dir='ltr'><strong>turn</strong></span> <span class='ocrx_word' id='word_1_398' title='bbox 483 2709 551 2746; x_wconf 87' lang='lat' dir='ltr'><strong>per</strong></span> <span class='ocrx_word' id='word_1_399' title='bbox 572 2710 613 2735; x_wconf 91' lang='lat' dir='ltr'><strong>se</strong></span> <span class='ocrx_word' id='word_1_400' title='bbox 627 2728 636 2744; x_wconf 96' lang='lat'>,</span> <span class='ocrx_word' id='word_1_401' title='bbox 660 2703 736 2736; x_wconf 89' lang='lat' dir='ltr'><strong>tum</strong></span> <span class='ocrx_word' id='word_1_402' title='bbox 758 2703 926 2747; x_wconf 87' lang='lat' dir='ltr'><strong>sequenti</strong></span> <span class='ocrx_word' id='word_1_403' title='bbox 946 2703 1168 2752; x_wconf 86' lang='lat' dir='ltr'><strong>Fragmento</strong></span> <span class='ocrx_word' id='word_1_404' title='bbox 1192 2704 1326 2740; x_wconf 87' lang='lat' dir='ltr'><strong>collato</strong></span> <span class='ocrx_word' id='word_1_405' title='bbox 1344 2714 1445 2740; x_wconf 84' lang='lat' dir='ltr'><strong>vana</strong></span> <span class='ocrx_word' id='word_1_406' title='bbox 1463 2713 1551 2740; x_wconf 89' lang='lat' dir='ltr'><strong>esse</strong></span> <span class='ocrx_word' id='word_1_407' title='bbox 1570 2712 1628 2736; x_wconf 90' lang='lat' dir='ltr'><strong>re-</strong></span> 
     </span>
     <span class='ocr_line' id='line_1_45' title="bbox 182 2763 386 2799; baseline 0.005 -11"><span class='ocrx_word' id='word_1_408' title='bbox 182 2763 314 2799; x_wconf 79' lang='lat' dir='ltr'><strong>periun</strong></span> <span class='ocrx_word' id='word_1_409' title='bbox 332 2763 386 2789; x_wconf 88' lang='lat' dir='ltr'><strong>ur.</strong></span> 
     </span>
    </p>
   </div>
  </div>
 </body>
</html>
