1774 3002
138 163 225 207 388
641 174 680 212 C.
712 174 944 215 SALLUSTI
974 176 1126 215 CRISPI

278 300 347 342 68.
402 297 469 344 Eo
508 301 719 346 redeunte
755 301 932 346 domum
974 303 1241 349 salutaretur
1281 305 1397 365 apud
1439 306 1589 352 aedem

145 377 368 425 Bellonae.

280 468 348 508 69.
411 463 546 512 Orion
591 468 730 513 oritur
767 467 848 528 [ut
883 468 1119 515 Sallustius
1151 469 1295 530 davil]
1329 471 1451 516 iuxta
1484 472 1591 518 solis

142 545 298 590 aestivi
333 548 524 606 pulsum.

283 634 349 676 70.
412 631 563 676 Rebus
595 647 730 692 supra
753 636 859 679 vota
896 635 1144 680 fluentibus.

280 717 346 759 71.
412 715 630 762 Maxumis
675 716 882 773 ducibus,
919 719 1106 764 fortibus
1141 718 1434 779 strenuisque·
1458 720 1589 765 mini-

142 797 259 842 stris.

277 884 344 927 72.
398 881 617 928 Imbecilla
646 885 715 928 est
741 883 974 939 fortitudo,
1007 884 1110 930 dum
1136 874 1311 944 pendet.

277 969 344 1012 73.
402 966 552 1011 Nubes
590 966 830 1013 foedavere
863 968 1023 1014 lumen.

137 1105 216 1142 147.
239 1114 277 1138 n.
299 1106 382 1141 239.
404 1102 465 1138 ed.
489 1103 578 1138 min.
601 1104 676 1141 Inc.
697 1107 756 1143 65.
775 1117 814 1153 p.
836 1109 918 1150 239,
941 1103 1014 1156 12.]
1057 1106 1189 1152 Intprr.
1211 1103 1319 1151 Virg.
1339 1116 1359 1141 a
1380 1105 1478 1140 Maio
1498 1104 1585 1140 edili

137 1172 175 1206 p.
197 1163 255 1198 43.
279 1160 329 1196 ad
347 1160 444 1198 Aen.
464 1159 511 1206 V,
531 1162 590 1198 80.

249 1217 309 1254 Fr.
325 1219 382 1256 69.
409 1215 526 1262 [cort.
546 1228 583 1263 p.
602 1221 705 1255 1011.
731 1217 829 1254 Gerl.
850 1218 911 1254 ed.
938 1219 1025 1254 mai.
1041 1218 1116 1255 Ine.
1132 1223 1214 1257 205.
1231 1218 1291 1255 ed.
1314 1217 1405 1254 min.
1428 1219 1505 1254 Inc.
1527 1221 1585 1257 60.

137 1286 174 1321 p.
200 1276 283 1319 239,
304 1277 340 1311 2.
370 1273 483 1309 Debr.
503 1273 548 1318 ΙΙ,
569 1275 646 1319 94.]
706 1273 814 1312 Serv.
837 1275 886 1310 ad
908 1275 1013 1322 Virg.
1039 1275 1135 1312 Aen.
1161 1275 1208 1322 V,
1230 1278 1310 1314 626.
1355 1274 1482 1311 Verba
1503 1275 1585 1322 ipsa

138 1333 313 1366 accurate
335 1341 384 1365 ex
405 1329 583 1367 Sallustio
605 1342 790 1377 expressa
805 1342 880 1367 non
899 1331 1088 1376 videntur,
1111 1343 1221 1379 quem
1237 1332 1324 1368 solis
1345 1332 1472 1368 aestivi
1482 1331 1587 1378 pul-

134 1397 231 1423 sum
251 1386 394 1423 dixisse
418 1397 552 1434 parum
574 1392 632 1423 est
659 1388 864 1435 probabile.
925 1388 1072 1435 Pulsus,
1094 1389 1125 1425 si
1144 1387 1235 1436 quid
1254 1387 1382 1434 video,
1401 1387 1462 1424 hic
1487 1387 1587 1424 idem

137 1448 195 1480 est
215 1448 325 1491 atque
347 1445 459 1485 ictus.-
489 1455 605 1490 quare
636 1456 772 1481 sensus
794 1448 869 1481 est:
903 1444 1039 1481 eodem
1072 1446 1149 1482 sere
1179 1450 1367 1492 tempore,
1398 1456 1471 1492 quo
1495 1444 1586 1481 solis

136 1500 294 1537 ardores
316 1501 468 1537 maximi
489 1505 586 1546 sunt,
610 1501 725 1538 Orion
749 1502 878 1538 oritur.
938 1501 1013 1539 Res
1035 1503 1197 1539 fortasse
1227 1505 1431 1539 memorata
1461 1502 1530 1538 suit
1549 1500 1586 1536 in

136 1557 387 1604 expeditionis
411 1557 569 1594 alicuius
591 1559 652 1594 vel
673 1570 826 1606 pugnae
846 1562 1012 1606 tempore
1034 1558 1308 1595 constituendo.

248 1615 396 1662 Agmen
413 1614 592 1650 claudunt
605 1615 830 1663 Fragmenta
844 1627 901 1661 ea,
919 1617 1052 1663 quibus
1067 1617 1128 1654 vel
1145 1616 1440 1652 constructiones
1461 1613 1586 1662 modo,

136 1672 196 1708 vel
220 1672 428 1708 locutiones
451 1675 514 1707 aut
535 1672 685 1719 singula
704 1673 890 1708 vocabula
915 1673 1162 1709 continentur.

247 1729 308 1764 Fr.
331 1730 390 1766 70.
421 1726 538 1772 [Cort.
556 1740 594 1774 p.
615 1732 721 1767 1005.
753 1727 848 1765 Gerl.
870 1728 932 1766 ed.
953 1730 1038 1765 mai.
1059 1730 1122 1764 Ine
1162 1731 1219 1767 74.
1243 1728 1302 1766 ed.
1325 1729 1411 1764 min.
1421 1729 1481 1773 III,
1503 1731 1583 1767 101.

59 1827 65 1831 ¹
132 1797 172 1832 p.
192 1788 274 1829 224,
300 1787 358 1823 17.
393 1784 564 1830 Debr.II‚
590 1788 648 1823 55.
669 1785 716 1830 V,
739 1786 789 1830 1.]
849 1785 958 1823 Serv.
989 1786 1037 1822 ad
1065 1785 1173 1832 Virg.
1201 1785 1296 1821 Aen.
1327 1784 1371 1829 Π,
1403 1788 1484 1838 169.
1544 1785 1583 1820 In

134 1842 308 1878 omnibus
333 1840 422 1878 Sall.
445 1841 535 1877 edd.
557 1845 685 1878 contra
705 1841 829 1879 Servii
851 1843 1107 1878 auctoritatem
1134 1846 1190 1878 est
1207 1852 1325 1889 supra
1345 1845 1507 1878 votum.
1527 1860 1583 1867 —-

132 1900 272 1936 Fluere
294 1909 408 1945 quum
440 1898 487 1934 sit
506 1899 581 1934 leni
600 1909 714 1935 cursu
733 1899 808 1944 ire,
837 1909 899 1935 res
913 1900 1034 1946 fluere
1054 1898 1240 1943 dicuntur,
1262 1909 1359 1945 quae
1378 1899 1474 1935 bene
1486 1909 1579 1945 pro-

132 1956 276 2002 cedunt,
300 1966 412 2002 quam
436 1955 513 1992 vim
532 1955 755 2002 plerumque
778 1954 947 1992 additum
969 1955 1190 1992 adverbium
1211 1954 1387 2000 adiuvat;
1405 1951 1582 1991 cs.Tacit'.

132 2012 229 2048 Hist.
250 2012 311 2058 III,
341 2014 399 2057 48,
419 2014 454 2049 3.
523 2012 792 2059 Vespasianum
826 2013 966 2048 eunetis
991 2022 1143 2059 supra
1177 2016 1284 2048 vota
1315 2010 1586 2061 fluentibus

133 2069 387 2106 Cremonensis
403 2069 538 2115 proelii
563 2071 712 2109 nuntius
730 2070 948 2116 assequitur,
970 2069 1032 2116 qui
1053 2070 1158 2104 locus
1191 2072 1318 2115 aperte
1340 2078 1388 2103 ex
1408 2065 1498 2105 Sall.
1521 2077 1584 2102 ex-

133 2137 289 2172 pressus
311 2129 380 2160 est.
439 2125 493 2160 Id.
515 2125 615 2162 Anu.
635 2125 716 2171 XV,
737 2130 773 2169 5,
795 2129 830 2163 2.
881 2125 959 2162 Nec
970 2126 1189 2178 praesentia
1201 2133 1392 2172 prospere
1406 2123 1583 2171 fluebant.

135 2182 212 2221 Cic,
241 2181 287 2216 de
317 2181 390 2218 off.
410 2182 436 2227 Ι,
453 2185 511 2227 26,
530 2185 588 2220 90.
648 2181 697 2218 In
717 2181 828 2217 rebus
840 2183 1040 2230 prosperis
1059 2185 1095 2218 et
1113 2182 1164 2218 ad
1181 2182 1398 2242 volunlatem
1417 2184 1582 2245 nostram

129 2237 326 2286 fluentibus
348 2238 575 2284 superbiam·
577 2258 634 2263 —
649 2239 852 2286 fugiamus.

247 2294 309 2330 Fr.
330 2295 388 2332 71.
415 2293 528 2339 [Cori.
549 2306 587 2341 Ρ.
606 2298 710 2333 1003.
734 2294 833 2330 Gerl.
857 2294 916 2331 ed.
940 2293 1029 2330 mai.
1051 2294 1126 2330 Ine.
1148 2296 1207 2333 34.
1239 2292 1300 2330 ed.
1321 2293 1406 2330 min.
1430 2293 1458 2338 1,
1476 2296 1521 2342 2.
1545 2303 1582 2339 Ρ.

59 2361 62 2364 ’
134 2355 215 2397 182,
237 2354 274 2389 3.
304 2348 416 2386 Debr.
439 2350 467 2395 Ι,
487 2355 523 2388 2.
543 2350 605 2396 IV,
627 2350 889 2396 92.]Diomed.
912 2350 953 2386 II.
973 2361 1010 2396 p.
1034 2353 1115 2388 442.
1139 2349 1290 2386 Putsch.
1317 2346 1388 2387 Pro
1408 2344 1583 2412 ministras

136 2409 234 2445 Gerl.
257 2407 295 2443 in
312 2406 375 2443 ed.
396 2407 488 2442 min.
509 2418 557 2442 ex
573 2418 725 2454 lngenlo
742 2406 900 2443 ridicule
925 2405 1027 2442 dedit
1050 2408 1246 2465 mayislris.

245 2464 306 2500 Fr.
325 2465 383 2502 72.
404 2461 518 2509 [Cort.
535 2466 639 2502 1009.
665 2463 765 2499 Gerl.
784 2463 846 2499 ed.
866 2463 954 2499 mai.
974 2463 1052 2502 lnc.
1073 2467 1154 2502 161.
1177 2462 1237 2501 ed.
1258 2462 1348 2499 min.
1368 2462 1443 2498 Ine.
1463 2466 1521 2501 50.
1539 2471 1580 2510 p.

134 2523 215 2567 238,
237 2521 293 2558 17.
317 2519 509 2566 Debr.111‚
531 2519 607 2565 76.]
651 2519 777 2557 Schol.
805 2518 854 2555 ad
874 2519 966 2556 Stat.
987 2519 1105 2556 Theb.
1125 2520 1172 2564 V,
1189 2521 1273 2558 384.
1313 2515 1446 2570 Vulgo
1460 2516 1581 2572 editur

134 2580 276 2614 incerta
295 2588 363 2623 pro
391 2576 588 2623 imbecilla,
617 2581 747 2612 contra
763 2574 877 2612 codd.
900 2577 1158 2612 auctoritatem
1189 2579 1225 2625 et
1243 2585 1427 2623 perverso
1453 2584 1579 2611 sensu.

134 2634 305 2672 Pendere
325 2633 423 2668 enim
444 2643 557 2680 quum
579 2633 626 2669 sit
645 2633 824 2669 incertum
845 2631 926 2669 sive
948 2632 1094 2670 dubium
1113 2642 1202 2675 esse,
1215 2632 1379 2679 vulgata
1398 2622 1582 2677 scriptura

137 2690 372 2738 ineptissima
392 2688 550 2725 efficitur
571 2678 790 2737 tautologia.

248 2746 308 2783 Fr.
331 2747 391 2785 73.
413 2744 528 2791 [Cort.
548 2757 588 2793 p.
605 2747 709 2787 1009.
731 2745 830 2782 Gerl.
847 2743 909 2782 ed.
928 2745 1016 2781 mai.
1037 2744 1114 2781 Inc.
1135 2746 1215 2782 155.
1233 2741 1293 2779 ed.
1314 2742 1402 2779 min.
1424 2741 1502 2779 Inc.
1522 2722 1580 2781 16

135 2815 174 2851 Ρ.
200 2800 669 2851 237,12.Deb1·.111‚28.j
727 2800 837 2839 Serv.
867 2800 915 2838 ad
943 2801 1051 2848 Virg.
1079 2800 1178 2836 Aen.
1201 2795 1262 2844 ΙΙ,
1273 2800 1351 2838 286.
1410 2796 1582 2835 Foedere
