1774 3002
490 155 556 192 Α-ι)
584 152 845 193 ERNESTUM
872 141 1304 190 wusssTEMANNuM.
1499 158 1650 189 xxxix

146 275 359 319 exhibere:
403 276 517 316 Nihil
551 280 633 316 tam
667 276 934 316 necessarium
973 278 1043 314 aut
1067 276 1214 322 maqis,
1251 278 1296 313 ut
1330 272 1386 312 ait
1415 272 1647 322 Sallustius,

92 348 97 352 ”
145 355 235 387 cum
274 354 376 384 cura
401 344 647 395 dicendum,
692 341 746 380 ad
782 352 905 390 quem
950 342 1087 381 locum
1124 342 1218 381 Vol.
1258 342 1326 381 ΠΙ.
1377 353 1420 391 p.
1454 341 1546 380 144.
1587 341 1648 381 sic

146 411 359 461 ‹lisputat2-
385 410 509 460 „Hoc
542 409 583 448 in
619 409 712 460 ipso
748 408 839 448 libri
867 408 979 449 initio
1012 408 1235 449 Salustium
1266 408 1423 450 dixisse
1453 409 1647 448 credibile

145 483 231 528 est,
290 489 384 519 cum
431 489 488 519 se-
524 489 663 517 rerum
715 476 949 527 aequalium
997 477 1040 525 (ἲ
1065 477 1102 525 l)
1142 477 1357 518 historiam
1402 477 1647 528 scripturum

145 557 259 588 esse.
297 532 515 596 protessus
565 549 692 586 esset.
759 546 810 584 cs.
854 545 919 585 Fr.
959 546 999 593 Ι,
1039 544 1107 585 34.
1161 550 1310 594 (nostr.
1349 545 1388 594 Ι,
1434 546 1507 595 4.).
1563 545 1648 585 imi-

143 619 270 656 tatus
298 618 367 654 est
404 613 627 654 Salustium
692 612 838 652 Vellei.
894 614 948 662 II,
1012 611 1074 652 18.
1124 613 1285 653 Seneca
1331 614 1384 653 de
1436 614 1559 653 Prov.
1606 613 1646 652 5.

143 682 298 733 Sulpic.
343 681 494 722 Sever.
544 682 597 731 Π,
651 680 726 720 3.“
799 680 903 720 Nihil
951 679 1015 720 his
1055 680 1248 731 ineptius.
1331 680 1493 721 Seneca
1539 680 1644 720 enim

141 761 245 791 usus
278 750 454 791 formula
480 761 569 789 cum
599 760 701 788 cura
733 747 774 787 in
809 748 1046 798 parenthesi
1079 749 1193 788 addit
1223 749 1429 789 Sallustio·
1448 760 1540 788 eam
1562 749 1646 798 pla·

144 818 295 859 cuisse.
353 818 501 857 Exstat
527 820 664 856 autem
693 816 780 866 lug.
809 826 844 855 c.
872 817 981 865 LIV,
1014 816 1071 865 1.;
1110 816 1264 856 relicua
1293 816 1430 856 omnia
1461 817 1647 857 Senecae

143 891 259 935 sunt,
290 896 426 935 neque
454 884 507 924 ad
529 883 765 924 Sallustium
794 884 1087 934 pertinent.—
1103 886 1215 934 Quae
1250 885 1360 935 apud
1387 883 1653 930 Gerlachium,

142 954 181 994 in
213 951 285 994 ed.
305 955 356 995 Π.
385 954 470 993 lnc.
496 951 564 990 74.
591 963 633 1001 p.
651 950 746 999 239,
773 950 836 990 18.
867 953 1078 1000 leguntur:
1108 953 1213 993 Nam
1240 965 1295 993 ex
1318 955 1426 992 ae'n's
1452 957 1492 991 et
1516 964 1647 1001 aquae

140 1023 390 1071 corruptione
437 1019 628 1068 fruyibus
680 1019 839 1067 infectis
886 1023 1053 1069 gravior
1101 1023 1220 1060 etiam
1271 1020 1538 1060 animantibus
1576 1031 1644 1069 pe-

138 1091 310 1129 stilentia
335 1093 470 1130 coorta
504 1091 581 1135 est,·
604 1097 811 1136 nusquam
839 1093 1016 1137 exstant,
1047 1089 1123 1128 sed
1155 1099 1180 1128 a
1204 1087 1432 1128 Debrossio
1453 1087 1527 1135 (ΙΙ,
1560 1086 1646 1134 70.)

139 1169 193 1197 ex
223 1156 370 1198 Servio
406 1156 459 1195 ad
486 1154 602 1204 Virg.
636 1154 784 1205 Georg.
813 1157 886 1204 111,
917 1155 1011 1195 481.
1050 1157 1230 1197 conficta
1258 1161 1375 1203 sunt3
1413 1166 1454 1194 v.
1484 1153 1549 1192 Fr.
1581 1154 1644 1202 III,

140 1224 209 1264 27.
239 1225 307 1264 ed.
341 1227 472 1264 nostr.
532 1224 593 1264 Ea
627 1235 752 1272 quum
780 1222 1022 1263 Gerlachius
1054 1235 1179 1263 caeca
1216 1225 1297 1263 fide
1328 1235 1382 1263 ex
1416 1221 1643 1262 Debrossio

140 1292 403 1343 arripuisset,
448 1302 584 1340 neque
616 1294 753 1330 tamen
781 1291 926 1339 sciret,
971 1292 1082 1331 unde
1108 1292 1175 1332 ille
1203 1292 1393 1339 haberet,
1442 1290 1483 1329 in
1521 1290 1644 1338 notis,

141 1361 290 1410 quibus
316 1361 434 1400 locos
455 1358 795 1407 Fragmentorum
825 1359 1038 1408 indicavit,
1069 1360 1210 1410 posuit
1238 1361 1350 1399 Abra
1380 1359 1646 1399 cadam-a.-

139 1429 263 1478 Apud
289 1427 469 1467 Cortium
498 1438 540 1476 p.
567 1426 685 1466 1008.
721 1427 846 1474 [Gerl.
879 1427 945 1465 ed.
978 1427 1069 1466 mai.
1102 1429 1186 1467 Inc.
1220 1426 1311 1466 133.
1342 1428 1408 1466 ed.
1437 1426 1532 1466 min.
1559 1428 1642 1466 Ine.

140 1496 209 1534 40.
226 1507 267 1545 p.
284 1494 378 1542 238,
400 1494 440 1534 8.
463 1495 586 1534 Debr.
605 1495 670 1543 ΙΙΙ,
698 1479 782 1542 332]
804 1494 1064 1544 reperiuntur
1092 1500 1290 1545 tanquam
1317 1494 1497 1545 genuina
1520 1494 1643 1534 hacc:

142 1563 251 1609 Quae
276 1565 454 1611 maazia
478 1568 570 1601 sunt
597 1565 849 1603 circumiecta
882 1566 1032 1603 civitati
1047 1565 1276 1603 suburbana
1305 1566 1505 1612 αεάὴῖσία,
1536 1573 1643 1612 quae

141 1628 273 1668 Servii
300 1629 462 1679 potius,
502 1641 624 1679 quam
656 1629 836 1670 Sallustii
867 1636 985 1680 sunt,
1021 1636 1063 1670 et
1091 1632 1196 1670 male
1223 1631 1377 1681 scripto
1413 1632 1566 1682 pariter
1594 1642 1643 1670 ac

139 1699 244 1736 male
268 1697 472 1737 intellecto
498 1697 733 1748 interpretis
752 1699 963 1748 virgiliani
987 1700 1082 1740 loco
1099 1699 1308 1740 nituntur.
1352 1702 1412 1740 Ita
1442 1700 1549 1739 enim
1576 1699 1642 1738 ille

139 1766 192 1804 ad
219 1767 326 1805 Aen.
358 1766 396 1814 I,
424 1764 521 1804 421.
593 1764 767 1805 Miratur
805 1770 942 1807 molem
985 1768 1158 1817 Aeneas,
1201 1771 1379 1818 magalia
1423 1769 1642 1819 quondam.-

141 1833 257 1881 „Alii
293 1836 470 1882 mayalia
506 1845 623 1874 casas
648 1834 882 1873 Poenorum
909 1839 1133 1884 pastorales
1162 1836 1354 1877 dicunt„
1374 1838 1434 1876 De
1462 1836 1526 1875 his
1557 1835 1642 1875 Sal-

139 1900 309 1940 lustius:
349 1901 458 1947 Quae
487 1904 663 1950 magalia
692 1908 784 1941 sunt
810 1905 1063 1943 circumiecta
1093 1906 1242 1943 civitati
1266 1906 1496 1944 suburbana
1524 1906 1642 1943 aedi—

136 1970 232 2014 ficia
254 1971 443 2017 maqalia.
500 1969 552 2007 Et
577 1969 670 2007 alibi
688 1969 856 2008 Cassius
871 1969 1044 2010 Hemina
1068 1972 1192 2010 docet
1220 1971 1295 2010 ita:
1325 1964 1642 2011 Se’nuessae'ma-

137 2037 251 2082 yalia
297 2037 488 2081 addenda
526 2047 756 2084 murumque
796 2039 947 2076 circum
987 2043 1122 2077 eam.“
1197 2039 1368 2079 Seducti
1404 2039 1640 2080 testimonio

143 2100 324 2142 Sallustii
349 2102 529 2143 editores
554 2103 687 2143 Servii
704 2103 889 2143 subiecta
919 2105 1044 2144 verba
1069 2106 1163 2146 huic
1187 2107 1405 2147 tribuenda
1432 2112 1640 2158 putarunt,

143 2180 249 2219 quae
276 2170 369 2221 ipsa
398 2170 594 2211 orationis
625 2173 758 2211 forma
792 2171 1018 2212 clarissime
1054 2175 1195 2224 prodit
1230 2176 1493 2226 explicatoris
1529 2188 1640 2229 esse,

142 2248 278 2286 neque
305 2237 495 2279 viderunt
521 2240 828 2289 grammaticum
856 2241 1066 2291 respicere
1093 2244 1146 2282 ad
1174 2245 1260 2293 lug.
1286 2255 1321 2283 c.
1338 2244 1482 2294 XVIII,
1501 2243 1540 2283 8.
1570 2244 1640 2283 ubi

142 2304 358 2346 Sallustius
375 2306 477 2347 haec
494 2309 635 2348 tradit:
676 2310 853 2348 Ceterum
868 2311 1003 2350 adhuc
1023 2312 1206 2359 aedificia
1224 2312 1488 2352 Numidarum
1514 2325 1639 2362 aare—

138 2375 273 2421 stium,
315 2385 417 2422 quae
448 2379 623 2426 mapalia
659 2379 720 2416 illi
755 2384 911 2425 vocam,
937 2378 1123 2427 oblonga,
1164 2381 1340 2420 incurvis
1368 2385 1556 2423 lateribus
1585 2392 1637 2422 te·

139 2445 215 2489 cta,
244 2444 362 2490 quasi
387 2445 547 2482 navium
573 2447 740 2484 carinae
757 2450 860 2483 sunt.
917 2446 983 2483 Ad
1001 2446 1110 2484 hunc
1137 2446 1259 2496 igitur
1286 2449 1422 2488 locum
1438 2455 1482 2489 ut
1497 2455 1639 2500 aperte

141 2512 321 2557 spectat,
360 2510 472 2558 quod
512 2511 684 2560 magalia
718 2523 837 2551 casae
860 2516 1090 2562 pastorales
1126 2515 1337 2565 dicuntur,
1380 2516 1437 2555 ita
1472 2518 1638 2566 planum

141 2578 207 2613 est
228 2585 277 2614 ea
304 2576 453 2626 verba,
484 2589 590 2627 quae
614 2590 690 2628 pro
722 2578 972 2620 Sallustiano
995 2580 1240 2630 Fragmento
1259 2584 1474 2633 habentur,
1499 2596 1524 2623 a
1546 2585 1638 2624 Ser-

139 2640 207 2681 vio
236 2642 290 2681 ad
314 2643 598 2684 illustrandum
617 2645 775 2695 Virgilii
803 2659 969 2687 versum
998 2649 1160 2689 adiecta
1187 2662 1296 2690 esse.
1356 2651 1479 2691 Cuius
1506 2652 1564 2691 rei
1585 2663 1637 2691 ne

138 2709 222 2748 ulla
241 2710 437 2751 dubitatio
467 2711 732 2762 relinquatur,
765 2719 895 2755 totum
926 2717 1177 2767 locumsqui
1203 2730 1402 2768 perversa
1429 2720 1636 2769 interpun-

136 2776 277 2823 ctione
303 2779 492 2818 turbatus
522 2783 607 2827 est,
639 2782 897 2822 emendatum
925 2783 1152 2823 exhibebo:
1183 2786 1298 2834 „Alii
1320 2790 1496 2836 mayalia
1519 2798 1637 2827 casas
