1774 3002
495 154 824 195 mSTORrARUM
852 152 1163 191 FRAGMENTA.
1215 152 1301 189 LIB.
1331 153 1359 188 Ι.
1579 145 1660 189 117

357 284 458 329 loo:
505 279 672 325 Locum
717 277 965 333 editiorem,
1008 291 1139 338 quam
1180 274 1422 321 victoribus
1466 275 1661 331 decebat,

219 366 346 426 capu„
357 433 451 478 101.
502 430 655 490 Neque
688 428 895 474 detrusus
929 425 1192 486 aliquotiens
1229 425 1486 472 deterretur.

357 502 451 560 102.
507 511 573 557 Ea
605 510 782 571 paucis,
816 508 974 570 quibus
1004 508 1158 568 peritia
1187 511 1231 554 et
1256 523 1407 554 verum
1439 507 1664 570 ingenium

223 598 315 652 est,
348 593 650 657 abnuentibus.

360 681 455 724 103.
508 677 787 737 Numeroque
821 676 1074 734 praestanS,
1103 672 1257 732 privus
1298 672 1392 732 ipse
1423 672 1611 719 militiae.

225 813 519 857 constructione,
553 811 821 858 antiquioribus
851 809 954 846 haud
982 810 1234 855 infrequente,
1269 808 1472 856 v.,Zumpt.
1502 809 1664 846 Gramm.

226 871 303 906 Lat.
337 872 370 912 s.
400 870 459 912 71,
484 871 519 906 4.
551 872 585 911 s.
605 871 691 907 390.
721 870 883 903 annotat.
910 878 948 913 p.
969 868 1051 904 351.
1086 862 1147 900 ed.
1169 865 1264 900 V111.
1297 864 1548 902 Ruddimann.
1578 866 1668 903 Inst-

227 926 350 962 Gram.
375 925 462 960 Vo'..
480 925 523 960 Π.
545 936 582 971 p.
603 926 685 962 207.
708 923 895 959 Vechner.
918 922 1148 957 Hellenolex.
1177 932 1214 968 p.
1237 923 1319 959 363.
1369 921 1503 958 Donat.
1527 921 1577 958 ad
1600 922 1668 959 Te-

227 986 321 1018 rent.
340 980 502 1027 Adelph.
525 981 571 1024 V,
591 983 624 1023 8,
644 984 679 1018 5.
705 980 794 1016 ibid.
816 979 875 1022 111,
894 981 930 1022 4,
949 981 1008 1016 45.
1030 978 1259 1014 Taubmann.
1279 976 1330 1012 ad
1343 978 1461 1014 Plaut.
1482 978 1668 1025 Amphitr.

226 1038 268 1083 Π,
282 1041 318 1082 2,
339 1039 420 1076 188.
447 1036 617 1084 ἱὺίᾶΛΠ,
636 1039 672 1080 4,
691 1039 749 1074 24.
782 1035 873 1071 Gell.
896 1034 957 1078 IX,
979 1037 1036 1072 15.
1071 1053 1128 1059 —-
1161 1032 1331 1070 Ceterum
1359 1033 1458 1070 unde
1481 1035 1575 1071 sciat
1598 1035 1669 1070 De·

226 1093 394 1132 brossius
424 1092 474 1129 ad
495 1091 663 1129 Catulum
684 1091 780 1128 haec
803 1094 995 1138 spectare,
1035 1089 1177 1137 Lepido
1204 1089 1306 1137 apud
1329 1089 1465 1126 Cosam
1484 1091 1585 1128 victo
1611 1092 1668 1135 (v.

225 1151 286 1188 Fr.
306 1150 338 1198 1,·
354 1149 432 1194 54.)
450 1149 488 1185 in
509 1149 665 1185 editiore
686 1149 770 1185 loco
791 1151 914 1184 castra
933 1151 1154 1194 ponentem,
1179 1146 1354 1193 equidem
1377 1158 1451 1183 non
1472 1157 1668 1194 assequor.

339 1217 400 1253 Fr.
430 1220 510 1255 101.
556 1215 670 1262 [Cort.
702 1226 739 1262 p.
761 1206 843 1254 966.
873 1215 971 1251 Gerl.
1003 1212 1065 1249 ed.
1085 1212 1172 1248 mai.
1194 1213 1220 1258 1,
1240 1215 1300 1252 66.
1331 1213 1390 1251 ed.
1412 1213 1500 1249 min.
1532 1214 1559 1258 1,
1587 1217 1667 1252 120.

226 1286 265 1323 p.
286 1276 366 1318 lffl,
391 1276 449 1311 22.
470 1273 579 1309 Debr.
602 1272 661 1318 111,
681 1272 758 1316 39]
796 1271 977 1307 Priscian.
998 1269 1080 1314 XV,
1102 1272 1138 1314 4,
1159 1272 1218 1307 24.
1240 1281 1279 1316 p.
1294 1271 1376 1308 627.
1399 1270 1461 1306 Kr.
1503 1271 1575 1306 Pro
1598 1274 1670 1306 ler-

227 1334 350 1373 ναυν,
381 1327 482 1376 quod
505 1329 618 1376 vulgo
648 1328 686 1363 in
707 1327 871 1364 Sallustii
903 1326 1004 1363 editt.
1034 1330 1071 1361 et
1096 1325 1198 1372 apud
1216 1325 1407 1362 Krehlium
1436 1327 1592 1374 legitur,
1622 1337 1671 1362 ex

228 1386 414 1423 nonnullis
434 1385 545 1421 codd.
568 1384 702 1431 scripsi
725 1384 949 1428 deterretur,
976 1382 1158 1418 sententia
1179 1382 1229 1417 ita
1247 1381 1461 1429 flagitante;
1491 1383 1674 1419 deterreri

228 1443 327 1483 enim
353 1443 545 1489 proprium
572 1437 795 1476 vocabulum
824 1443 913 1487 est,
946 1440 977 1475 si
1010 1438 1095 1485 quis
1126 1438 1227 1474 irrito
1256 1444 1393 1475 conatu
1409 1438 1464 1474 *ita
1487 1442 1670 1483 movetur,

230 1502 310 1536 ut'a
329 1498 371 1534 re
384 1496 603 1545 peragenda
622 1496 790 1533 desistat.
828 1496 871 1531 In
893 1504 1039 1532 summa
1061 1505 1185 1531 rerum
1205 1495 1429 1531 obscuritate
1446 1494 1672 1532 Debrossius

230 1554 430 1592 somniavit
457 1553 504 1589 de
529 1552 715 1600 Cyziceno
734 1553 838 1597 cive,
854 1563 1008 1588 murum
1029 1555 1158 1588 contra
1173 1551 1399 1587 Mithridatis
1425 1552 1672 1599 oppugnatio-

230 1621 317 1647 nem
336 1611 486 1648 strenue
505 1609 744 1646 defendente.

339 1677 399 1714 Fr.
431 1680 512 1716 102.
558 1675 677 1722 [cort.
703 1687 740 1724 p.
760 1677 842 1717 956.
873 1675 971 1712 Gerl.
1005 1674 1067 1711 ed.
1097 1675 1184 1712 mai.
1214 1675 1241 1720 1,
1263 1678 1322 1715 73.
1353 1674 1414 1711 ed.
1444 1674 1533 1711 min.
1562 1675 1590 1720 Ι,
1610 1676 1670 1714 84.

228 1747 267 1783 p.
290 1736 371 1780 196,
392 1737 451 1772 14.
469 1732 581 1770 Debr.
599 1732 627 1778 1,
647 1733 724 1778 60.]
770 1731 879 1769 Serv.
900 1731 950 1768 ad
967 1731 1075 1780 Virg.
1099 1730 1196 1768 Aen.
1216 1731 1295 1777 XII,
1314 1733 1396 1771 694.
1445 1731 1581 1768 Verbis
1601 1731 1673 1767 De-

229 1787 399 1828 brossius
428 1790 552 1827 statuit
569 1788 786 1826 Sallustium
812 1799 922 1825 usum
954 1799 1060 1834 esse,
1093 1799 1205 1835 quum
1234 1789 1446 1835 loqueretur
1473 1788 1519 1823 de
1550 1788 1674 1835 perni-

232 1846 346 1884 ciosis
369 1846 596 1894 reipublicae
626 1844 897 1893 opprimundae
926 1845 1109 1891 exemplis
1127 1856 1150 1880 a
1172 1845 1292 1881 Mario
1321 1849 1357 1879 et
1378 1844 1482 1881 Sulla
1502 1844 1673 1888 invectis,

234 1903 355 1951 deque
374 1896 483 1939 malis
504 1902 691 1949 potentiae
712 1900 989 1948 comparandae
1008 1902 1168 1944 artibus,
1190 1902 1324 1947 quibus
1343 1901 1454 1946 pauci
1470 1904 1547 1936 tum
1564 1900 1676 1936 absti-

236 1959 391 1995 nuerint.
440 1957 517 1995 Sed
531 1959 670 2004 peritia
689 1962 725 1993 et
744 1967 868 1994 verum
890 1958 1071 2003 inyem'um
1097 1957 1221 2003 potius
1250 1956 1296 1991 de
1319 1958 1431 1992 rebus
1451 1959 1552 1991 recte
1581 1955 1676 1993 iudi-

236 2014 368 2051 candis
394 2013 665 2061 gerendisque,
694 2023 804 2060 quam
825 2013 871 2048 de
892 2013 1020 2059 pravis
1042 2013 1174 2048 studiis
1195 2013 1376 2059 malisque
1404 2013 1543 2049 artibus
1570 2009 1676 2049 intel->

237 2069 428 2117 ligendum
454 2073 531 2113 est,
560 2069 771 2116 pariterque
796 2069 958 2118 abnuere
987 2079 1062 2104 non
1086 2068 1133 2104 de
1162 2068 1329 2105 vitandis
1357 2069 1425 2114 iis,
1454 2079 1550 2117 quae
1578 2070 1675 2106 male

239 2127 480 2173 appetuntur,
510 2123 580 2161 sed
604 2124 651 2160 de
674 2125 888 2168 reiiciendis
917 2124 984 2169 iis,
1013 2135 1108 2171 quae
1132 2129 1390 2172 proponuntur
1411 2126 1457 2161 ab
1486 2125 1591 2170 aliis,
1621 2124 1677 2161 di-

239 2183 344 2218 citur.
396 2181 516 2226 Quare
542 2175 669 2218 verba'
681 2180 861 2231 suadent,
893 2185 929 2216 ut
948 2180 1156 2228 cogitemus
1178 2181 1224 2217 de
1255 2182 1379 2228 aliqua
1403 2181 1586 2218 sententia
1614 2186 1677 2218 aut

239 2237 395 2274 consilio
413 2237 626 2286 proposito,
656 2237 757 2284 quod
776 2234 944 2284 plerique
962 2242 1116 2285 propter
1138 2237 1426 2285 imprudentiam
1447 2242 1510 2275 aut
1535 2238 1676 2286 ingenii

239 2294 457 2342 pravitatem
480 2293 809 2340 amplecterentur,
842 2294 953 2341 pauci
974 2298 1134 2339 tantum,
1165 2294 1246 2331 veri
1275 2294 1396 2342 magis
1424 2294 1675 2342 intelligentes

241 2355 278 2386 et
304 2349 452 2386 honesti
479 2349 747 2396 studiosiores,
776 2350 1025 2397 improbarent
1044 2354 1079 2386 et
1099 2351 1326 2395 abnuerent3
1358 2349 1426 2386 sed
1447 2352 1555 2398 quale
1584 2351 1677 2388 illud

240 2406 349 2451 fuerit
375 2404 500 2441 dicere
526 2405 624 2442 velle
652 2406 887 2442 temerarIum
916 2407 1021 2442 l'oret.
1049 2426 1104 2434 —-
1139 2407 1193 2442 De
1213 2410 1395 2454 potestate
1417 2408 1524 2444 vocis
1550 2417 1676 2444 verum

239 2474 278 2498 v.
299 2464 474 2498 annotata
491 2458 540 2496 ad
557 2460 636 2508 lug.
658 2473 691 2498 c.
711 2461 809 2507 XVI,
829 2466 861 2500 1.
882 2474 918 2509 p.
940 2465 998 2502 96.
1355 2456 1358 2459 ’

350 2517 411 2553 Fr.
430 2519 511 2555 103.
554 2517 682 2562 [Deest
708 2518 814 2564 apud
830 2517 949 2563 Cort.,
979 2519 1086 2555 Gerl.
1100 2518 1163 2554 ed.
1184 2518 1270 2554 mai.
1297 2522 1333 2554 et
1350 2518 1462 2555 Debr.
1487 2539 1542 2543 —
1575 2518 1673 2555 Gerl.

240 2574 301 2610 ed.
322 2574 412 2609 min.
429 2572 456 2616 I,
477 2575 535 2611 99.
554 2584 591 2619 p.
612 2575 693 2618 197,
714 2574 787 2620 17.]
824 2575 1085 2622 Fragmentum
1104 2585 1238 2610 recens
1258 2575 1420 2611 accessit
1439 2586 1487 2610 ex
1497 2574 1675 2612 Arusiani

241 2629 325 2667 cod.
349 2628 443 2666 Gud.
463 2639 500 2676 p.
520 2631 600 2667 256.
636 2628 755 2674 Quod
781 2629 831 2666 ad
851 2642 1001 2667 sensum
1024 2633 1222 2668 verborum
1243 2631 1390 2676 attinet,
1421 2632 1553 2678 privas
1581 2631 1673 2666 mili-

240 2687 311 2723 tiae
333 2685 506 2722 inusitato
531 2683 643 2721 modo
668 2685 806 2721 dictum
829 2686 988 2723 videtur.
1033 2687 1127 2724 Nam
1148 2698 1260 2733 quum
1273 2689 1421 2734 privum
1441 2688 1592 2734 proprie
1614 2687 1674 2730 sit,

243 2741 342 2790 quod
359 2741 583 2790 sinqulorum
603 2744 681 2785 est,
711 2741 884 2788 quoniam
907 2743 1043 2791 singuli
1064 2754 1084 2779 e
1106 2742 1337 2780 multitudine
1365 2743 1550 2780 eximendi
1575 2747 1673 2788 sunt,
