1774 3002
464 143 795 182 HISTORIARIJM
822 140 1135 180 FRAGMENTA.
1193 142 1281 178 LIB.
1310 142 1339 178 1.
1600 136 1626 177 7

187 241 388 324 evenere,
420 268 540 329 quod
565 266 736 329 inquies
761 268 894 328 atque
919 260 1189 322 indum-n*
1204 279 1381 324 semper
1406 263 1451 310 in
1477 267 1629 310 certa-

186 351 301 396 mine
329 351 539 398 libertatis
568 353 644 397 aut
669 349 842 411 gloriae
876 352 952 395 aut
978 347 1287 394 dominationis
1313 348 1421 409 agit.

321 440 367 482 9.
399 435 489 481 Res
512 435 711 481 Romana
738 433 988 495 plurumum
1012 432 1195 492 imperio
1231 431 1370 477 valuit
1388 431 1483 477 Ser.
1516 429 1626 476 Sul-

185 598 297 635 nullis
324 609 347 634 a
374 599 528 645 vulgata
556 597 740 644 scriptura
760 597 972 644 discrepat,
1005 600 1129 633 tamen
1148 606 1260 643 apere
1279 600 1422 632 certum
1442 598 1625 641 praestat.

185 654 239 691 De
258 665 305 690 eo
322 656 451 699 verbo,
473 653 572 700 quod
590 653 777 700 significat
791 655 946 698 versari,
969 663 1060 699 esse,
1079 655 1210 697 vivere,
1231 654 1280 688 cs.
1297 653 1377 699 lug.
1393 650 1574 694 LXXXV,
1590 653 1626 689 9.

186 709 552 758 Inopflnm'sarlibus
570 711 653 757 ὅρι’.
682 710 711 745 F
714 710 982 758 ragm.Histor.
1003 711 1030 754 I,
1050 713 1085 748 9.
1120 709 1283 756 Optnmis
1300 708 1628 754 moribus—eyn

179 762 345 814 populus
367 766 474 803 Rom.
513 767 549 810 1,
577 769 636 805 63.
674 765 805 803 Mauri
828 767 1091 803 contendebant
1115 766 1316 812 Antipodas
1341 766 1451 801 iustos
1475 773 1626 811 ayere.

187 824 255 867 III,
277 827 316 866 1.
336 826 372 861 4.
411 823 546 860 Hostes
563 824 601 858 in
620 823 820 859 cervicibus
841 825 914 859 iam
932 822 1067 859 Italiae
1085 827 1292 870 ayentes.
1317 833 1355 856 v.
1376 825 1551 863 annotata
1577 819 1628 856 ad

189 879 268 921 Cat.
292 879 430 924 XXIII,
457 883 493 918 3.
517 882 658 925 p-114.
686 879 735 916 ad
758 879 833 926 lug.
851 879 990 923 XVIII,
1017 883 1053 918 9.
1078 884 1115 915 et
1139 878 1364 915 Boetticheri
1392 878 1480 913 Lex.
1509 876 1626 912 Tacit.

187 947 225 982 p
245 940 303 974 51.
319 955 376 961 ——
413 934 582 982 Inqmoe,
596 936 780 982 antiquior
798 937 918 972 forma
935 947 1005 982 pro
1023 937 1214 983 inquietus,
1235 935 1387 981 saepius
1408 945 1432 969 a
1448 933 1627 970 Sallustio

189 996 410 1038 usurpatum
441 992 568 1028 cLFr.
592 991 628 1035 1,
655 995 723 1036 45,
758 996 814 1030 11.
836 996 924 1035 ets.
948 992 1074 1035 16.11‚
1096 994 1177 1035 45..
1206 991 1277 1034 IV,
1303 993 1362 1029 60.
1387 989 1453 1026 ·.L
1474 989 1628 1026 Hostius

186 1048 394 1094 mm,
431 1049 617 1095 inquies
643 1050 799 1084 animi.
856 1049 1054 1085 Praeterea
1084 1059 1122 1084 v.
1150 1047 1350 1084 Ruhnken.
1379 1046 1431 1082 ad
1459 1045 1625 1089 Ve11.11,

186 1107 244 1149 68,
262 1107 301 1143 3.
319 1108 358 1140 et
370 1103 596 1141 Boetticheri
614 1105 704 1141 Lex.
722 1104 839 1141 Tacit.
860 1116 897 1151 p.
915 1106 1070 1143 mz-
1097 1103 1318 1140 Indomitum
1332 1114 1408 1139 non
1421 1102 1536 1139 habet
1550 1102 1627 1138 vim

186 1161 384 1207 participii,
405 1160 474 1197 sed
498 1160 703 1197 adiectivi
694 1173 732 1197 m
754 1181 802 1187 —
825 1161 916 1206 bilia,
944 1161 1117 1208 idemque
1141 1161 1243 1196 valet
1259 1164 1369 1207 atque
1389 1158 1628 1198 &domabim-

187 1218 348 1264 eaquae
365 1217 413 1255 de
429 1217 503 1255 hoc
523 1229 596 1255 usu
608 1219 759 1254 uberius
778 1218 1022 1264 exposuimus
1043 1218 1092 1254 ad
1111 1218 1191 1264 lug.
1205 1228 1240 1252 c.
1259 1216 1422 1259 LXXVI,
1444 1220 1478 1254 1.
1493 1227 1533 1262 p.
1545 1217 1627 1254 401.

186 1274 451 1321 Fragmentum
468 1273 542 1311 hoc
562 1274 745 1311 Linkerus
768 1274 815 1310 de
837 1274 927 1311 Sall.
947 1275 1105 1311 Historr.
1125 1275 1297 1311 Prooem.
1318 1285 1356 1320 p.
1374 1275 1432 1311 36.
1455 1274 1551 1309 bene
1572 1271 1628 1307 iu-

188 1330 287 1367 dicat
313 1342 359 1367 eo
390 1331 474 1366 loco
502 1331 637 1376 tuisse,
670 1332 732 1367 ubi
753 1331 974 1375 Sallustius,
1003 1342 1116 1378 quum
1142 1331 1350 1366 indicasset
1374 1339 1481 1366 suam
1501 1339 1628 1364 rerum

187 1386 437 1424 Romanarum
454 1386 743 1435 descriptionem
759 1388 797 1423 in
817 1388 863 1423 iis
881 1388 1109 1434 temporibus
1132 1391 1378 1430 versaturam‚
1403 1386 1538 1432 quibus
1549 1396 1627 1421 res-

186 1443 335 1489 publica
354 1444 468 1479 armis
492 1444 665 1480 civilibus
679 1445 918 1493 laceraretur,
940 1444 1214 1480 discordiarum
1233 1444 1417 1490 originem
1436 1453 1551 1489 supra
1571 1452 1628 1477 re-

187 1503 341 1545 peteret.
383 1499 486 1536 Idem
505 1500 553 1534 V.
574 1500 615 1535 D.
643 1501 735 1536 scite
763 1502 981 1537 observavit
1000 1506 1190 1537 auctorem
1219 1501 1345 1536 verbis
1363 1501 1402 1535 in
1429 1499 1629 1535 certamine

188 1555 432 1591 libertatis
455 1559 522 1591 aut
545 1557 731 1602 qloriae
759 1561 825 1593 aut
846 1557 1183 1594 dominationis
1211 1557 1308 1597 iusta
1338 1556 1437 1592 serie
1466 1566 1627 1592 caussas

190 1612 405 1658 complecti,
425 1612 559 1658 quibus
577 1611 719 1649 Romae
741 1613 921 1660 deinceps
943 1615 1070 1650 turbae
1091 1614 1224 1650 civiles
1247 1616 1499 1649 moverentur.
1548 1611 1628 1647 Pri-

188 1678 274 1704 mae
291 1668 392 1706 enim
410 1667 668 1706 dissensiones
694 1670 922 1706 domesticae
942 1670 1029 1707 inde
1049 1676 1166 1715 ortae,
1192 1669 1294 1717 quod
1313 1669 1360 1706 de
1378 1669 1543 1706 libertate
1562 1668 1628 1704 toti

187 1725 327 1771 populo
347 1729 429 1761 erat
450 1728 580 1763 contra
601 1737 733 1773 reges,
765 1726 902 1763 deinde
922 1727 1023 1774 plebi
1046 1732 1178 1764 contra
1197 1730 1323 1774 patres
1343 1725 1535 1762 nitendum
1560 1726 1626 1770 (v.

189 1779 296 1817 Catil.
313 1781 385 1824 Vl,
407 1782 440 1820 7.
466 1781 560 1830 VII,
580 1783 749 1827 1—4.).
793 1785 884 1820 Post
903 1782 1139 1830 Carthaginis
1158 1783 1347 1820 excidium
1373 1783 1528 1829 gravius
1549 1792 1627 1816 mo-

188 1840 265 1873 tum
283 1842 471 1874 certamen
486 1838 628 1885 ylariae
646 1845 754 1886 atquc
771 1841 918 1887 imperii
939 1842 1005 1885 (v.
1031 1839 1137 1876 Catil.
1155 1840 1213 1885 X,
1242 1840 1324 1887 Iug-
1342 1839 1482 1883 XLL),
1513 1848 1627 1885 quum

189 1894 346 1933 avaritia
365 1897 403 1929 et
418 1895 518 1930 mala
543 1895 693 1933 ambitio
714 1897 859 1932 animos
879 1901 1073 1933 exerceret
1092 1898 1147 1941 (v.
1168 1896 1274 1933 Catil.
1292 1891 1389 1943 XL),
1408 1899 1448 1930 ut
1466 1905 1535 1941 pro
1556 1904 1626 1929 sua

191 1949 347 1995 quisq-m
372 1950 537 1996 potentia
559 1955 742 1988 certarent
759 1954 823 1996 (v.
848 1951 956 1989 Catil.
975 1952 1184 1997 XXXVIII,
1214 1953 1289 1996 3.).
1327 1951 1495 1996 Denique
1516 1950 1627 1986 mori·

190 2005 260 2041 bus
281 2006 403 2051 magis
417 2006 612 2052 magisque
626 2009 811 2054 corruptis
826 2019 888 2044 res
908 2020 954 2044 eo
972 2009 1169 2055 processit,
1191 2012 1231 2044 ut
1242 2007 1352 2054 pauci
1371 2010 1544 2055 potentes
1561 2006 1625 2042 do-

191 2061 278 2098 ηιόιι
298 2059 380 2097 fieri
400 2066 623 2107 quaererent
648 2064 757 2100 totius
777 2063 1024 2111 reipublicae,
1050 2064 1087 2100 h.
1109 2076 1142 2100 e.
1163 2065 1312 2111 legibus
1332 2063 1480 2100 eversis
1500 2063 1627 2099 omnia

192 2126 242 2152 ex
259 2126 329 2153 suo
348 2117 498 2154 arbitrio
518 2129 603 2154 cum
622 2119 661 2155 vi
683 2124 860 2167 agerent,
878 2122 981 2157 velut
1000 2120 1164 2165 Marius,
1183 2120 1325 2168 Cinna,
1346 2119 1488 2167 Carbo,
1508 2118 1626 2157 Sulla.

302 2172 362 2210 Fr.
390 2175 426 2223 9.
473 2171 596 2222 [Cort.
617 2186 658 2222 p.
678 2179 759 2214 935.
802 2176 900 2228 Gerl.
927 2176 988 2213 ed.
1013 2178 1102 2213 mai.
1130 2177 1167 2222 1,
1181 2178 1227 2215 ⁴7.
1255 2176 1318 2212 ed.
1338 2177 1430 2213 min.
1451 2176 1487 2221 l,
1507 2180 1566 2214 11.
1587 2187 1624 2222 p.

194 2230 274 2267 182.
292 2231 348 2268 13.
378 2228 487 2265 Debr.
507 2231 543 2275 Ι,
567 2236 612 2270 15
631 2235 668 2268 et
686 2230 767 2281 13.]
806 2232 932 2271 Verba
955 2234 1133 2270 universa
1154 2238 1302 2271 exstant
1322 2232 1424 2280 apud
1444 2232 1626 2268 victorin.

194 2285 231 2320 in
247 2283 324 2321 Cic.
340 2284 491 2322 Rhetor.
508 2298 546 2333 p.
566 2292 600 2325 5.
622 2287 757 2334 Orell.;
781 2289 852 2326 sed
869 2289 1041 2336 singulas
1058 2295 1185 2336 partes
1201 2291 1311 2326 etiam
1332 2290 1394 2326 alii
1416 2293 1625 2326 servarunt.

192 2340 335 2377 Nonius
356 2342 455 2378 enim
472 2342 516 2387 ΙΙ,
542 2346 623 2382 180.
642 2347 763 2391 p.92,
784 2349 822 2384 8.
842 2345 1000 2385 Mercer.
1019 2346 1118 2383 haec
1137 2346 1271 2383 habet:
1302 2346 1361 2384 Cis
1378 2345 1547 2383 Rhenum
1568 2349 1624 2382 at·

190 2407 261 2444 que
278 2398 375 2433 inter
386 2407 492 2434 mare
503 2402 667 2436 nostrum
679 2404 714 2438 et
731 2402 927 2448 Oceanum,
943 2404 1019 2441 nusi
1028 2414 1101 2450 qua
1113 2402 1312 2450 paludibus
1324 2404 1422 2439 mvia
1435 2401 1519 2449 suit,
1529 2411 1626 2448 per·

191 2453 343 2499 donata,
370 2453 420 2490 ad
447 2465 543 2500 quae
566 2458 683 2493 verba
702 2457 798 2495 haec
819 2460 1024 2505 scripturae
1048 2460 1214 2496 varietas
1235 2471 1269 2496 e.
1299 2458 1414 2495 codd.
1432 2458 1575 2494 Pariss.
1602 2468 1626 2493 a

193 2509 365 2547 Diibnero
392 2514 539 2548 enotata
561 2516 638 2548 cst:
664 2514 738 2551 nisi
752 2516 862 2562 quia
881 2515 992 2552 codd.
1013 2526 1060 2563 α,
1087 2513 1131 2560 ὃς
1158 2517 1256 2552 invia
1277 2515 1352 2562 suit
1370 2515 1455 2551 cod.
1475 2514 1538 2561 A;
1566 2516 1623 2550 iu-

193 2567 251 2603 via
267 2566 384 2613 fuerit
402 2566 515 2605 codd.
541 2579 587 2615 α,
608 2565 644 2606 δ.
700 2569 794 2609 Tum
814 2571 916 2619 apud
936 2571 1108 2610 Servium
1129 2572 1179 2608 ad
1198 2573 1308 2619 Virg.
1327 2571 1425 2609 Aen.
1449 2571 1523 2619 Vl,
1541 2573 1624 2609 539.

193 2623 348 2670 legitur:
370 2621 475 2662 Inter
492 2624 690 2663 secundum
706 2631 813 2674 atque
832 2629 993 2666 ultimum
1010 2628 1141 2666 belham
1161 2628 1472 2676 Garmayinieme.
1514 2627 1624 2664 Deni-

193 2690 265 2725 que
283 2678 359 2715 huc
374 2684 518 2726 spectat
534 2681 640 2717 locus
658 2681 858 2730 Augustini
880 2684 927 2720 de
949 2683 1031 2721 Civ.
1050 2685 1118 2721 Dei
1138 2685 1181 2730 II,
1199 2688 1256 2724 18.
1276 2696 1399 2731 quem,
1423 2684 1510 2731 quia
1531 2683 1624 2719 mul-

193 2739 269 2773 tum
296 2735 383 2772 tacit
405 2735 454 2772 ad
484 2736 699 2774 Sallustium
721 2739 997 2785 illustrandum,
1027 2746 1142 2778 totum
1160 2753 1408 2789 apponemus.
1466 2739 1624 2785 „-Sallu
