1774 3002
88 143 188 176 XXX
495 138 716 188 EDITORIS
744 139 978 178 EPISTOLA
1009 139 1197 179 CRITICA

89 259 252 313 singula
284 260 498 310 leguntur,
542 272 594 301 ex
634 261 848 302 Debrossii
886 262 953 302 ed.
995 261 1250 303 describeret
1285 266 1397 311 (nam
1429 261 1500 302 ubi
1529 261 1596 302 hic

91 329 204 378 silet,
239 326 477 368 Gerlachius
511 340 680 378 quoque
707 330 824 370 locos
862 329 1063 380 ignorat),
1096 341 1232 382 pauca
1258 330 1496 381 corrigeret,
1526 330 1595 370 ali-

91 401 194 448 quot
229 407 340 436 nova
377 396 562 435 adderet.
598 397 693 437 Vol.
728 399 793 438 ΙΙΙ.
829 399 1016 447 demum,
1052 398 1165 448 quod
1201 409 1239 437 a.
1282 398 1403 439 1831.
1443 398 1596 438 editum

89 463 408 505 commentarios
441 463 482 503 in
511 465 672 515 Fragm.
705 465 905 516 continet,
939 467 992 506 de
1020 465 1068 506 iis
1096 465 1335 507 ordinandis
1364 466 1595 516 meliusque

90 532 362 584 disponendis
397 531 604 582 cogitans,
638 537 863 583 postquam
890 533 931 573 in
961 533 1054 584 ipsa
1083 533 1358 584 explicatione
1390 536 1595 585 vulgatum

90 601 277 642 ordinem
314 599 473 649 tenuit,
505 612 546 651 p.
577 601 828 640 151—1.55.
867 604 917 642 de
946 603 1100 642 ordinis
1136 614 1348 653 rerumque
1377 605 1595 654 disponen-

88 671 234 710 darum
259 671 434 719 ratione,
466 681 585 719 quam
617 670 846 710 Sallustium
875 673 916 709 in
959 673 1003 711 V.
1033 673 1303 713 Historiarum
1331 673 1442 712 libris
1475 683 1593 712 secu—

87 743 168 778 tum
194 749 277 777 esse
306 739 595 790 verisimile‘est
617 737 826 778 disserere
843 739 1041 789 suscepit,
1068 739 1108 780 in
1139 751 1221 791 qua
1246 752 1292 781 re
1316 739 1377 783 ,ita
1396 751 1443 780 se
1469 739 1596 780 obno-

87 805 202 845 xium
230 803 457 844 Debrossio
489 804 639 854 gessit,
681 809 727 845 ut
751 804 792 844 in
823 805 968 856 paucis
1001 809 1127 848 modo
1159 819 1208 848 ac
1239 808 1400 848 levibus
1440 808 1491 847 ab
1527 807 1595 847 illo

89 873 365 924 discreparet,
396 871 436 911 in
465 883 625 912 summa
655 885 793 914 rerum
822 886 999 926 prorsus
1027 886 1080 915 ex
1111 886 1162 916 eo
1192 877 1408 927 penderet.
1453 877 1596 927 Neque

90 941 303 989 dubitans,
348 939 444 990 quin
493 940 550 989 is,
599 953 722 991 quem
762 954 839 993 pro
879 943 1213 993 ingeniosissimo
1256 944 1400 993 habet,
1443 942 1597 994 ubique

88 1021 176 1050 rem
215 1019 295 1048 acu
330 1007 529 1058 tetigerit,
567 1012 705 1063 totam,
735 1011 1073 1061 Fragmentorum
1122 1011 1459 1063 dispositionem,
1500 1012 1595 1051 Vol.

90 1080 156 1118 111.
183 1075 463 1129 propositam,
499 1076 539 1116 in
566 1077 766 1118 minorem
798 1078 978 1119 Sallustii
1008 1079 1230 1119 editionem
1261 1090 1300 1119 a.
1330 1078 1450 1119 1832.
1479 1089 1595 1130 para-

89 1151 174 1187 tam
202 1144 435 1195 transtulit,
479 1144 519 1184 in
563 1146 733 1196 singulis
774 1158 877 1187 sane
918 1149 1057 1199 paullo
1099 1147 1424 1188 emendatiorem
1460 1147 1596 1188 novis-

91 1226 172 1266 que
202 1213 457 1264 Fragmentis
491 1225 544 1255 ex
571 1214 767 1255 Arusiani
797 1216 891 1256 cod.
910 1216 1096 1257 Gudiano
1127 1216 1266 1268 petitis
1297 1220 1481 1266 auctam,
1511 1215 1596 1256 uni-

91 1294 214 1323 versa
241 1285 379 1322 autem
410 1283 549 1324 indole
575 1289 658 1324 tam
682 1285 899 1324 confusam
930 1295 978 1324 ac
1021 1285 1267 1326 dissolutam
1297 1284 1505 1335 tantisque
1536 1295 1596 1323 er-

90 1351 256 1391 roribus
298 1355 547 1401 scatentem,
581 1356 626 1393 ut
657 1363 750 1392 eum
781 1362 880 1402 spes
927 1364 1025 1402 sua,
1064 1354 1197 1394 Praei.
1227 1364 1268 1404 p.
1303 1353 1486 1393 XXXIV.
1528 1352 1596 1391 de-

91 1421 263 1468 clarata,
302 1421 391 1460 fore
426 1426 472 1461 ut
510 1433 610 1462 nova
640 1422 718 1460 hac
744 1421 1074 1470 Fraqmentorum
1108 1424 1382 1473 compositione
1409 1422 1598 1461 historiae

89 1490 189 1528 lucis
216 1489 373 1538 aliquid
394 1490 644 1540 offundatur,
677 1487 832 1539 oppido
863 1489 1058 1531 fefellisse
1085 1490 1295 1530 censenda
1320 1489 1386 1530 sit.
1443 1486 1598 1538 Viginti

91 1555 208 1596 annis
247 1560 365 1606 post,
406 1556 564 1598 scilicet
590 1563 634 1598 ut
664 1555 786 1596 crisin
813 1556 1103 1598 Sallustianam
1131 1559 1185 1598 ad
1212 1557 1448 1599 umbilicum
1480 1554 1597 1606 quasi

91 1625 319 1666 adduceret
347 1630 387 1665 et
406 1625 447 1665 in
469 1630 716 1677 perpetuum
741 1626 996 1676 absolveret,
1024 1627 1185 1667 tertiam
1209 1624 1388 1667 Sallustii
1409 1635 1595 1675 operum,

93 1705 199 1744 quae
222 1699 468 1745 supersunt,
497 1694 716 1734 adornavit
743 1694 988 1743 editionem,
1021 1696 1137 1736 cuius
1175 1698 1303 1735 altera
1331 1704 1452 1744 pars,
1489 1703 1595 1742 quae

91 1763 338 1812 Fragmenta
367 1763 559 1813 continet,
588 1763 669 1803 hoc
711 1758 803 1813 ipso
834 1774 943 1804 anno
967 1764 1085 1803 brevi
1115 1768 1209 1804 ante
1239 1773 1361 1814 quam
1392 1771 1597 1801 commen-

91 1830 183 1871 tarii
211 1830 291 1870 mei
320 1831 583 1882 typographo
616 1832 877 1871 traderentur
900 1832 1065 1883 prodiit.
1125 1832 1374 1883 Sperabam,
1414 1841 1465 1870 eo
1497 1833 1597 1868 tem-

91 1910 217 1950 pore,
244 1900 365 1949 .quod
392 1900 506 1941 »inter
551 1900 787 1941 secundam·
819 1905 859 1940 et
890 1899 997 1939 hanc
1030 1900 1192 1941 tertiam
1221 1900 1442 1941 editionem
1474 1899 1596 1939 inter—

93 1967 243 2018 cessit,
277 1968 535 2009 Gerlaehium
567 1967 777 2008 erroribus
817 1966 904 2007 suis
945 1967 1120 2018 cognitis
1161 1968 1315 2019 aliquid
1353 1968 1489 2008 bonae
1519 1968 1597 2006 fru-

91 2036 154 2088 gis
190 2037 244 2076 ad
269 2037 514 2087 Fragmenta
542 2036 791 2084 contulisse;
824 2036 900 2078 sed
925 2047 1023 2076 mox
1052 2036 1232 2076 intellexi
1252 2047 1344 2076 eam
1368 2046 1485 2086 spem
1516 2035 1597 2074 fru-

93 2109 180 2146 stra
209 2116 324 2155 esse,
362 2105 560 2154 illumque
595 2104 877 2145 immemorem
907 2104 1035 2144 fuisse
1065 2103 1162 2143 dieti
1193 2102 1448 2144 Ciceroniani
1477 2101 1595 2151 (Phil.

90 2175 186 2223 ΧΠ,
211 2173 258 2222 2,
290 2175 370 2222 5.);
408 2171 628 2221 „cuiusvis
670 2171 847 2212 hominis
889 2177 954 2212 est
997 2182 1157 2220 errare,
1196 2171 1368 2220 nullius,
1414 2170 1493 2211 nisi
1535 2169 1595 2209 in-

93 2241 302 2295 sipientis,
341 2242 382 2280 in
413 2250 555 2280 errore
587 2243 902 2289 perseverare.“
959 2240 1060 2279 Nam
1094 2249 1178 2278 non
1215 2239 1349 2278 solum
1399 2238 1595 2279 librorum

91 2314 332 2362 argumenta
360 2309 649 2356 eadem-sunt,
682 2318 788 2358 quae
816 2307 856 2346 in
885 2308 934 2346 ΙΙ.
957 2308 1045 2356 ed.‚
1080 2306 1155 2346 sed
1186 2304 1293 2345 idem
1326 2306 1449 2346 etiam
1473 2307 1595 2355 Frag-

91 2383 321 2421 mentorum
363 2378 487 2426 ordo,
522 2376 602 2416 hoc
630 2387 713 2415 uno
743 2374 994 2424 discrimine,
1033 2374 1168 2424 quod,
1204 2385 1331 2423 quum
1375 2373 1415 2413 in
1449 2374 1495 2412 11.
1529 2372 1594 2411 ed.

93 2448 336 2501 paginarum
371 2456 522 2486 versus
562 2443 763 2484 numerati
798 2447 956 2490 essent,
1009 2441 1049 2481 in
1087 2442 1152 2481 ΠΙ.
1210 2442 1455 2492 Fragmenta
1503 2439 1594 2490 ipsa

93 2517 291 2567 deinceps
325 2517 603 2555 numerantur.
665 2512 776 2562 Quae
815 2522 941 2561 quum
977 2509 1033 2549 ita
1069 2509 1170 2559 sint,
1208 2509 1329 2550 huius
1372 2507 1483 2556 libri,
1525 2504 1594 2557 qui

93 2583 317 2638 peculiaria
354 2584 467 2624 bona
514 2593 598 2622 non
643 2580 784 2628 habet,
836 2577 1036 2618 rationem
1080 2578 1311 2617 habendam
1351 2587 1434 2615 non
1482 2574 1593 2623 duxi,

94 2655 172 2715 sed
199 2653 239 2693 in
270 2649 572 2693 commentariis
612 2647 895 2690 tantummodo
925 2646 1098 2697 primam
1128 2650 1169 2685 et
1198 2644 1423 2686 secundam
1451 2641 1593 2682 editio-

93 2712 189 2762 nem
219 2719 407 2772 respexi,
449 2719 602 2770 quippe
644 2715 793 2767 quibus
833 2714 990 2763 omnia,
1026 2725 1131 2764 quae
1173 2711 1385 2753 Gerlachio
1423 2709 1591 2761 propria

95 2795 212 2840 sunt,
253 2788 551 2830 contineantur.
611 2788 670 2827 De
708 2783 857 2835 quibus
900 2794 1025 2833 quum
1062 2781 1294 2822 accuratius
1337 2779 1417 2819 iam
1457 2778 1594 2818 dicen-
