1774 3002
466 141 798 182 ms'ronmum
825 128 1137 178 FRAGMENTA.
1195 138 1285 175 1⁴13.
1315 138 1345 174 1.
1569 132 1622 175 17

819 261 909 295 Cn.
936 261 989 297 ΙΙΙ.

182 343 404 387 Explicantur
434 353 494 382 ea,
526 353 612 384 quae
631 342 755 385 Lepidi
785 341 901 372 turbas
931 344 1090 380 tanquam
1115 346 1256 373 caussae
1283 342 1553 379 praecesserunt.
1578 355 1624 361 —

182 401 315 437 Bellum
346 401 550 433 sociale.—
579 400 709 432 Bellum
735 401 835 432 civile
860 401 947 431 iuter
972 396 1115 428 Marium
1138 400 1170 426 et
1196 393 1339 429 Sullam.
1357 411 1403 417 —
1433 393 1547 427 Sullae
1573 395 1624 426 di-

184 464 323 493 ctatura.
341 475 388 481 ——
412 457 539 490 Civitas
563 458 598 490 vi
623 464 655 490 et
678 456 983 500 proscriptionibus
1010 453 1167 485 lacerata.
1185 470 1231 476 —
1255 450 1431 492 Reliquiae
1456 449 1624 483 Mariana-

325 525 400 548 rum
423 516 570 559 partium
595 517 629 548 in
655 514 773 555 Sicilia
796 520 829 547 et
853 513 969 546 Africa
993 521 1054 554 per
1076 510 1274 553 Pompeium
1295 507 1479 541 confectae.

322 692 390 735 15.
432 687 617 734 Tantum
639 687 906 751 antiquitatis
925 697 1144 744 curaeque
1163 681 1400 728 maioribus
1423 695 1506 741 pro
1535 680 1627 742 lta-

186 771 269 817 lica
291 773 426 832 gente
456 771 550 816 fuit.
1458 762 1461 763 ⁷

189 934 270 971 Civ.
300 933 368 970 Dei
395 934 439 978 11,
458 937 519 972 21.
538 932 645 967 euius
659 931 789 974 verba,
811 930 988 976 quoniam
1007 924 1175 964 oratione
1195 926 1347 972 obliqua
1366 924 1489 970 utitur,
1513 935 1629 972 appo-

192 1001 339 1026 nemus.
397 990 477 1034 „Eo
503 988 642 1034 quippe
664 991 851 1033 tempore,
874 986 991 1032 inquit
1005 1013 1015 1029 ‚
1038 984 1318 1030 disputabatur,
1338 992 1411 1028 quo
1436 981 1510 1017 iam
1531 992 1627 1018 unus

130 1085 142 1090 ,
189 1045 442 1083 Gracchorum
463 1044 616 1080 occisus
638 1043 723 1087 fuit,
741 1053 766 1078 a
781 1053 852 1089 quo
874 1041 1003 1078 scribit
1015 1039 1208 1082 seditiones
1220 1047 1354 1086 yraves
1368 1038 1533 1084 coepisse
1547 1036 1629 1074 Sal-

189 1103 337 1139 lustius.
394 1101 490 1138 Nam
510 1098 639 1135 mortis
656 1099 737 1134 eius
757 1097 797 1134 fit
814 1099 851 1134 in
875 1097 1020 1134 eisdem
1042 1098 1145 1133 libris
1167 1094 1515 1132 commemoratio.“
1573 1093 1630 1129 Ex

189 1158 248 1195 his
277 1162 318 1201 ut
346 1158 431 1193 luce
454 1156 592 1193 clarius
618 1159 676 1190 est
698 1154 746 1190 de
765 1154 847 1190 Tib.
869 1153 1039 1191 Graccho
1068 1162 1280 1188 sermonem
1303 1161 1411 1193 esse,
1440 1151 1492 1186 ita
1520 1150 1630 1186 simul

191 1215 281 1251 satis
292 1214 532 1261 probabiliter
543 1211 677 1247 coniici
698 1215 833 1258 potest,
848 1209 1069 1246 Sallustium
1078 1209 1126 1244 de
1137 1209 1329 1254 utriusque
1338 1205 1497 1242 Gracchi
1519 1207 1632 1242 mise·

190 1270 311 1307 raudo
331 1281 424 1306 casu
445 1280 490 1306 eo
510 1268 759 1304 Historiarum
788 1268 871 1303 loco
893 1266 1132 1314 exposuisse,
1155 1265 1215 1300 ubi
1237 1263 1464 1300 seditionum
1484 1263 1630 1298 initium

191 1328 323 1374 tetigit.
344 1362 346 1364 ,
381 1325 553 1362 Ceterum
582 1335 650 1371 pro
670 1333 825 1370 coepere
847 1323 947 1369 apud
969 1321 1151 1365 Coi-tium,
1183 1320 1426 1356 Debrossium
1448 1323 1485 1354 et
1504 1318 1632 1354 Gerla-

193 1382 317 1419 chium
343 1382 406 1417 ed.
433 1382 522 1418 mai.
542 1391 617 1416 non
650 1381 741 1416 satis
762 1384 935 1415 accurate
959 1379 1137 1424 seriptum
1155 1381 1214 1412 est
1231 1380 1353 1420 ortae,
1380 1374 1482 1421 quod
1509 1385 1631 1421 neque

192 1450 277 1475 cum
294 1438 494 1485 Augustini
516 1437 643 1473 verbis
665 1437 855 1482 congruit,
878 1446 1001 1481 neque
1026 1433 1075 1470 ad
1097 1433 1318 1468 sententiam
1339 1436 1466 1477 aptum
1486 1436 1562 1474 est,
1584 1431 1633 1466 si-

194 1494 344 1541 quidem
357 1493 557 1531 Sallustius
578 1503 653 1527 non
671 1496 743 1527 tam
759 1502 935 1528 caussam
955 1495 995 1537 et
1009 1490 1207 1536 originem,
1230 1499 1342 1535 quam
1358 1488 1524 1534 primum
1543 1490 1623 1522 tem-

188 1559 263 1597 pus
285 1549 509 1586 seditionum
540 1547 779 1595 significavit.
824 1548 963 1584 Levius
985 1550 1055 1591 est,
1076 1544 1178 1592 quod
1204 1544 1306 1591 apud
1325 1543 1570 1579 Debrossium
1597 1547 1633 1578 et

194 1608 233 1642 in
257 1605 443 1643 Gerlachii
470 1604 533 1640 ed.
555 1605 646 1640 min.
671 1596 826 1641 inverso
849 1603 982 1639 ordine
1006 1603 1141 1649 legitur
1164 1611 1298 1648 yrqves
1324 1600 1516 1636 seditiones
1524 1614 1537 1639 ,·
1562 1598 1633 1634 sed

195 1673 261 1699 cur
281 1664 328 1699 ab
346 1661 547 1709 Augustini
562 1661 780 1697 auctoritate
801 1659 1041 1703 discedatur3
1067 1669 1206 1694 caussa
1225 1658 1328 1693 nulla
1351 1660 1423 1692 est.

255 1760 258 1761 ⁷
305 1719 367 1754 Fr.
388 1721 446 1756 15.
487 1716 603 1762 [Cort-
623 1728 662 1764 p.
687 1718 791 1755 1003.
812 1716 912 1752 Gerl.
941 1715 1004 1751 ed.
1029 1715 1119 1751 mai.
1138 1714 1214 1749 lnc.
1235 1716 1294 1752 32.
1315 1712 1379 1748 ed.
1398 1712 1486 1748 min.
1510 1711 1545 1756 Ι,
1574 1712 1631 1749 17.

194 1785 232 1820 p.
247 1777 329 1819 184,
350 1776 387 1812 7.
403 1774 516 1810 Debr.
535 1773 570 1820 1,
585 1774 669 1818 23]
721 1773 847 1808 Verba
869 1772 949 1808 sine
970 1772 1052 1807 libri
1074 1770 1213 1806 indicio
1235 1772 1383 1806 exstant
1400 1767 1502 1815 apu'd
1522 1767 1633 1804 Serv.

197 1829 246 1866 ad
265 1831 374 1877 Virg.
398 1829 536 1876 Georg.
555 1829 608 1874 11,
636 1831 732 1873 w„
757 1829 819 1875 qui
842 1829 952 1876 etiam
979 1826 1030 1864 ad
1052 1827 1151 1863 Aen.
1167 1827 1223 1876 ΙΙΙ,
1245 1828 1327 1864 635.
1347 1825 1459 1861 affert
1476 1825 1634 1870 antiqui-

196 1888 278 1923 tatis
291 1895 476 1934 curaeque
482 1897 558 1933 pro
577 1884 710 1921 Italica
722 1889 839 1932 yeme.
898 1885 1087 1931 Leguntur
1105 1883 1252 1927 eadem,
1274 1880 1344 1918 sed
1362 1880 1476 1917 valde
1500 1880 1635 1925 depra-

198 1947 300 1986 vata,
322 1942 423 1989 apud
442 1941 527 1978 Gor.
551 1942 774 1977 Frontonem
801 1940 848 1975 de
870 1940 985 1976 Oratt.
1010 1940 1062 1983 11,
1081 1942 1116 1977 6.
1134 1951 1171 1986 p.
1191 1940 1272 1976 271.
1294 1937 1355 1973 ed.
1370 1937 1458 1973 Mai.
1479 1935 1635 1971 Mediol.

199 2009 235 2033 a·
256 2000 359 2036 1815.
418 1998 488 2041 Qui
514 2008 627 2043 quum
644 1997 696 2032 Μ.
720 1997 922 2032 Antonium
943 1996 1149 2042 vituperet,
1181 1993 1283 2041 quod
1297 1993 1495 2029 nonnullas
1517 2002 1635 2028 voces

199 2053 375 2089 inusitata
395 2064 440 2089 ac
469 2053 620 2088 minime
641 2051 838 2098 probanda
869 2051 1142 2098 significatione
1171 2049 1400 2086 adhibuerit:
1442 2048 1634 2093 „Verbum

201 2107 565 2158 aliquodzadquiras,
586 2108 715 2154 inquit,
740 2118 815 2143 non
834 2106 959 2144 fictum
975 2118 998 2142 a
1017 2111 1066 2151 te,
1088 2117 1175 2142 nam
1195 2106 1235 2143 id
1256 2105 1408 2153 quidem
1431 2103 1636 2140 absurdum

203 2169 279 2209 est,
303 2164 373 2201 sed
390 2168 609 2211 usurpatum
631 2164 872 2208 concinnius,
894 2163 1262 2209 autcongruentius,
1292 2166 1355 2197 aut
1375 2157 1637 2197 accommoda-

202 2221 290 2256 tius,
347 2220 504 2257 Tantum
542 2221 769 2268 antiquitatis
805 2230 896 2256 cura
933 2220 1067 2266 e(sto).
1141 2220 1212 2270 Pro
1248 2215 1443 2253 ITALICA
1466 2215 1635 2260 GENTE,

202 2276 466 2315 MAIORIBUS
501 2275 702 2314 Sallustius
737 2277 801 2313 ait.
867 2275 1108 2322 Antiquitatis
1145 2276 1303 2312 verbum
1337 2273 1531 2317 usitatum,
1567 2271 1638 2308 sed

205 2343 390 2383 nusquam
404 2333 488 2378 (eo)
507 2343 623 2369 sensu
640 2336 859 2381 usurpatum
873 2332 1033 2379 (neque)
1046 2333 1165 2378 probe
1182 2330 1379 2367 adscitum.
1407 2329 1503 2365 Nam
1522 2329 1636 2374 volgo

205 2388 359 2432 dicitur,
389 2388 491 2435 quod
509 2389 633 2435 potius
659 2391 728 2434 sit,
759 2389 945 2435 antiquius
971 2399 1073 2424 esse.
1130 2387 1220 2423 Inde
1237 2387 1320 2433 ipsa
1340 2382 1518 2423 Sallustio
1541 2384 1638 2419 deri-

204 2446 333 2480 vata.“
372 2444 473 2480 Haec
504 2445 555 2480 ita
583 2445 722 2491 scripta
741 2456 857 2481 sensu
874 2455 1030 2491 prorsus
1050 2454 1182 2479 carere
1204 2442 1327 2489 quivis
1350 2442 1458 2477 facile
1474 2439 1637 2483 ‘videbit;

206 2511 293 2536 nam
313 2500 483 2547 Angelus
506 2500 630 2536 Maius
650 2512 761 2547 quum
783 2499 1037 2537 tantummodo
1061 2500 1191 2535 litteris
1214 2498 1433 2534 maiusculis
1454 2507 1639 2544 expressa

205 2566 273 2602 pro
294 2555 530 2593 Sallustianis
553 2555 836 2601 habet,'verbis
857 2561 981 2592 autem
1004 2559 1143 2591 tantum
1165 2555 1388 2602 antiquitatis
1408 2564 1501 2590 cura
1530 2551 1637 2597 e[sto]

206 2617 447 2660 praeceptum
466 2612 664 2648 Frontonis
688 2613 966 2659 grammaticum
994 2613 1058 2649 vel
1090 2612 1317 2648 rhetoricum
1344 2609 1525 2646 contineri
1545 2608 1637 2650 vult,

207 2669 333 2704 omnia
354 2669 532 2715 pervertit
551 2672 588 2703 et
614 2670 806 2704 conturbat
825 2667 1104 2704 incredibiliter.
1162 2667 1240 2704 Sed
1267 2666 1401 2704 Servio
1437 2665 1572 2702 collato
1602 2663 1640 2697 in

209 2725 335 2770 aprico
357 2729 415 2760 est
432 2734 525 2760 cura
554 2724 667 2769 e(sto)
688 2723 933 2772 depravatum
955 2723 1110 2760 esse'ex
1135 2733 1331 2771 curaeque,
1354 2725 1491 2769 puncto
1517 2723 1640 2756 autem

265 2800 431 2826 smus-n
464 2800 599 2825 man.
1358 2783 1386 2823 2
