1774 3002
154 148 237 180 XVI
560 141 783 183 EDITORIS
812 144 1047 183 EPISTOLA
1076 146 1266 184 CRITICA

155 277 253 306 num
291 264 362 305 vix
399 264 558 305 servari
594 276 725 314 posse
763 266 992 317 videretur,
1027 279 1076 308 ac
1110 279 1194 307 non
1233 266 1312 308 nisi
1348 267 1540 308 felicitate
1569 278 1666 317 qua-

156 334 251 373 dam
277 326 568 374 Romanorum
603 333 792 383 propria,
834 335 1103 385 patriciorum
1142 347 1303 376 summa
1344 334 1575 376 constantia
1617 345 1665 374 ac

154 402 400 452 pertinacia,
438 400 617 450 denique
658 400 751 451 ipsa
786 403 1122 444 adversariorum
1155 405 1277 454 cul-pa
1308 408 1522 454 postremo
1556 402 1665 442 vires

153 470 371 521 reciperet.
432 471 477 510 In
510 470 625 509 Italia
665 470 774 510 enim
804 471 942 512 Sullae
978 472 1286 522 nobilitatisque
1315 470 1512 519 victoria,
1550 470 1665 510 innu-

152 540 277 580 meris
314 539 466 579 civium
504 538 726 588 caedibus,
760 540 1112 591 proscriptionum
1148 540 1391 591 asperitate,
1431 537 1665 588 direptioni-

152 609 231 648 bus
263 608 460 666 divitum,¹
495 618 662 655 eorum,
695 619 826 658 penes
861 621 967 659 quos
1001 609 1063 648 vis
1101 614 1206 657 erat,
1242 607 1462 649 insolentia
1494 616 1665 656 oppres-

153 688 226 717 sae
254 678 384 727 partis
414 680 632 725 tantopere
671 677 907 716 exacerbati
936 681 1054 717 erant
1077 676 1222 726 animi,
1255 675 1413 717 'tantum
1442 675 1665 716 excitatum

151 746 375 786 nobilitatis
407 745 566 792 odium,
597 749 661 792 ut,
699 745 770 784 ubi
796 746 973 795 primum
1008 746 1105 786 data
1139 749 1254 786 esset
1283 744 1472 793 occasio,
1504 753 1665 786 summa

86 833 89 836 v
151 814 193 853 vi
236 815 290 854 ad
332 814 611 854 ulciscendam
656 813 843 854 iniuriam
881 814 1084 856 exsistere
1122 813 1380 862 viderentur,
1422 811 1665 862 Lepidoque

152 883 258 923 duce
288 885 505 924 tumultum
535 888 751 923 moverent
779 884 1043 932 acerrimum,
1075 894 1158 933 quo
1191 882 1228 922 si
1256 881 1474 931 vicissent,
1502 889 1665 926 summa

153 952 336 992 omnium
367 964 506 992 rerum
533 952 755 992 conversio
774 952 1035 1002 maximaque
1056 950 1265 990 calamitas
1283 955 1398 990 esset
1423 953 1663 990 consecuta.

90 1029 95 1036 “
151 1021 252 1060 Tum
285 1020 515 1069 Sertorius,
565 1020 630 1059 vir
667 1020 844 1070 ingentis
888 1020 1011 1060 animi
1057 1019 1368 1069 acerrimusque
1405 1019 1664 1060 Sullanarum

152 1089 329 1140 partium
353 1088 641 1137 adversarius,
675 1094 882 1130 certamen
913 1093 1059 1130 contra
1089 1088 1321 1138 optimates,
1350 1087 1391 1131 in
1411 1085 1526 1126 Italia
1554 1085 1665 1124 haud

150 1169 355 1207 prospere
392 1162 656 1211 susceptum,
696 1158 752 1197 ita
789 1157 830 1197 in
862 1157 1102 1208 Hispaniam
1134 1156 1363 1206 transtulit,
1399 1160 1446 1196 ut
1472 1153 1666 1204 gentibus

150 1226 476 1267 bellicosissimis
511 1227 553 1268 in
592 1227 834 1268 societatem
878 1226 1038 1267 consilii
1070 1225 1213 1266 tractis
1251 1221 1664 1266 formidolosissimus

151 1294 524 1345 antiquoimperio
545 1296 733 1336 Romano
764 1296 898 1337 hostis
928 1296 1066 1344 fieret,
1096 1306 1282 1335 summos
1311 1293 1408 1334 belli
1431 1293 1562 1332 duces
1589 1301 1667 1340 per

151 1365 388 1413 complures
429 1375 562 1405 annos
605 1365 791 1405 eluderet
827 1364 1100 1414 maximisque
1139 1364 1326 1403 afficeret
1356 1361 1564 1408 cladibus,
1603 1369 1665 1406 ac,

151 1432 231 1472 nisi
261 1433 406 1472 fraude
436 1445 609 1474 suorum
640 1433 881 1482 cecidisset,
911 1445 1058 1484 parum
1085 1433 1271 1481 abesset,
1303 1431 1401 1482 quin
1432 1431 1566 1481 ipsam
1591 1428 1664 1467 im-

150 1500 255 1551 perii
292 1502 442 1541 sedem<
468 1502 704 1551 invaderet,
752 1502 824 1542 ubi
855 1506 1058 1552 perpetuo
1097 1501 1135 1541 ei
1170 1512 1264 1542 cum
1302 1500 1373 1550 iis,
1418 1499 1489 1550 qui
1519 1497 1665 1538 eadem

151 1569 444 1619 moliebantur,
477 1571 760 1610 intercedebat
786 1576 875 1610 arta
903 1570 1152 1610 coniunctio.
1210 1570 1259 1610 Ei
1292 1581 1370 1621 par
1398 1567 1551 1618 ingenii
1579 1576 1664 1605 ma-

150 1638 382 1688 gnitudine,
407 1639 645 1679 fortitudine
662 1650 710 1678 ac
726 1639 995 1679 consiliorum
1026 1639 1220 1687 audacia,
1248 1639 1397 1688 opibus
1416 1647 1515 1676 vero
1536 1635 1663 1674 multo

151 1708 343 1756 superior
366 1708 621 1748 Mithridates
647 1709 768 1749 Ponti
795 1719 871 1748 rex
906 1694 1055 1748 eodem
1085 1709 1173 1748 fere
1201 1712 1390 1758 tempore
1420 1704 1544 1746 tantis
1573 1702 1666 1743 viri·

151 1776 230 1816 bus
259 1780 458 1826 tantoque
480 1777 630 1817 ardore
661 1776 816 1817 novum
841 1776 992 1815 bellum
1019 1775 1211 1826 sumpsit,
1238 1786 1288 1815 ac
1316 1786 1394 1826 per
1417 1775 1569 1815 multos
1595 1783 1666 1812 an·

151 1855 231 1884 nos
255 1844 312 1884 ita
338 1843 487 1894 gessit,
519 1849 565 1885 ut
590 1856 674 1887 non
691 1845 770 1886 nisi
787 1856 881 1885 cum
904 1845 1065 1885 excidio
1093 1844 1254 1895 imperii
1277 1843 1453 1885 Romani
1473 1842 1663 1883 finiturus

152 1923 261 1966 esse⁴
278 1911 503 1953 videretur.
549 1915 662 1964 Quae
694 1915 831 1955 omnia
862 1925 1113 1965 quamquam
1140 1913 1284 1964 gravia
1310 1917 1447 1962 erant,
1477 1913 1664 1951 multum·

153 1990 235 2030 que
265 1981 420 2030 negotii
440 1982 637 2024 Romanis
665 1984 948 2032 facessebant,
978 1982 1058 2022 alia
1084 1986 1221 2022 tamen
1250 1982 1523 2030 accedebant,
1556 1991 1663 2031 quae

151 2049 365 2099 angustias
401 2050 564 2091 illorum
602 2057 839 2104 temporum
874 2053 1009 2092 adhuc
1048 2054 1261 2101 augerent.
1319 2051 1422 2091 Nam
1451 2061 1535 2100 quo
1565 2053 1664 2089 tem·

150 2127 255 2167 pore
285 2117 530 2159 acerrimum
567 2118 768 2170 flagrabat
801 2121 843 2161 in
871 2120 1070 2172 Hispania
1107 2118 1278 2159 Sertorii
1304 2120 1477 2167 bellum,
1514 2117 1664 2158 eodem

151 2182 194 2223 in
221 2185 468 2225 Macedonia
503 2192 544 2227 et
577 2189 749 2228 Thracia
781 2200 875 2228 cum
914 2188 1108 2239 gentibus
1138 2186 1404 2228 ferocissimis
1437 2199 1514 2237 per
1542 2197 1664 2227 com-

151 2254 294 2303 plures
329 2265 463 2295 annos
493 2255 743 2305 bellabatur,
778 2257 1000 2307 magnique
1029 2257 1237 2298 exercitus
1265 2256 1307 2296 in
1341 2256 1419 2297 illis
1444 2256 1571 2296 terris
1593 2256 1664 2294 ha-

152 2320 376 2369 bebantur;
414 2334 498 2364 non
529 2324 711 2365 minores
745 2324 855 2364 vires
897 2325 1118 2375 exigebant
1156 2325 1375 2376 aliquoties
1409 2324 1505 2365 facti
1539 2334 1663 2364 cona-

151 2394 222 2430 tus
253 2388 407 2440 piratas
445 2391 717 2442 reprimendi,
758 2393 829 2443 qui
865 2404 943 2444 per
969 2394 1036 2433 illa
1066 2399 1256 2445 tempora
1288 2393 1418 2433 maria
1443 2391 1582 2434 omnia
1605 2391 1663 2432 in-

30 2463 33 2467 '
98 2507 103 2510 ¹
153 2458 378 2507 restabant,
406 2471 542 2510 eoque
565 2460 821 2501 insolentiaev
840 2467 1156 2511 processerant,
1194 2467 1240 2503 ut
1268 2465 1503 2510 contempto
1537 2460 1664 2510 impe-

152 2526 214 2567 rio
229 2526 419 2568 Romano
452 2527 586 2578 ipsam
605 2530 761 2569 Italiam
788 2529 1034 2570 invaderent
1059 2531 1440 2581 commeatibusque
1461 2529 1662 2579 intercep-

120 2651 123 2654 ἱ
149 2595 207 2641 ,tis
242 2595 388 2636 urbem
425 2607 586 2636 summa
621 2597 729 2637 fame
757 2602 1013 2647 premerent;
1055 2599 1234 2650 denique
1255 2597 1584 2640 crudelissimum
1612 2607 1662 2636 ac

103 2657 133 2664 ”
153 2668 320 2715 praeter
357 2663 712 2714 exspectationem
748 2670 884 2706 ortum
919 2666 1071 2708 bellurn
1109 2668 1262 2708 servile
1289 2666 1414 2708 tantis
1449 2666 1663 2705 Romanos

156 2732 342 2779 cladibus
371 2732 566 2784 perculit,
605 2737 803 2784 tantoque
838 2739 998 2776 terrore
1035 2735 1180 2776 urbem
1216 2734 1427 2786 implevit,¹
1456 2738 1520 2782 ut,
1559 2744 1664 2783 quo-

155 2800 282 2843 modo
311 2806 495 2842 extrema
524 2802 630 2841 mala
661 2801 911 2853 effugerent,
948 2804 1018 2845 diu
1051 2817 1135 2846 non
1169 2805 1381 2845 haberent.
1438 2801 1512 2841 His
1539 2800 1664 2852 igitur
