1774 3002
477 146 807 187 mSTomARUM
832 146 1145 186 FRAGMENTA.
1203 149 1292 185 LIB.
1321 148 1350 184 1.
1577 142 1634 188 1⁹

329 278 396 322 18.
438 273 550 320 'rum
572 287 681 318 vero
708 271 881 318 Etrusci
910 284 1009 331 cum
1038 271 1196 318 ceteris
1220 271 1416 317 eiusdem
1443 284 1631 318 caussae

191 350 353 401 ducem'
372 370 423 401 se
443 358 597 402 nactos
621 355 722 411 rati,
753 369 959 401 maxumo
988 354 1154 415 gaudio
1186 353 1347 399 bellum
1373 354 1555 400 irritare.

190 493 250 528 ubi
273 490 472 529 Sallustius
494 493 597 528 initia
626 492 708 530 eius
729 493 815 529 belli
837 491 1032 539 exposuit;
1060 491 1110 527 et.
1129 491 1269 527 Linker
1288 489 1452 545 deSall.
1470 490 1628 527 Hiswrr.

189 549 361 584 Prooem.
388 559 429 596 p.
448 551 509 587 58.
535 549 677 589 mas
694 549 847 586 &cedit
870 546 1089 584 Gerlachius
1119 548 1211 591 „vix
1240 548 1427 583 latinum“
1457 547 1627 584 iudicans

190 605 415 641 soloecismo
446 607 596 642 aratis
621 606 787 641 discessit
811 609 1002 641 auctorem
1029 605 1339 648 commaculavit3
1380 605 1492 640 latim
1528 606 1628 640 enim

190 660 325 698 dicitur
361 661 419 698 ab
456 663 572 698 urnii-³
600 662 808 707 discedere,
847 665 886 697 ut
925 665 1026 697 recte
1066 661 1209 696 monuit
1235 661 1419 696 Linkems
1447 661 1522 696 l.'l.
1541 661 1628 696 coll.

187 717 377 754 Dietschio
397 718 447 754 ad
466 718 547 766 lug.
566 717 658 762 XX,
679 722 715 755 l.
738 730 776 764 p.
804 718 884 755 172.
909 718 1056 753 Leviter
1066 715 1174 752 Gerl
1196 718 1306 752 etiam
1327 717 1492 753 discessit
1508 727 1557 752 ex
1577 718 1629 753 al-

189 778 268 810 tero
297 773 531 811 Scholiastae
555 776 638 810 loco
661 774 802 818 edidit,
832 785 879 809 ex
905 775 1021 809 altero
1048 775 1248 809 verborum
1271 773 1442 809 ordinem
1465 774 1627 809 retinuit.

190 830 310 874 Quam
330 830 526 867 infeliciter
553 835 676 866 autem
701 831 947 877 fragmentum
967 829 1017 865 ad
1035 829 1149 865 finem
1175 831 1349 901 tumultus
1370 829 1550 877 Lepidani
1571 840 1630 866 re-

190 887 305 931 serat,
325 897 401 922 non
425 898 523 934 opus
542 891 602 923 est
614 887 782 934 pluribus
802 886 1015 923 ostendere.

300 943 363 979 Fr.
379 945 437 987 17.
450 942 592 988 [Cor-t.
613 953 653 989 p.
672 944 778 981 1007.
803 943 902 979 Gerl.
925 942 988 978 ed.
1017 943 1107 978 mai.
1127 941 1205 978 Ine.
1226 942 1307 979 107.
1328 941 1390 977 ed.
1409 942 1500 978 min.
1520 942 1548 987 1,
1567 943 1628 980 74

188 1011 228 1045 p·
249 995 329 1043 196,
348 998 383 1036 ⁶.
401 999 515 1036 Debr.
535 999 600 1042 111,
624 1000 701 1044 72]
759 998 885 1035 Verba
904 999 987 1034 sine
1010 999 1092 1035 libri
1117 998 1257 1033 indicio
1278 1006 1300 1033 a
1321 997 1465 1034 Donato
1488 997 1539 1033 ad
1558 997 1629 1034 Te·

189 1059 283 1090 rent.
304 1054 469 1102 Adelph.
486 1055 547 1099 111,
563 1057 600 1101 ᾳ,
624 1059 680 1092 11.
701 1060 852 1091 servata
872 1054 935 1091 hie
955 1054 1178 1091 collocanda
1197 1055 1425 1101 putavimus,
1447 1055 1626 1101 quoniam

188 1115 330 1149 certum
359 1115 441 1155 est,
470 1111 518 1147 de
546 1111 644 1147 bello
673 1111 804 1147 sociali
832 1109 1050 1148 Sallustium
1072 1111 1192 1158 primo
1222 1111 1315 1147 libro
1350 1110 1510 1147 dixisse.
1561 1111 1630 1147 La-

190 1167 288 1203 tinos
323 1167 435 1205 simul
473 1178 559 1204 cum
588 1168 722 1203 ceteris
757 1168 971 1204 civitatibus
1005 1168 1216 1212 defecisse,
1256 1176 1367 1202 nemo
1403 1168 1628 1214 scriptorum

187 1223 342 1260 tradidit
368 1228 516 1273 praeter
533 1224 690 1260 Elorum
706 1223 773 1267 111,
791 1225 857 1268 18,
877 1229 900 1263 5
921 1228 958 1260 et
977 1223 1038 1269 6.-‚
1064 1225 1174 1260 cuius
1201 1225 1409 1260 auctoritati
1423 1253 1433 1269 ‚
1458 1225 1490 1260 si
1522 1225 1627 1260 solus

188 1280 351 1326 aliquam
375 1288 455 1316 rem
483 1285 628 1325 narret,
670 1291 757 1318 non.
772 1282 927 1317 multum
954 1281 1190 1326 tribuendum
1216 1284 1345 1316 censet
1374 1280 1550 1317 Dukerus
1578 1279 1628 1316 ad

187 1335 228 1371 h.
245 1337 270 1372 l.
298 1335 376 1373 Sed
396 1347 510 1384 quum
529 1337 663 1373 Florus
684 1348 758 1372 non
779 1338 900 1373 solum
915 1337 1058 1373 Latium
1074 1339 1171 1373 inter
1190 1348 1258 1373 eas
1278 1341 1409 1384 gentes
1432 1341 1627 1381 memoret,

189 1403 286 1438 quae
327 1398 456 1429 contra
487 1390 679 1429 Romanos
713 1398 974 1437 surrexerunt,
1015 1393 1084 1429 sed
1115 1394 1229 1437 etiam
1259 1394 1473 1429 Latinorum
1499 1393 1628 1430 duoem

188 1448 385 1485 Afranium
405 1448 545 1485 diserte
567 1450 751 1493 nominet,
775 1449 942 1485 Sallustii
966 1450 1178 1485 testimonio
1192 1449 1405 1486 »accedente
1430 1460 1506 1486 non
1522 1450 1630 1487 vide-

190 1508 248 1540 tur
270 1504 318 1540 de
344 1506 398 1541 rei
418 1506 575 1541 veritate
595 1506 754 1541 dubitari
782 1516 912 1552 posse.
950 1506 1114 1550 -Quodsi
1149 1507 1385 1553 reputaveris
1426 1507 1628 1554 scriptores

190 1570 266 1596 nou
285 1566 460 1597 accurate
480 1561 685 1598 civitatium
697 1590 707 1606 ‚
733 1572 830 1608 quae
845 1561 945 1601 illud
962 1563 1099 1603 bellum
1122 1563 1374 1606 concitarunt,
1398 1564 1551 1599 nomina
1571 1573 1629 1598 re-

191 1617 301 1662 tem,
322 1618 440 1654 tacito
454 1619 590 1665 poterit
607 1617 656 1653 de
677 1619 781 1654 Latio
798 1618 999 1655 difficultas
1021 1619 1113 1664 tolli,
1141 1620 1172 1655 si
1191 1622 1335 1655 statuas
1355 1630 1478 1666 neque
1493 1629 1626 1655 omnes

190 1672 340 1710 Latinos
361 1675 524 1721 populos
544 1674 791 1711 defectionem
809 1675 959 1711 molitos
979 1686 1088 1719 esse,
1118 1685 1240 1723 neque
1258 1685 1329 1723 per
1354 1679 1471 1712 totum
1489 1676 1627 1712 bellum

190 1729 229 1764 in
248 1731 362 1766 armis
380 1731 518 1776 fuisse,
538 1741 663 1778 eoque
683 1742 707 1767 a
728 1732 863 1767 ceteris
884 1732 1129 1779 scriptoribus
1147 1733 1364 1768 Latinorum
1382 1733 1522 1774 nullam
1540 1743 1627 1769 esse

190 1787 416 1823 mentionem
434 1787 584 1823 satam.
614 1806 672 1814 —
709 1787 934 1825 Debrossius
952 1790 1072 1826 verba
1091 1788 1142 1824 ad
1169 1790 1315 1826 tertium
1334 1789 1468 1827 tibrum
1491 1789 1627 1833 retulit,

190 1842 252 1878 nbi
291 1841 340 1879 de
379 1852 575 1894 servorum
613 1845 711 1880 bello
750 1845 896 1891 agitur,
933 1845 1035 1882 hunc
1075 1852 1213 1881 nexum
1238 1845 1408 1893 fingens:
1437 1849 1529 1893 post
1562 1845 1627 1881 de-

187 1897 380 1944 fectivum
404 1901 588 1937 sodor-im
608 1904 643 1936 el
661 1900 748 1936 Lau·
770 1911 846 1936 non
869 1903 992 1941 maius
1025 1902 1182 1948 imperio
1202 1901 1373 1937 Romano
1395 1902 1628 1937 imminuisse

190 1955 417 2000 periculum,
440 1966 550 2002 quam
570 1967 593 1991 a
610 1955 808 2002 Spartaco.
867 1957 979 2001 Quod
994 1958 1027 1993 si
1047 1958 1107 1993 cui
1130 1958 1270 1993 certius
1289 1956 1485 2001 videatur,
1515 1957 1628 1993 facile

153 2018 159 2022 ·
191 2011 312 2055 patiar
339 2021 425 2046 eum
444 2021 514 2047 suo
546 2011 684 2047 iudicio
713 2012 796 2047 srui.

303 2067 366 2102 Fr.
389 2068 450 2104 18.
499 2065 616 2111 [cort.
644 2075 685 2114 p.
710 2069 793 2106 944.
821 2066 922 2104 Gerl.
950 2067 1014 2103 ed.
1044 2069 1134 2105 mai.
1155 2068 1189 2112 1,
1220 2071 1278 2107 16.
1307 2064 1371 2104 ed.
1395 2068 1485 2104 min.
1506 2069 1543 2113 1,
1567 2071 1625 2107 52.

192 2132 231 2168 p.
267 2124 358 2167 lm,
396 2125 434 2161 8.
470 2122 584 2158 Debr.
622 2122 659 2168 Ι,
692 2124 767 2168 73.]
825 2123 953 2160 Verba
971 2124 1084 2161 habet
1100 2125 1246 2161 Nonius
1264 2125 1300 2170 1,
1324 2127 1407 2163 1³2.
1424 2135 1464 2172 p.
1479 2127 1547 2170 31,
1568 2127 1625 2163 2⁶.

192 2178 370 2223 Mereor„
387 2179 453 2216 ubi
472 2177 674 2216 admodum
693 2184 867 2226 corrupte
887 2180 943 2216 eie
965 2181 1160 2228 leg-amur:
1190 2180 1321 2225 „Tunc
1344 2190 1439 2217 vero
1459 2186 1495 2217 et
1509 2182 1627 2229 posci,

192 2236 416 2271 cum-ocean·
441 2235 615 2271 eiusdem
639 2244 759 2272 causa
790 2240 826 2272 α
846 2235 982 2272 ducem
1009 2240 1160 2273 mam
1188 2237 1259 2273 rati
1286 2238 1450 2273 maximo
1475 2237 1627 2285 -gaudio

193 2292 333 2326 bellum
354 2291 539 2328 irritare-‘⁴‘
589 2290 690 2328 Haec
710 2290 989 2329 Lindemannus
1009 2293 1061 2329 ad
1079 2294 1258 2329 Arusian.
1276 2305 1317 2330 v.
1329 2294 1451 2338 inrito,
1469 2302 1508 2340 p.
1529 2296 1626 2341 Ἅι,

193 2348 310 2383 verba
327 2345 501 2384 maximio
516 2348 649 2395 ”undio
665 2348 795 2385 bellum
818 2350 984 2386 ''rr-itare
988 2350 1227 2393 laudantem,
1260 2350 1462 2386 maximam
1480 2353 1627 2396 partem

192 2414 242 2439 ex
261 2403 340 2439 suis
360 2403 472 2439 codd.
491 2408 591 2440 recte
615 2405 847 2449 emendavit;
866 2415 1004 2442 causae
1019 2406 1149 2442 ducem
1170 2407 1269 2441 enim
1290 2406 1399 2442 facile
1419 2407 1561 2442 eruitur
1576 2416 1627 2441 ex

194 2459 378 2506 scriptura
401 2459 487 2496 cod.
506 2460 610 2509 ὼγ.
629 2470 673 2507 φ.
691 2469 806 2497 catena
824 2461 990 2507 moeni,
1014 2461 1141 2498 unde
1131 2473 1168 2498 ιιι
1190 2461 1274 2498 aliis
1294 2462 1432 2498 sactum
1457 2469 1572 2498 causa
1593 2467 1630 2497 el

193 2515 335 2552 ὠιοειιι.
391 2515 525 2562 Aeque
552 2513 591 2551 in
620 2521 793 2564 promptu
813 2522 872 2553 est
894 2526 937 2554 se
954 2522 1101 2564 nactos,
1130 2518 1231 2565 quod
1251 2518 1327 2554 ium
1349 2514 1510 2554 coniecit
1528 2516 1626 2554 Mer—

194 2582 324 2617 eerus,
347 2571 592 2618 depravatum
605 2573 752 2609 fuisse
744 2583 782 2609 m
798 2583 840 2610 se
857 2578 1008 2620 mem,
1030 2578 1069 2610 ut
1086 2578 1145 2610 est
1166 2575 1206 2610 in
1224 2574 1311 2610 cod.
1329 2581 1365 2610 σ.
1385 2585 1416 2611 z.
1429 2584 1532 2621 ‚pro
1551 2584 1627 2620 quo

196 2627 234 2662 in
261 2599 347 2664 cod.
369 2628 415 2664 A.
436 2633 627 2674 cmm,
654 2629 691 2664 in
714 2638 752 2678 γ.
773 2634 810 2665 et
834 2638 879 2677 φ.
908 2635 1032 2667 autem
1059 2633 1211 2667 senam
1237 2634 1371 2666 exstat.
1428 2630 1482 2666 Er
1507 2631 1627 2676 ρωά,

196 2687 324 2730 aperte
344 2695 394 2720 ex
411 2680 539 2731 populi
560 2685 718 2720 alicuius
737 2687 884 2722 nomine
906 2689 1139 2734 corruptum
1158 2686 1453 2729 Lindemennus,
1474 2689 1625 2722 secutus

193 2738 323 2776 vossii
343 2741 594 2778 coniecturam
615 2740 791 2778 Leidensi
814 2744 987 2789 exemplo
1006 2743 1068 2780 ed.
1089 2743 1247 2779 Mercer.
1269 2743 1492 2790 ascriptam,
1535 2741 1627 2775 inre-

1288 2806 1352 2845 2*
