1774 3002
136 194 193 238 76
640 197 679 234 C.
712 197 942 235 SALLUSTI
973 197 1124 236 CRISPI

138 338 326 386 quorum
349 322 532 368 simulat
561 322 743 379 iniuria,
777 318 857 370 sed
887 324 1037 387 legum
1067 340 1118 371 ac
1149 326 1358 372 libertatis
1390 327 1586 373 subvor-

137 407 312 453 tundae.
374 406 571 467 Angitur
614 407 727 453 enim
771 424 823 454 ac
866 409 1087 455 laceratur
1118 410 1247 455 animi
1292 410 1495 471 cupidine
1544 414 1588 458 et
1602 418 1643 454 ll

137 505 354 538 noxarum
390 492 531 546 metu,
576 507 738 551 expers
777 492 953 549 consili,
989 475 1182 555 inquies,
1214 495 1324 540 haec
1356 497 1488 556 atque
1515 495 1589 542 illa

136 577 336 632 tentans,
373 575 525 620 meluit
543 576 717 631 otium,
756 577 847 622 odit
884 561 1044 623 bellum
1057 594 1076 635 3·
1107 578 1226 624 luxu*
1246 581 1378 640 atque
1417 579 1593 641 licentia·

136 659 374 705 carendum
404 658 546 714 videt,
585 661 717 720 atque
756 660 923 705 interim
960 660 1151 706 abutitur
1178 663 1333 709 vostra
1371 662 1586 709 socordia.

135 744 290 805 Neque
319 742 421 787 mihi
448 742 556 787 satis
585 742 740 787 consili
768 745 1047 811 esu-metum
1067 757 1141 790 -an
1171 744 1394 806 ignaviam
1419 763 1475 793 an
1503 747 1588 793 de·
1602 757 1643 790 12

136 828 341 875 mentiam
369 841 465 871 eam
502 822 741 886 appellem,
783 826 855 888 qui
887 820 1092 873 videmini
1123 828 1287 875 intenta
1313 830 1429 876 mala
1463 831 1588 892 quasi

138 944 380 981 conclusione
403 953 510 978 usum
542 954 565 978 a
585 942 726 978 maiore
763 941 811 978 ad
835 942 957 979 minus
978 942 1219 980 hoc'dicere:
1255 946 1317 992 qui
1338 957 1418 981 rem
1440 947 1588 993 gravio-

137 1012 215 1038 rem
237 1012 353 1036 ausus
383 1003 504 1043 esset,
531 1002 569 1034 ut
591 999 628 1034 in
650 1010 746 1046 pace
767 1000 904 1035 bellum
925 999 1035 1035 civile
1058 1002 1257 1046 excitaret,
1283 1014 1367 1038 eum
1395 1007 1590 1039 consenta-

137 1069 250 1094 neum
267 1068 353 1093 esse
380 1056 491 1092 etiam
519 1057 640 1092 minus
665 1055 855 1091 difficilem
881 1054 1034 1100 audere,
1057 1061 1096 1093 ut
1119 1058 1217 1094 bello
1247 1059 1320 1094 iam
1338 1062 1467 1094 exorto
1490 1060 1586 1095 ferro

138 1119 248 1162 atque
268 1113 419 1150 flamma
450 1114 579 1149 urbem
603 1112 809 1148 invaderet.
868 1112 946 1147 Hoc
982 1117 1020 1149 ut
1056 1125 1130 1150 non
1165 1115 1414 1162 intelligerent
1441 1115 1587 1162 priores

137 1173 359 1218 interpretes
376 1197 385 1214 ,
409 1173 483 1205 tum
508 1170 545 1205 in
570 1180 686 1206 causa
709 1169 827 1205 luisse
851 1169 998 1205 videtur
1017 1171 1100 1217 ipsa
1119 1170 1231 1207 dictio
1254 1174 1459 1219 propius
1489 1182 1589 1209 esse

137 1229 188 1265 ab
210 1229 335 1275 aliqua
356 1236 417 1271 re,
442 1238 515 1273 qua
539 1225 669 1262 Cicero
694 1226 831 1272 aliique
862 1237 976 1273 saepe
1007 1231 1179 1273 utuntur,
1210 1231 1285 1263 tum
1306 1239 1485 1276 zeugma,
1514 1241 1587 1276 quo

137 1287 253 1322 altera
269 1285 476 1320 sententiae
494 1283 771 1330 comparativae
791 1294 901 1330 pars,
931 1293 989 1319 ex
1001 1291 1102 1331 pace
1119 1284 1178 1320 ad
1196 1296 1304 1320 arma
1317 1313 1326 1331 ,
1359 1285 1407 1321 ad
1427 1286 1587 1322 eandem

138 1342 338 1379 dictionem
358 1341 530 1385 refertur,
553 1352 669 1376 sensu
690 1339 824 1386 magis,
848 1350 957 1386 quam
979 1342 1179 1377 verborum
1205 1345 1388 1378 structura
1405 1352 1486 1377 eam
1510 1354 1587 1378 rem

139 1398 357 1435 adiuvante.
388 1397 482 1433 Nam
505 1397 658 1444 proprie
680 1406 906 1443 proyressus
927 1398 1167 1442 vocabulum,
1190 1399 1317 1445 quoin
1339 1399 1587 1445 explicatione

138 1455 213 1492 loci
235 1455 293 1490 usi
314 1465 464 1498 sumus,
490 1453 707 1501 ponendum
727 1457 818 1489 erat.
858 1473 914 1478 —-
947 1453 1001 1502 De
1027 1455 1161 1500 sverbis
1201 1455 1323 1491 divina
1361 1459 1395 1491 et
1424 1455 1588 1492 humana

137 1512 296 1549 omnia
317 1522 356 1546 v.
378 1510 427 1546 ad
444 1511 525 1558 lug.
551 1523 582 1546 c.
608 1511 655 1545 V.
675 1514 709 1547 2.
724 1521 762 1556 p.
784 1512 844 1548 29.
874 1528 929 1534 ——
957 1509 1036 1547 Pro
1055 1521 1147 1556 sua,
1168 1515 1233 1548 aut
1250 1522 1447 1559 quorum
1474 1514 1586 1549 sinm—

137 1570 206 1614 lat,
226 1568 364 1604 iniuria
385 1578 461 1602 non
481 1578 549 1614 per
573 1567 828 1603 attractionem
845 1566 983 1602 dictum
1000 1572 1077 1613 est,
1105 1571 1143 1604 ut
1160 1569 1284 1604 statuit
1298 1569 1514 1606 Perizonius
1538 1569 1587 1605 ad

137 1625 265 1663 Sanct.
288 1624 378 1659 Min.
395 1624 458 1667 IV,
479 1626 530 1661 12,
553 1635 592 1670 p.
612 1625 692 1661 387.
715 1622 774 1659 ed.
794 1623 952 1668 Bauer.;
970 1629 1045 1660 non
1062 1628 1221 1661 mutatus
1244 1629 1301 1661 est
1320 1626 1419 1661 enim
1441 1626 1586 1662 relativi

136 1693 270 1726 casuS,
301 1681 372 1717 sed
394 1681 476 1716 eius
503 1683 686 1716 structura
707 1690 775 1726 per
796 1679 944 1726 ellipsin
973 1681 1070 1717 alius
1091 1682 1195 1717 verbi
1218 1686 1356 1718 tantum
1377 1683 1585 1727 obscurata,

137 1742 177 1776 ut
213 1740 316 1774 recte
346 1737 441 1773 vidit
478 1737 646 1772 Bauerus
687 1730 736 1771 ad
768 1736 908 1772 Sanctii
941 1737 964 1771 1.
994 1738 1015 1772 l.
1050 1740 1086 1772 ct
1120 1738 1313 1785 Krugerus
1350 1739 1387 1774 in
1414 1739 1507 1774 libro
1536 1739 1583 1774 de

138 1794 370 1833 Attractione
397 1794 490 1840 ling.
513 1793 573 1829 lat.
602 1795 633 1835 S.
655 1793 739 1830 107.
761 1804 798 1839 p.
823 1795 904 1830 265.
965 1792 1274 1840 simplicissimus
1306 1795 1418 1842 igitur
1449 1806 1584 1832 sensus

139 1853 195 1889 sic
214 1851 398 1887 habetur:
430 1860 533 1886 arma
549 1849 646 1896 cepit
662 1860 737 1884 non
756 1859 823 1896 pro
855 1860 924 1885 sua
945 1854 1006 1885 aut
1026 1860 1170 1895 eorum,
1192 1862 1348 1897 quorum
1370 1862 1452 1887 eam
1472 1852 1584 1888 simu-

139 1911 188 1945 lat
216 1913 327 1953 esse,
348 1907 503 1950 iniuria,
539 1906 564 1941 i.
592 1917 623 1941 e.
656 1909 730 1941 non
757 1917 825 1952 pro
857 1917 926 1941 sua
959 1911 1021 1942 aut
1045 1907 1216 1942 simulata
1246 1907 1403 1944 aliorum
1428 1908 1582 1952 iniuria;

138 1966 187 2002 cl'.
210 1963 287 2001 Cic.
309 1963 356 2000 dc
378 1963 449 2001 Off.
465 1963 492 2008 Ι,
509 1966 567 2006 32,
595 1965 675 2002 118.
735 1962 812 1999 Nos
832 1963 1026 2009 imitamur,
1047 1963 1159 2009 quos
1181 1965 1311 2011 cuique
1331 1958 1586 2005 visumesk

138 2024 159 2058 i.
182 2034 216 2058 e.
237 2032 325 2066 eos,
348 2032 442 2068 quos
466 2020 610 2055 imitari.
669 2019 761 2062 ijd.
782 2019 833 2063 11,
855 2022 896 2063 5,
918 2021 978 2057 18.
1045 2018 1275 2058 Ulciecamur
1312 2030 1374 2057 eos
1407 2023 1585 2068 tantaque

128 2089 255 2126 poena
280 2078 514 2125 afficiamus,
551 2079 728 2123 quanta
751 2077 916 2123 aequitas
935 2075 1215 2123 humanitasque
1236 2078 1453 2124 patitur,
1488 2078 1517 2114 i.-
1549 2085 1584 2113 e.

137 2138 274 2182 quanta
294 2146 360 2170 eos
383 2134 480 2170 affici
493 2136 572 2168 etc.
633 2133 711 2168 Liv.
736 2133 795 2177 Ill,
816 2134 873 2176 21,
890 2135 926 2170 4.
977 2130 1166 2169 Cornelius
1180 2134 1395 2180 complexus
1413 2134 1584 2182 Appium,
1604 2161 1607 2163 -

136 2202 211 2228 non
248 2191 326 2226 cui
359 2189 618 2225 simulabat
647 2181 962 2234 consulendo,
995 2189 1145 2237 diremit,
1165 2193 1370 2234 certamen,
1393 2191 1420 2226 i.
1451 2203 1484 2227 e.
1507 2201 1582 2226 non

136 2250 172 2285 ei
198 2245 452 2289 consulendo,
494 2245 554 2280 cui
582 2245 779 2281 simulabat
812 2255 853 2281 se
887 2245 1089 2281 consulere.
1148 2245 1201 2280 Id.
1231 2245 1405 2291 XXVIII,
1429 2249 1495 2292 46,
1527 2249 1581 2285 13.

139 2303 293 2342 Servilio
317 2304 495 2350 neyotium
514 2297 638 2337 datam
652 2329 661 2346 ,
700 2305 738 2337 ut
765 2301 930 2337 urbanas
952 2300 1127 2348 leqiones,
1167 2303 1319 2348 imperio
1348 2305 1427 2339 cui
1440 2315 1473 2340 «υ
1484 2304 1528 2339 id
1535 2313 1582 2339 e·

138 2363 279 2398 retur
305 2359 408 2404 dato,
438 2368 488 2394 ex
506 2358 598 2394 urbe
612 2358 704 2393 daci
724 2357 880 2403 iuberet,
909 2357 934 2392 i.
957 2368 991 2392 e.
1013 2357 1168 2404 imperio
1195 2360 1250 2404 ei,
1281 2361 1341 2396 cui
1363 2359 1404 2396 id
1419 2359 1582 2396 dandum

137 2417 342 2461 videretur,
364 2415 460 2451 dato.
520 2415 681 2450 Plurav.
702 2413 803 2460 apud
826 2413 1046 2449 Ramshorn.
1072 2414 1236 2450 Gramm.
1255 2415 1332 2452 Lat.
1352 2416 1580 2459 s'.159.2;s.

137 2469 282 2522 pq357.
336 2472 407 2509 Ed.
442 2472 469 2506 I.
510 2475 546 2506 et
572 2469 685 2518 'apud
717 2470 952 2517 Kruegerum
978 2471 1013 2506 l.
1053 2471 1077 2505 l.
1108 2491 1166 2499 -—.
1198 2471 1359 2510 Genitivi
1385 2462 1510 2520 lejqum
1533 2483 1580 2508 ac

135 2531 311 2567 libertatis
358 2527 629 2566 subvortundae
669 2526 857 2573 quomodo
888 2526 1077 2573 pendeant
1106 2539 1152 2564 ex
1187 2530 1301 2577 cepit,
1336 2528 1497 2564 diximus
1530 2529 1578 2565 ad

139 2585 241 2624 Catil.
262 2586 331 2630 VI,
366 2587 400 2623 7.
1378 2578 1384 2587 “

168 2651 171 2653 ·
251 2645 284 2686 s.
316 2646 358 2680 11
379 2662 433 2666 -
451 2645 507 2679 12.
559 2639 887 2687 animi-cupidine)
915 2638 1037 2675 Animi
1055 2651 1121 2677 cur
1149 2641 1316 2677 additum
1348 2641 1412 2687 sit,
1439 2641 1579 2688 patebit

138 2692 187 2736 ex
209 2699 447 2735 annotatione
471 2697 519 2733 ad
543 2695 647 2734 Catil.
675 2708 709 2732 c.
730 2696 861 2740 LVIII,
889 2699 925 2733 2.
963 2715 1019 2722 —
1051 2697 1176 2734 Verba
1197 2707 1336 2745 expers
1358 2717 1414 2722 -—
1434 2700 1576 2734 tentans

139 2755 358 2793 Gerlachius
385 2758 421 2790 et
445 2754 603 2790 Orellius
626 2756 724 2789 recte
746 2752 893 2788 trahunt
922 2752 969 2788 ad
989 2753 1254 2799 praecedentia
1278 2758 1460 2790 commate
1491 2758 1576 2801 post

138 2816 234 2850 metu
271 2811 416 2859 posito3
456 2820 542 2847 nam
564 2810 798 2857 sequentium
826 2809 1022 2846 verborum
1050 2812 1173 2847 metuit
1190 2811 1325 2863 totitem,
1349 2810 1422 2848 odit
1449 2809 1577 2847 bellum
