1774 3002
447 156 777 195 iim-romanum
804 139 1119 193 FRAGMENTA.
1176 156 1267 192 Lm.
1297 156 1326 191 1.
1581 150 1608 193 5

303 289 342 328 5.
382 283 474 328 Nos
502 280 546 326 in
575 283 697 326 tanta
722 268 1344 326 doctissumorum‘hominum
1371 278 1511 338 copia.

299 370 340 411 6.
391 366 542 427 Neque
569 380 639 412 me
669 365 850 410 divorsa
879 377 983 423 pars
1011 363 1055 409 in
1084 363 1284 409 civilibus
1312 362 1443 408 armis
1470 362 1607 409 movit

166 463 193 496 a
219 463 341 495 vero.

163 615 375 662 scripsisse,
394 613 434 652 id
454 615 516 651 vel
537 613 586 651 ad
605 613 755 650 laudem
780 615 843 650 vel
869 613 918 650 ad
944 612 1170 660 vituperium
1189 611 1381 656 referens;
1413 615 1607 658 utrumque

165 671 264 707 enim
285 670 367 710 fieri
388 675 531 718 potest.
581 671 675 706 Eum
697 672 856 707 coniicio
879 671 996 707 fuisse
1018 669 1236 711 Sisennam,
1270 668 1352 714 qui,
1374 679 1487 715 quum
1507 679 1606 704 anno

164 729 223 767 67.
251 739 291 773 a.
312 726 398 764 Chr.
429 738 467 764 n.
495 731 663 764 mortuus
695 730 760 773 (v.
782 728 891 764 Dion.
917 726 1024 763 Cass.
1053 725 1229 768 XXXVI,
1258 728 1295 762 2.
1316 736 1354 771 p.
1373 720 1439 763 87.
1459 724 1606 770 Reim.)

166 784 433 831 aliquot'annis
454 788 539 820 ante
558 783 753 820 historiam
772 784 858 820 belli
885 783 1036 819 Marsici
1058 786 1094 817 et
1114 781 1236 817 civilis
1258 780 1402 817 Sullani
1424 780 1607 818 edidisset

167 842 232 885 (v.
256 839 334 876 Cic.
358 839 405 876 de
426 841 545 888 Legg.
568 840 603 883 I,
626 844 669 884 2,
690 843 726 879 7.
759 841 863 876 Brut.
883 852 917 876 c.
938 842 1003 883 64,
1027 841 1109 876 228.
1140 837 1302 874 Ellendt.
1322 838 1360 873 in
1380 838 1487 885 Eloq.
1511 849 1607 874 rom.

104 942 108 945 Δ
166 896 254 933 hist.
276 899 312 940 s.
332 899 392 934 44.
410 908 451 943 p.
472 901 555 935 110.
574 896 637 933 ed.
659 897 707 933 11.
728 897 790 936 ed.
811 897 962 933 Linker.
985 895 1032 931 de
1052 894 1145 932 Sall.
1165 894 1261 930 Hist.
1282 895 1455 930 Prooem.
1476 906 1516 941 p.
1546 898 1606 933 12.

166 957 203 988 et
221 954 326 997 19.),
352 964 445 989 sane
467 952 542 989 dici
559 957 705 1000 poterat
728 954 812 989 illas
833 965 895 990 res
914 962 1045 989 recens
1063 952 1269 998 scripsisse.
1328 950 1471 995 Quodsi
1495 961 1608 998 repu-

166 1011 305 1047 taveris
324 1008 539 1046 Sallustium
566 1010 604 1045 in
622 1010 704 1056 lug.
725 1021 760 1046 c.
783 1009 905 1054 XCV,
934 1012 971 1047 2.
994 1009 1048 1044 sic
1071 1007 1118 1043 de
1144 1018 1189 1042 eo
1210 1006 1422 1043 iudicasse:
1452 1007 1528 1051 „L.
1550 1006 1609 1044 Si-

166 1076 285 1103 senna
305 1069 454 1113 optume
480 1070 517 1101 et
536 1065 835 1114 diligentissume
857 1066 1041 1109 omnium,
1071 1064 1135 1111 qui
1155 1074 1223 1100 eas
1246 1064 1292 1107 (i.
1312 1074 1349 1099 e.
1370 1063 1516 1108 Sullae)
1544 1075 1607 1101 res

166 1122 309 1167 dixere,
335 1126 576 1170 persecutus,
589 1134 731 1170 parum
751 1122 841 1160 mihi
860 1123 971 1158 libero
990 1131 1056 1158 ore
1074 1121 1214 1157 locum
1235 1120 1428 1167 videtur-st
1450 1121 1533 1157 eius
1552 1122 1607 1157 rei

166 1189 340 1216 caussam
362 1180 521 1225 fortasse
541 1179 640 1216 hanc
666 1180 855 1227 reperisse
877 1179 949 1215 sibi
966 1179 1077 1222 yisus
1097 1181 1167 1221 est,
1191 1176 1292 1223 quod
1315 1177 1376 1213 ille
1396 1187 1459 1214 res
1477 1187 1609 1214 recens

162 1245 216 1275 m
225 1237 314 1284 W·
326 1237 353 1272 a·
353 1261 364 1272 ο
413 1254 419 1270 ἶ

275 1315 338 1351 Fr.
366 1319 403 1353 5.
449 1312 571 1365 [Cort.
594 1326 633 1362 p.
662 1316 746 1354 933.
776 1313 875 1350 Gerl.
906 1313 968 1350 ed.
994 1313 1082 1359 mai.
1112 1313 1149 1356 1,
1176 1315 1211 1350 3.
1243 1312 1306 1348 ed.
1326 1313 1417 1348 min.
1438 1313 1473 1356 1,
1503 1316 1540 1351 5.
1569 1324 1618 1360 p.

166 1373 245 1415 182,
266 1373 303 1410 6.
320 1370 436 1407 Debr.
455 1371 484 1415 l,
507 1367 559 1419 6.]
590 1372 716 1407 Verba
738 1372 818 1407 sine
840 1371 922 1406 libri
943 1374 1030 1405 nota
1049 1370 1107 1406 bis
1127 1373 1274 1405 exstant
1293 1369 1394 1416 apud
1418 1368 1605 1414 Servium,

166 1426 216 1462 ad
240 1427 349 1475 Virg-
370 1427 466 1476 Aen.
490 1427 543 1470 ΙΙ,
573 1430 634 1466 89.
655 1428 717 1464 ubi
746 1427 926 1474 omissum
955 1431 1013 1462 est
1037 1425 1241 1470 hominum,
1272 1429 1309 1460 et
1332 1425 1381 1461 ad
1402 1425 1472 1470 lV,
1495 1428 1604 1470 2134

167 1483 258 1521 satis
281 1485 522 1531 probabiliter
547 1488 670 1519 tamen
691 1482 819 1520 Carrio
840 1483 923 1519 libri
943 1482 1051 1530 primi
1072 1492 1159 1518 esse
1181 1482 1381 1526 iudicavit,
1411 1492 1523 1528 quem
1544 1492 1605 1517 ce·

167 1540 236 1575 teri
258 1539 423 1576 editores
443 1541 559 1576 secuti
589 1544 674 1576 sunt
700 1551 844 1576 omnes.
903 1540 997 1575 Nam
1021 1550 1135 1585 quum
1155 1538 1355 1576 Sallustius
1378 1539 1525 1602 priores
1546 1549 1605 1574 re-

168 1606 250 1645 rum
269 1596 471 1644 scriptores
490 1598 763 1641 recensuisset,
793 1599 829 1632 et
848 1595 949 1643 quod
969 1596 1151 1642 cuiusque
1172 1599 1273 1632 esset
1291 1595 1504 1659 ingenium,
1542 1606 1607 1631 ex-

166 1641 357 1699 posuisset
383 1654 439 1698 (v.
462 1653 523 1689 Fr.
549 1653 584 1698 l,
610 1657 695 1692 2—
704 1654 759 1698 4),
789 1664 883 1700 quas
903 1654 985 1700 ipse
1005 1653 1170 1688 rationes
1192 1653 1320 1699 operis
1341 1652 1399 1688 sui
1420 1651 1606 1689 ineundas

165 1710 349 1757 putaverit
369 1710 580 1757 explicasse
598 1709 760 1747 videtur.

223 1786 341 1838 igFr.
364 1795 411 1830 6„
439 1790 564 1842 [Cort.
590 1802 631 1839 p.
658 1793 742 1829 933.
780 1790 879 1828 Gerl.
910 1789 969 1826 ed.
995 1790 1085 1826 mai.
1112 1790 1148 1834 1,
1180 1793 1216 1829 4.
1247 1789 1309 1825 ed.
1336 1790 1427 1826 min.
1447 1787 1482 1834 Ῐ,
1511 1792 1546 1829 7.
1566 1802 1605 1838 p.

169 1850 250 1892 182,
269 1849 306 1886 7.
331 1848 442 1885 Debr.
464 1849 492 1893 Ι,
515 1845 566 1897 3.]
600 1847 777 1887 Arusian.
797 1859 837 1894 p.
855 1849 938 1885 248.
960 1846 1023 1883 ed.
1042 1846 1214 1882 Lindem.
1242 1846 1490 1892 Diversum
1503 1859 1618 1894 par--

169 1907 239 1940 tem
272 1904 484 1952 significare
513 1904 707 1941 advorsum
732 1906 795 1940 vel
828 1905 1055 1940 contrariam
1089 1904 1163 1939 iam
1189 1914 1211 1946 a
1239 1903 1394 1939 Wassio
1418 1906 1454 1938 et
1480 1902 1605 1949 Cottio

172 1961 411 1996 observatum
434 1964 511 2005 est3
542 1961 776 1997 contulerunt
794 1957 847 1997 illi
866 1959 1019 1996 Sueton.
1042 1959 1088 1995 de
1109 1960 1241 1995 illustr.
1262 1969 1422 2005 gramm.
1445 1957 1480 1994 c.
1502 1958 1603 2004 „In-

171 2019 376 2063 terroyams
396 2027 420 2051 a
447 2016 617 2052 Varrone
636 2016 1039 2062 diversoeesspartis
1057 2015 1258 2051 advocalo“
1279 2013 1330 2050 id.
1351 2014 1419 2050 vit.
1440 2014 1550 2052 Caes.
1570 2028 1606 2052 e.

171 2073 230 2116 20,
250 2075 344 2107 extr.
364 2070 439 2116 „In
457 2073 643 2108 intimos
665 2072 879 2108 diversae
895 2071 1130 2118 factionis
1149 2071 1294 2107 indu-‘cu
1319 2070 1470 2108 Vettium
1485 2082 1603 2119 prac-

173 2128 301 2175 mo'a'sg‘
331 2128 379 2163 es.
398 2127 448 2164 ad
469 2127 574 2164 Catil.
595 2139 628 2164 e.
648 2128 682 2163 V
694 2124 709 2171 ,'
727 2131 763 2166 8.
787 2131 823 2163 et
842 2127 1043 2164 Botticheri
1062 2128 1154 2163 Lex.
1177 2127 1294 2162 Tacit.
1311 2138 1351 2174 p.
1370 2130 1453 2166 161.
1503 2128 1607 2166 Cete-

173 2195 254 2220 rum
273 2183 418 2222 divorsa
426 2194 526 2232 pars
540 2185 579 2221 in
595 2184 754 2221 civilibus
766 2185 883 2220 armis
896 2195 972 2230 non
989 2183 1175 2231 significat
1187 2184 1448 2231 Pompeianos,
1471 2185 1606 2232 quibus

174 2238 391 2286 Sallustius,
427 2252 538 2288 quum
567 2240 617 2291 ad
634 2242 901 2288 rempublicam
920 2241 1163 2285 accessisset,
1194 2240 1485 2286 adversabatur,
1514 2240 1607 2278 Cae-

174 2297 270 2333 saris
287 2300 413 2344 partes
434 2301 582 2336 secutus
603 2298 803 2342 (illaenim
824 2302 991 2344 tempora
1012 2297 1051 2333 in
1068 2297 1242 2333 Historiis
1263 2308 1338 2333 non
1357 2297 1513 2345 attigit),
1536 2297 1606 2334 sed

172 2353 436 2400 intelligendae
466 2358 550 2390 sunt
574 2355 739 2401 priorum
757 2359 975 2401 temporum
1003 2351 1259 2390 contentiones
1280 2354 1433 2398 civiles,
1462 2366 1539 2391 non
1557 2355 1605 2391 iis

157 2410 341 2446 consiliis
359 2415 469 2457 atque
487 2409 618 2447 studiis
635 2415 777 2458 gestae,
794 2422 890 2458 quae
907 2410 1084 2448 Sallustio
1094 2412 1365 2458 probabantur.
1398 2410 1469 2455 Qui
1491 2422 1604 2458 quum

174 2466 373 2504 nobilitatis
391 2467 577 2514 potentiae
597 2467 858 2504 infestissimus
878 2469 925 2504 ab
953 2478 1082 2503 eorum
1102 2467 1268 2514 partibus
1290 2471 1417 2511 staret,
1447 2468 1510 2515 qui
1526 2469 1607 2515 ple-

175 2523 233 2560 bis
253 2512 412 2559 libertati
429 2522 632 2567 studerent,
658 2523 803 2560 divorsa
814 2528 929 2571 parte
945 2525 983 2560 in
1004 2524 1165 2560 civilibus
1182 2524 1298 2559 armis
1318 2523 1504 2570 significat
1523 2535 1605 2568 eos,

177 2579 387 2626 quicunque
397 2585 443 2616 et
460 2580 580 2627 ipsius
600 2583 718 2616 aetate
740 2584 777 2616 et
793 2581 917 2628 priore
945 2584 1131 2628 tempore,
1160 2580 1281 2628 plebis
1303 2580 1469 2616 libertate
1491 2581 1605 2618 armis

177 2646 381 2682 oppressa,
411 2635 647 2673 immodicam
668 2637 896 2684 optimatium
924 2637 1128 2684 potentiam
1155 2636 1264 2673 malis
1295 2637 1435 2673 artibus
1465 2647 1606 2684 augere

177 2693 300 2728 conati
323 2696 421 2729 sunt.
458 2693 669 2728 Verborum
688 2703 822 2730 sensus
842 2693 954 2740 igitur
972 2694 1039 2740 hie·
1055 2697 1132 2729 est:
1161 2693 1279 2729 Etiam
1298 2694 1362 2729 ubi
1382 2693 1429 2729 de
1449 2693 1496 2730 iis
1515 2693 1606 2730 mihi

177 2748 363 2795 agendum
383 2753 461 2794 est,
492 2749 554 2796 qui
574 2750 611 2785 in
628 2749 737 2786 bellis
756 2750 929 2787 civilibus
956 2749 1135 2799 factionis
1147 2749 1318 2787 nobilem
1348 2750 1497 2786 fuerunt
1515 2749 1606 2785 mihi
