1774 3002
117 100 199 142 136
523 111 526 113 ’
604 107 644 144 C.
670 106 902 145 SALLUSTI
925 107 1076 146 CRISPI

255 235 323 277 23.
379 230 584 291 Receptis
613 230 837 292 plerisque
868 230 1011 291 signis
1037 230 1294 278 militaribus
1320 247 1423 280 cum
1450 234 1571 281 Laeli

118 328 318 374 corpore.

256 401 324 444 24.
381 397 496 441 Inter
526 396 654 442 laeva
691 396 910 441 moenium
952 398 995 441 et
1028 396 1232 442 dextrum
1265 397 1427 445 flumen
1476 401 1572 446 Tu-

118 481 248 537 riam,
281 479 400 542 quod
438 479 687 525 Valentiam
722 494 861 539 parvo
895 479 1125 525 intervallo
1162 481 1446 540 praeterfluit.

121 617 326 662 scondunt,
344 617 394 652 ita
416 620 454 652 ut
469 617 508 652 in
521 617 648 662 prima
662 619 775 662 parte
796 618 900 652 leves
923 616 1132 663 Hispanos,
1165 618 1380 664 aptissimos
1403 620 1453 655 ad
1474 621 1572 658 furta

117 676 298 712 bellorum
311 702 320 717 ,
345 676 546 719 ponerent,
567 673 697 719 paullo
717 673 869 708 interius
889 677 1073 718 scutatos,
1098 673 1134 708 in
1155 676 1391 712 remotissimo
1411 677 1572 722 equites.

119 732 173 767 Ne
195 731 342 766 fremitu
363 739 544 775 equorum
564 729 728 775 cogitata
746 728 994 775 proderentur
1008 758 1016 773 ,
1048 730 1244 776 quiescere
1267 742 1399 767 omnes
1425 733 1570 769 silentio

119 791 269 824 servato
301 786 338 821 in
366 785 498 821 horam
529 786 675 820 tertiam
701 784 776 821 diei
797 786 912 821 iubet.
953 786 1074 830 Quum
1103 785 1240 822 deinde
1264 788 1483 834 Pompeiani
1513 800 1571 826 se-

119 845 198 880 curi
226 842 443 888 oneratique
470 842 607 888 pabulo
636 841 683 876 de
712 841 835 877 reditu
863 843 1087 889 cogitarent,
1126 846 1163 878 et
1192 843 1218 879 ii
1245 847 1415 890 quoque,
1444 846 1507 892 qui
1535 846 1572 882 in

119 902 278 937 statione
299 900 465 943 fuerant,
494 899 616 944 quiete
642 898 784 934 invitati
812 898 861 934 ad
883 900 1058 945 pabulum
1087 899 1340 946 colligendum
1365 901 1574 938 dilaberen-

118 961 198 1003 tur,
231 956 360 992 emissi
382 955 542 1002 primum
563 955 720 1001 Hispani
751 955 948 991 velocitate
969 956 1097 1002 gentili
1119 956 1156 991 in
1176 957 1346 1002 palantes
1373 952 1572 995 effundun-

119 1018 197 1058 tur,
229 1017 266 1048 et
295 1013 567 1048 convulnerant
597 1011 903 1057 confunduntque
931 1012 1022 1048 nihil
1050 1013 1122 1047 tale
1151 1017 1436 1059 exspectantes3
1463 1016 1568 1061 prius

70 1096 75 1100 „
120 1069 277 1114 deinde,
316 1079 427 1115 quam
460 1068 585 1103 resisti
612 1067 672 1103 his
703 1068 908 1114 inciperet,
947 1068 1079 1104 scutati
1107 1073 1304 1115 erumpunt
1334 1080 1354 1104 e
1383 1071 1500 1115 saltu,
1536 1075 1572 1107 et

118 1126 327 1163 redeuntes*
351 1125 390 1160 in
416 1123 587 1160 ordinem
613 1128 855 1160 consternunt
883 1128 1126 1170 vertuntque3
1173 1125 1398 1172 fugientibus
1425 1128 1570 1174 equites

119 1182 277 1219 immissi
305 1186 380 1217 toto
418 1192 483 1216 eos
513 1181 653 1227 spatio,
692 1192 765 1227 quo
801 1180 992 1217 redibatur
1023 1181 1060 1215 in
1088 1185 1229 1226 castra,
1268 1183 1456 1229 persecuti
1482 1195 1570 1220 cae-

120 1239 221 1276 dunt.
241 1265 340 1276 .....
357 1238 435 1273 Hoc
455 1237 617 1284 primum
634 1238 818 1300 prpelium
839 1238 933 1272 inter
945 1236 1151 1274 Sertorium
1171 1241 1208 1273 et
1226 1238 1442 1285 Pompeium
1462 1240 1570 1276 suit.“

119 1297 168 1332 cf.
188 1295 366 1357 Appian.
388 1294 432 1330 Β.
455 1292 492 1329 C.
523 1293 550 1337 Ι,
573 1295 652 1331 109.
678 1283 941 1341 Ἀφικομένου
972 1284 1011 1329 δ’
1038 1288 1076 1337 ἐς
1100 1284 1274 1357 Ἰβηρίαν
1301 1294 1570 1360 (Πομπηΐου),

119 1341 297 1389 αὖτίκα“
281 1362 302 1387 ο
322 1342 542 1411 Σερτώριος
559 1345 666 1393 τέλος
684 1349 797 1395 ολον,
825 1345 887 1386 ἐπὶ
906 1347 1157 1399 χορτολογίαν
1177 1341 1298 1398 ἐξιὸν,
1323 1341 1457 1396 αὐτοῖς
1472 1344 1571 1389 ὕπο-

120 1405 266 1457 ζυγίοις
291 1402 360 1443 καὶ
385 1398 609 1468 θεράπουσι
636 1401 854 1453 συνέκοψε,
885 1401 954 1441 καὶ
973 1401 1178 1459 Λαύρωνα
1205 1400 1323 1445 πόλιν
1352 1403 1572 1458 ἐφορῶντος

119 1475 242 1501 αυτου
225 1461 466 1512 Πομπηΐου
484 1454 675 1511 διήρπασε
689 1474 756 1499 και
771 1458 1030 1509 κατέσκαψεν.
1060 1463 1113 1498 De
1131 1463 1265 1500 eadem
1280 1474 1322 1500 re
1337 1475 1376 1500 v.
1387 1465 1572 1502 Plutarch.

121 1522 157 1557 in
179 1520 320 1558 Sertor.
347 1531 381 1556 c.
407 1522 461 1558 18.
500 1519 697 1555 Praeterea
719 1520 767 1555 cf.
790 1520 899 1555 etiam
923 1519 982 1554 Fr.
1004 1519 1080 1555 Ine.
1103 1524 1162 1558 10.

232 1578 294 1613 Fr.
314 1579 374 1615 23.
419 1576 548 1621 [Deest
575 1574 677 1621 apud
697 1574 879 1619 Cortium,
911 1575 1150 1611 Gerlachium
1180 1575 1242 1612 ed.
1262 1577 1347 1622 mai.
1371 1582 1408 1613 et
1426 1578 1516 1614 min.
1534 1582 1574 1616 et

120 1633 394 1676 Debrossium.]
446 1632 710 1678 Fragmentum
738 1632 906 1679 servavit
935 1630 1208 1668 Commentator
1239 1637 1348 1669 vetus
1377 1633 1426 1669 ad
1451 1633 1570 1670 Cicer.

120 1702 177 1727 or.
208 1701 246 1737 p.
268 1690 426 1733 Flacco,
457 1687 559 1734 apud
579 1688 646 1730 An
659 1699 696 1734 g.
717 1688 886 1724 Maium
913 1688 951 1722 in
971 1687 1081 1723 Auct.
1105 1686 1223 1724 Class.
1247 1688 1353 1724 Tom.
1376 1689 1415 1725 ΙΙ.
1444 1701 1480 1736 p.
1500 1693 1570 1734 16„

121 1747 183 1784 ubi
202 1746 298 1782 haec
323 1745 517 1791 leguntur:
555 1772 578 1788 „
593 1743 671 1780 Sed
691 1744 790 1779 enim
812 1743 913 1790 quod
932 1747 1128 1790 paternum
1150 1744 1310 1780 amicum
1330 1743 1398 1780 Cn.
1416 1746 1570 1792 Pompei

120 1803 286 1839 Laelium
316 1801 424 1845 dicit,
453 1801 587 1847 opinor
610 1800 659 1836 ad
680 1804 824 1846 tempus
853 1801 939 1836 belli
962 1799 1167 1836 Sertoriani
1197 1811 1284 1836 esse
1315 1801 1568 1846 referendum,

119 1871 192 1907 quo
222 1858 361 1895 ibidem
382 1858 531 1893 Laelius
561 1861 669 1903 pater
695 1856 808 1893 huius
836 1858 882 1892 ab
909 1856 1148 1892 Hirtuleianis
1177 1856 1395 1894 interfectus
1427 1862 1572 1902 θεῖναί

118 1918 171 1952 ait
191 1915 404 1958 Sallu-stim,
438 1913 652 1960 receptis
680 1914 933 1960 plerisque
964 1913 1122 1959 signis
1150 1912 1446 1951 militaribus
1466 1925 1568 1950 cum

118 1973 247 2008 Laeli
279 1982 392 2017 corp
405 1972 525 2006 ore.“
571 1970 715 2014 Verba,
745 1974 841 2016 qu'ae
862 1969 1026 2005 diductis
1047 1969 1177 2007 litteris
1197 1969 1444 2016 exprimenda
1460 1972 1569 2007 cura·

119 2029 255 2072 vimus,
286 2038 374 2063 num
397 2027 480 2063 sola
498 2026 666 2064 Sallustii
685 2026 770 2072 sint,
798 2036 845 2062 an
865 2026 1048 2062 nonnulla*
1062 2026 1173 2062 etiam
1195 2036 1243 2061 ex
1261 2026 1569 2064 antecedentibus

118 2087 154 2121 ei
182 2084 290 2121 tribui
319 2084 499 2126 debeant,
531 2083 568 2118 in
596 2083 735 2119 incerto
764 2082 1050 2129 relinquendum
1079 2086 1157 2126 est3
1194 2081 1264 2118 sed
1283 2082 1371 2128 quin
1396 2087 1497 2119 recte
1520 2082 1571 2119 ad

115 2140 317 2178 secundum
344 2139 591 2175 Historiarum
624 2139 756 2174 librum
792 2150 838 2175 ea
874 2138 1112 2174 retulerimus
1140 2149 1214 2173 non
1245 2143 1368 2191 potest
1397 2138 1568 2184 dubitari,

118 2208 232 2244 quum
258 2196 297 2231 in
328 2195 448 2241 primo
474 2195 521 2230 de
543 2196 720 2241 Pompeio
746 2194 913 2230 nondum
943 2189 1081 2230 dictum
1108 2188 1228 2229 suerit.
1266 2188 1421 2232 Rursus
1446 2199 1569 2232 autem
1611 2188 1615 2189 ⁷

116 2253 334 2299 ambiguum
365 2254 442 2295 est,
482 2252 643 2296 quanam
669 2261 798 2297 pugna
827 2251 976 2286 laelius
1012 2260 1035 2285 a
1064 2250 1302 2286 Hirtuleianis
1330 2262 1467 2288 caesus
1499 2252 1566 2294 sit;

117 2319 232 2356 quare
255 2307 346 2344 nihil
367 2306 470 2343 aliud
490 2310 614 2352 potest
632 2307 827 2350 constitui,
856 2317 966 2352 quam
987 2309 1072 2341 ante
1091 2317 1258 2353 pugnam
1281 2306 1331 2342 ad
1348 2306 1566 2354 Segoviam,

56 2372 58 2375 '
117 2377 193 2412 qua
221 2363 442 2401 occiderunt
468 2362 636 2398 Hirtuleii
665 2364 719 2406 (v.
740 2363 840 2397 Flor.
864 2363 924 2406 111,
946 2366 1004 2406 22,
1025 2364 1101 2407 7),
1141 2363 1308 2400 Laelium
1335 2364 1567 2399 intersectum

118 2432 224 2466 esse,
267 2421 330 2467 qui
364 2420 402 2454 in
427 2429 557 2466 pugna
584 2419 814 2454 Lauronensi
849 2418 973 2454 adhuc
1006 2419 1119 2465 legati
1151 2429 1305 2455 munere
1338 2420 1566 2466 fungeretur,

116 2482 210 2514 teste
232 2476 408 2512 Frontino
430 2474 654 2521 Strategem.
675 2474 718 2518 ΙΙ,
740 2478 775 2519 5,
795 2477 851 2512 31

228 2533 288 2568 Fr.
302 2535 379 2569 24.
419 2530 534 2576 [Cort.
563 2542 602 2578 p.
629 2531 709 2569 957.
744 2530 841 2566 Gerl.
874 2529 935 2564 ed.
966 2530 1055 2566 mai.
1083 2530 1126 2574 II,
1142 2534 1203 2569 ·.12
1233 2530 1294 2566 ed.
1329 2529 1419 2566 min.
1447 2529 1490 2573 11,
1510 2531 1566 2568 42.

115 2601 155 2637 p.
173 2592 256 2632 202,
278 2591 336 2627 18.
358 2588 467 2623 Debr.
491 2587 533 2631 ΙΙ,
555 2587 649 2631 121.]
696 2587 958 2633 Fragmentum
981 2587 1090 2632 plene
1112 2590 1234 2623 exstat
1262 2585 1363 2632 apud
1381 2584 1563 2621 Priscian.

115 2646 178 2690 vl,
198 2649 233 2689 2,
252 2647 288 2683 9.
309 2656 347 2691 p.
364 2646 446 2682 224.
459 2671 468 2687 ,
501 2644 562 2690 qui
594 2647 790 2690 praeterea
811 2643 975 2688 priorem
1002 2643 1084 2678 eius
1104 2647 1247 2689 partem
1267 2651 1386 2688 usque
1417 2640 1468 2676 ad
1490 2640 1564 2678 Tu-

114 2703 214 2740 riam
235 2711 371 2749 vocem
400 2698 528 2736 laudat
560 2700 653 2736 libro
677 2699 724 2744 V,
745 2702 780 2743 2,
800 2701 836 2737 6.
858 2710 896 2744 p.
919 2700 996 2736 169.
1053 2698 1114 2734 Ad
1138 2697 1298 2735 eundem
1317 2697 1484 2735 Sallustii
1513 2698 1567 2733 lo-
