1774 3002
493 158 823 200 fflSTomARtm
849 157 1161 199 FRAGMENTA.
1219 159 1307 196 Llss.
1339 160 1397 196 111.
1582 153 1667 198 295

220 287 382 336 milites
409 301 671 348 occoepere,
699 300 789 332 non
824 287 939 347 aptis
976 284 1131 340 armis,
1162 286 1211 329 ut
1239 283 1285 330 in
1312 282 1551 344 principio,
1587 284 1663 330 la-

222 373 347 420 xiore
371 371 559 434 agmine.

357 459 425 503 87.
479 454 536 500 Ut
562 453 781 499 sustinere
803 443 992 511 corpora
1016 451 1216 513 plerique
1242 451 1519 513 nequeuntes
1543 463 1665 498 arma

222 551 306 586 sua
329 538 516 601 quisque
545 540 668 583 stans
694 535 974 582 incumberet.

220 677 269 712 ad
288 675 498 723 parendum
522 679 558 711 et
573 674 622 710 ad
643 673 879 720 disciplinam
899 673 1097 709 militarem
1115 669 1334 707 reducendo
1354 670 1459 707 ἀυοὶε
1476 670 1664 707 curtilia·

217 733 366 780 fnmra
386 732 531 780 fuisset.
560 740 563 741 ’
592 731 704 768 Solus
733 730 960 766 Debrossius
990 739 1058 776 pro
1080 732 1181 764 certo
1204 728 1274 764 scit
1303 727 1398 764 haec
1420 727 1520 764 dictu
1545 726 1661 764 luisse

220 788 269 824 de
290 789 397 825 Gellii
419 789 585 824 consulis
615 787 804 830 exercitu,
834 797 932 822 anno
959 789 1019 825 72.
1037 796 1073 821 a.
1097 784 1182 821 Chr.
1204 795 1243 820 n.
1269 795 1292 820 a
1321 783 1433 821 Crixo
1460 794 1662 832 oppresso.

217 863 283 881 --,
300 845 408 892 Aptis
424 845 512 881 voci
535 844 745 880 Freundius
765 844 803 879 in
826 843 916 878 Lex.
937 843 976 879 h.
995 853 1034 878 v.
1053 853 1092 888 p.
1112 843 1194 880 319.
1215 840 1320 879 haud
1341 845 1443 878 recte
1462 841 1538 876 vim
1556 840 1660 878 adit>

220 902 308 938 etivi
327 902 453 938 tribuit
473 902 735 948 interpretatus
759 899 976 944 commodes,
1009 898 1168 942 idom,
1197 897 1299 945 quod
1318 896 1406 934 huic
1423 898 1514 934 loco*
1528 906 1663 944 parum

220 958 409 995 convenit.
457 958 696 1004 Participium
720 967 808 993 esse
835 956 1035 992 verissime
1057 954 1154 992 vidit
1178 954 1319 999 Douza,
1350 955 1539 992 ablativos
1557 953 1659 991 modi

220 1015 275 1050 sic
293 1014 506 1062 explicans·
537 1015 655 1050 armis
682 1014 836 1060 aptam,
860 1011 1044 1060 expeditis
1061 1015 1171 1059 atque
1194 1012 1246 1047 ila
1263 1012 1488 1058 comm,
1517 1013 1577 1055 ul,
1602 1010 1665 1048 uba·

218 1079 309 1107 m
322 1072 473 1116 Μῖνα,
491 1071 545 1106 ad
559 1080 709 1106 mantem
726 1073 835 1116 atque
859 1070 898 1104 in
910 1072 1089 1116 promptu
1116 1077 1197 1104 esse
1207 1073 1375 1115 possem
1431 1064 1662 1114 Frequenter

218 1127 290 1163 isto
310 1136 427 1164 sensu
447 1127 583 1163 dicitur
607 1130 742 1174 aptare
761 1137 891 1165 amm
910 1126 959 1162 cl'.
976 1125 1056 1161 Liv.
1078 1125 1125 1169 V,
1145 1127 1204 1167 49,
1226 1128 1262 1164 3
1317 1124 1413 1163 Suos
1430 1125 1469 1160 iu
1486 1130 1661 1163 acerum

217 1183 586 1221 conseer-exaremus
603 1187 638 1220 ec
663 1194 796 1219 arma
825 1181 1124 1230 aptareiubet.
1163 1181 1211 1225 X,
1232 1184 1292 1226 33,
1311 1185 1347 1220 2.
1393 1180 1555 1217 Viam
1570 1181 1661 1217 :aas

217 1242 399 1288 aptatis
415 1242 565 1277 armis
591 1242 631 1276 in
651 1240 800 1276 ordines
818 1243 915 1275 eunt.
954 1237 1068 1282 XXII,
1092 1242 1125 1281 5,
1145 1241 1182 1276 3.
1223 1237 1269 1274 Ut
1287 1239 1352 1274 vix
1371 1238 1424 1273 acl
1441 1248 1572 1273 arma
1592 1247 1658 1274 ea—

214 1297 390 1344 pianda
418 1298 727 1344 aptandaque
754 1306 908 1343 puqnae
937 1299 1156 1342 competeret
1191 1296 1349 1331 anirnus.
1414 1294 1519 1330 Patet
1547 1293 1660 1343 igitur

218 1351 436 1390 Sallustium
457 1354 573 1401 prisci
593 1353 699 1390 verbi
718 1362 835 1400 apere
854 1352 1051 1402 participio
1073 1361 1181 1387 usum
1211 1362 1299 1388 esse
1329 1362 1397 1398 pro
1419 1351 1559 1387 ttitiore
1588 1351 1657 1387 fre-

219 1410 435 1456 queniativo
454 1412 599 1457 aptare.

328 1466 390 1502 Fr.
408 1467 468 1505 87.
502 1464 618 1512 [Cort.
639 1478 678 1513 p.
699 1467 782 1504 978.
803 1465 901 1501 Gerl.
922 1463 982 1501 ed.
1001 1464 1090 1500 mai.
1110 1463 1169 1509 ΠΙ,
1186 1467 1244 1502 25.
1260 1463 1323 1499 ed.
1349 1463 1436 1500 min.
1458 1463 1521 1509 ΙΙΙ,
1540 1465 1598 1502 12
1617 1474 1656 1512 p.

216 1525 298 1566 216,
327 1525 383 1560 lo.
414 1521 540 1559 hebr.
564 1523 610 1566 II,
631 1523 730 1567 1170]
790 1521 903 1558 Arus.
926 1534 965 1557 v.
984 1520 1169 1565 ὶηαιηιὺο,
1196 1531 1236 1567 p.
1257 1523 1341 1560 235.
1363 1525 1398 1556 et
1418 1519 1527 1556 Liud.
1585 1520 1657 1556 Pro

216 1580 367 1626 quicque
386 1579 425 1615 in
447 1579 535 1615 cod.
557 1580 731 1615 Ambros.
753 1582 811 1614 est
828 1579 1010 1626 quisquis,-
1039 1587 1109 1624 pro
1127 1581 1230 1613 stans
1257 1581 1383 1614 autem
1402 1578 1441 1613 in
1461 1576 1598 1614 eodem
1622 1581 1659 1612 et

217 1636 255 1672 in
276 1634 371 1674 Gud.
402 1635 537 1682 legitur
556 1637 716 1679 hastatas,
749 1645 845 1681 quae
866 1634 958 1670 vitia
986 1634 1095 1670 facile
1114 1638 1274 1681 possunt
1299 1645 1352 1671 ex
1370 1632 1505 1670 Servio
1532 1644 1657 1670 emen-

218 1691 312 1736 dari,
332 1692 395 1739 qui
418 1691 468 1727 ad
487 1692 595 1739 Virg.
621 1694 717 1728 Aen.
738 1691 801 1735 IX,
824 1693 906 1729 229.
929 1690 1174 1738 posteriorem
1194 1690 1223 1726 F
1224 1687 1577 1738 tegmenti'partem
1601 1690 1656 1727 sic

216 1749 346 1785 referte
368 1748 465 1796 fessi
477 1759 586 1784 arma
607 1757 677 1784 sua
696 1748 847 1796 quisque
871 1750 1009 1784 slantes
1026 1747 1247 1784 §recumbet-e.
1306 1745 1411 1792 Quae
1431 1750 1658 1794 quamquam

215 1804 430 1841 memoriter
457 1815 480 1840 a
512 1805 754 1852 grammatico
786 1803 939 1840 laudata
966 1808 1071 1848 sunt,
1102 1807 1143 1839 ut
1159 1807 1262 1850 patet
1290 1807 1366 1839 tum
1396 1814 1444 1839 ex
1464 1814 1532 1848 eo,
1553 1803 1655 1850 quod

217 1860 384 1897 Sallustii
409 1862 523 1897 verba
541 1862 722 1897 sustinere
740 1869 901 1907 corpora
920 1861 1091 1907 plerique
1121 1863 1343 1906 nequeuntes
1366 1871 1441 1895 uno
1472 1859 1656 1896 vocabulo

214 1915 309 1962 fessi
328 1917 545 1963 complexus
568 1919 638 1959 est,
665 1920 742 1952 tum
762 1926 810 1950 ex
831 1919 970 1952 mutata
989 1917 1196 1952 sententiae
1216 1917 1335 1951 forma
1354 1912 1565 1960 universa,'
1579 1914 1656 1952 hoc

218 1975 341 2007 tamen
361 1976 463 2008 certa
477 1973 542 2007 via
563 1972 792 2019 intelligitur,
815 1975 916 2007 stare
937 1983 960 2007 a
979 1970 1157 2008 Sallustio
1178 1972 1296 2007 fuisse
1322 1973 1498 2019 positum.
1558 1970 1653 2008 Nam

217 2056 321 2120 turus
345 2084 521 2121 Servius:
545 2084 672 2132 „quod
690 2086 800 2128 stam,
822 2078 951 2131 inquit,
971 2087 1007 2120 et
1027 2084 1187 2121 Romani
1207 2084 1321 2121 moris
1342 2089 1411 2130 est,
1438 2089 1475 2120 et
1496 2071 1655 2122 bellisne

216 2140 462 2177 necessitatis.
522 2112 628 2176 H’unc
652 2145 774 2176 autem
799 2141 924 2176 standi
947 2141 1113 2178 habitum
1140 2146 1177 2177 et
1198 2141 1398 2178 Sallustius
1430 2148 1654 2178 cmmemo-

215 2201 284 2240 rat,
308 2201 368 2233 ut.
387 2196 483 2244 sessi
499 2197 599 2233 etc.“
624 2197 769 2234 Rursus
790 2208 836 2232 ex
854 2209 912 2242 eo,
935 2196 1036 2244 quod
1058 2197 1270 2234 Arusianus
1290 2198 1402 2234 habet
1420 2195 1653 2242 incumberet,

214 2253 368 2300 planum
391 2253 444 2297 fit,
458 2254 639 2300 pluralem
656 2257 817 2290 stantes
835 2265 911 2290 non
931 2253 1098 2291 Sallustii
1120 2266 1221 2299 esse,
1249 2253 1317 2290 sed
1340 2254 1478 2299 Servii,
1498 2255 1652 2291 liberius

215 2309 315 2345 illius
335 2311 452 2346 verba
472 2310 675 2346 referentis.
702 2311 914 2347 Inconsulto
936 2311 1047 2358 igitur
1068 2309 1209 2355 Carrio,
1232 2322 1342 2358 quem
1360 2312 1510 2358 plurimi
1532 2313 1649 2348 secuti

216 2370 313 2408 sunt,
344 2367 459 2402 verba
479 2367 534 2403 sic
556 2367 759 2403 constituit:
792 2370 858 2411 „ut
876 2368 1061 2404 sustinere
1080 2377 1242 2415 corpora
1263 2369 1433 2415 plerique
1459 2379 1648 2415 nequeun-

214 2427 284 2466 tes,
302 2421 413 2469 tem,
444 2433 548 2458 arma
564 2434 633 2459 sua
661 2422 818 2471 quisque
846 2427 984 2460 stantes
1005 2424 1293 2460 incumberent-‘⁴
1351 2424 1406 2460 De
1434 2424 1650 2471 praedicato

206 2478 395 2526 'singulari
415 2489 569 2515 numero
586 2479 636 2515 ad
653 2481 803 2528 quisque
821 2481 1032 2527 appositum
1050 2481 1180 2524 relato,
1202 2481 1263 2516 ubi
1280 2481 1487 2517 subiectum
1505 2481 1651 2529 plurale

207 2539 282 2580 est,
302 2545 339 2570 v.
358 2534 518 2570 Gramm.
548 2535 609 2571 lat.
631 2539 747 2572 nostr.
767 2539 801 2578 S.
823 2538 902 2580 114,
921 2540 957 2575 2.
980 2548 1017 2573 a.
1036 2538 1096 2574 bb.
1119 2541 1195 2572 not.
1215 2540 1250 2574 5.
1271 2548 1307 2583 p.
1330 2539 1411 2575 237.
1443 2557 1492 2562 -
1527 2538 1649 2584 Argu-

212 2595 376 2628 mentum
401 2590 614 2638 Fragmenti
641 2602 798 2638 prorsus
829 2594 1010 2640 incertum
1031 2597 1107 2637 est,
1137 2592 1323 2640 siquidem
1350 2604 1412 2630 res
1440 2599 1591 2630 narrata
1611 2593 1650 2629 in

214 2647 347 2695 quovis
367 2647 467 2684 bello
486 2643 566 2683 fieri
586 2648 718 2694 potnit.
762 2648 988 2686 nebu-ossius
1007 2651 1143 2695 tamen,
1164 2649 1223 2686 eui
1245 2649 1463 2687 Gerlaehius
1482 2644 1568 2686 Vol.
1586 2649 1648 2685 ΙΙΙ.

211 2715 251 2751 p.
271 2704 350 2743 101.
370 2701 616 2740 vehementer
639 2705 869 2750 astipulatur,
898 2715 974 2742 non
993 2706 1146 2751 dubitat,
1173 2705 1261 2753 quin
1289 2715 1352 2742 res
1375 2710 1526 2743 narrata
1550 2706 1649 2741 sacta

207 2760 259 2797 sit
277 2760 315 2796 in
333 2770 462 2808 pugna
482 2759 530 2796 ad
552 2760 716 2797 Italicam
742 2762 798 2806 (v.
821 2761 871 2798 ad
889 2761 933 2807 11,
954 2763 1035 2807 21.)
1061 2772 1084 2798 a
1103 2762 1253 2798 Metello
1279 2766 1408 2799 contra
1429 2761 1646 2798 Hirtuleium
