1774 3002
188 136 272 180 270
673 143 710 180 C.
741 142 972 182 SALLUSTI
1005 145 1156 184 CRISPI

328 271 393 314 78.
455 267 664 325 Divorsa,
706 269 768 315 uti
806 269 920 316 solet
957 271 1088 316 rebus
1128 271 1331 331 perditis,
1370 276 1631 332 capessunt3

187 365 376 412 namque
409 351 480 396 alii
512 351 673 398 fiducia
708 354 939 414 gnaritatis
976 355 1172 400 locorum
1212 355 1424 401 occultam
1462 357 1628 417 sugam,

186 450 289 494 pars
317 435 464 496 globis
495 436 767 496 eruptionem
803 440 1041 484 tentavere.

185 606 232 631 ex
253 595 311 631 his
335 596 459 632 verbis
479 596 646 642 pendere
676 599 932 635 accusativum
959 611 1041 635 cum
1068 599 1262 637 infinitivo.
1322 601 1530 637 Adventare
1550 600 1631 638 Sal-

185 653 334 688 lustium
356 655 508 700 saepius
539 665 680 700 ponere
701 666 769 701 pro
799 656 972 692 advenire
994 658 1238 703 Kreyssigius
1262 661 1361 693 recte
1383 659 1523 694 monuit
1542 659 1627 695 coll.

186 709 265 745 Cat.
288 722 320 745 c.
343 709 432 753 LVI,
448 712 481 746 4.
504 711 583 758 lug.
605 711 771 756 XXVIII,
793 716 827 750 2.
851 712 1019 761 XXXVI,
1043 717 1077 751 4.
1102 713 1189 758 LIII,
1211 714 1245 752 7.
1267 713 1393 760 XCIX,
1416 719 1448 752 l.

297 766 358 803 Fr.
381 769 440 806 78.
482 766 596 812 [Cort.
619 779 655 814 p.
680 771 760 807 962.
803 769 903 805 Gerl.
928 769 986 806 ed.
1008 770 1096 806 mai.
1118 770 1175 815 ΙΙΙ,
1196 773 1231 808 2.
1261 771 1321 806 ed.
1342 772 1430 807 min.
1452 772 1512 816 111,
1533 774 1568 810 9.
1589 783 1626 818 p.

183 826 265 868 216,
287 828 320 861 5.
366 824 477 859 Debr.
497 824 540 869 II,
563 826 660 870 137.]
720 824 852 862 Totum
881 826 943 862 Fr.
967 831 1088 863 exstat
1119 827 1220 873 apud
1242 828 1402 863 Nonium
1422 827 1464 872 ΙΙ,
1485 831 1566 868 367.
1589 840 1627 875 p.

184 884 264 926 116,
284 884 341 917 20.
365 881 493 926 Mero„
516 892 584 917 sex
608 882 735 928 priora
756 884 872 918 verba
892 885 1002 919 etlam
1025 882 1127 930 apud
1150 883 1266 920 Prisc.
1284 884 1330 929 X,
1350 887 1386 929 8,
1409 887 1469 922 45.
1490 896 1528 932 p.
1546 887 1628 923 504.

184 938 261 982 Kr.,
284 937 354 973 sed
375 942 506 974 neutro
527 939 610 974 loco
632 939 723 975 satis
745 939 964 977 emendata·
993 941 1086 976 Nam
1109 940 1267 986 primum
1288 942 1325 976 in
1344 941 1538 988 plerisque
1553 942 1629 977 Pri-

185 995 303 1030 sciani
322 993 435 1030 codd.
457 994 631 1031 laudatur
649 996 831 1031 secundus
844 995 936 1033 Hist'.
955 997 1058 1041 liber,
1075 997 1196 1032 Nonio
1216 999 1358 1034 tertium
1375 1002 1511 1035 tuente.
1535 997 1627 1034 Tum

183 1062 251 1098 pro
273 1056 470 1098 capessunt
497 1052 606 1087 Nonii
635 1053 804 1099 plerique
827 1053 939 1088 codd.
960 1054 1143 1100 praebent
1161 1055 1363 1101 capes-sibit,
1390 1055 1509 1093 Paris.
1531 1066 1568 1090 οι.
1591 1052 1626 1092 δ.

182 1109 388 1155 capessium
400 1123 412 1149 ,·
430 1108 532 1155 apud
550 1107 792 1154 Priscianum,
814 1120 906 1145 vero
926 1111 1037 1156 pauci
1054 1110 1134 1146 libri
1156 1114 1280 1146 tenent
1293 1112 1494 1158 capessivit,
1509 1111 1628 1147 maior

182 1176 270 1212 pars
301 1166 491 1201 lacessivit.
551 1165 661 1210 Quod
689 1175 911 1213 quamquam
937 1167 1151 1202 Priscianus
1185 1168 1267 1214 ipse
1302 1168 1444 1214 legisse
1478 1166 1627 1205 videtur

182 1225 285 1267 (nam
308 1226 345 1257 et
366 1221 532 1258 Sallustii
554 1223 637 1259 loco
657 1223 780 1266 utitur,
811 1224 850 1258 ut
877 1225 1010 1270 probet
1037 1224 1186 1260 Latinos
1217 1223 1360 1260 dixisse
1384 1225 1567 1269 lacessivi,
1591 1228 1627 1260 et

183 1279 305 1316 statim
324 1283 412 1325 post
434 1288 587 1326 capesso
608 1284 647 1315 ut
676 1279 846 1315 eiusdem
875 1281 1023 1327 generis
1054 1279 1219 1325 laudat),
1252 1285 1375 1317 tamen
1396 1281 1531 1317 salsum
1555 1284 1625 1326 est,

181 1340 217 1371 et
237 1337 312 1371 iam
333 1338 418 1371 ante
438 1336 672 1372 Priscianum
694 1336 731 1371 in
749 1335 840 1372 Sall.
860 1336 972 1373 codd.
996 1337 1201 1373 scribarum
1223 1338 1333 1384 culpa
1354 1338 1505 1374 invasit.
1555 1337 1625 1374 Ca-

173 1402 329 1440 pessere
359 1393 444 1439 ipsa
472 1393 655 1428 sententia
678 1392 842 1439 flagitat,
877 1404 989 1440 quum
1019 1393 1066 1429 de
1095 1393 1258 1431 diversis
1286 1395 1445 1431 consiliis
1481 1397 1625 1441 agatur,

182 1461 278 1497 quae
308 1460 383 1485 non
403 1450 648 1494 lacessuntur,
671 1449 739 1485 sed
755 1451 954 1497 capiuntur
973 1451 1034 1486 vel
1055 1454 1298 1497 capes-santur
1308 1465 1320 1492 ;
1339 1451 1478 1498 pariter
1495 1461 1626 1493 neces-

182 1507 302 1543 sarius
325 1510 382 1543 est
399 1507 555 1554 pluralis
577 1510 729 1554 propter
748 1508 814 1543 alii
831 1528 887 1533 ——
904 1516 1036 1554 pars,
1053 1506 1102 1544 de
1135 1517 1208 1554 quo
1241 1517 1395 1543 numero
1428 1507 1624 1543 eominus

181 1563 437 1608 dubitandum,
459 1573 571 1610 quum
590 1564 787 1611 capessiuit
803 1563 959 1600 eosdem
977 1564 1089 1610 plane
1111 1564 1312 1600 litterarum
1333 1564 1462 1611 apices
1478 1563 1626 1607 habeat,

181 1632 276 1667 quos
297 1623 506 1667 capessunt.
519 1639 575 1644 —
590 1620 660 1656 Pro
676 1629 772 1667 pars
788 1620 824 1655 in
845 1621 1016 1657 omnibus
1034 1620 1144 1657 Nonii
1167 1619 1278 1656 codd.
1297 1624 1353 1657 est
1371 1622 1508 1668 sparsi,
1525 1619 1625 1667 quod

180 1677 308 1713 Dousa
327 1676 525 1713 verissime
542 1676 768 1720 emendavit,
790 1688 902 1723 quum
922 1687 1040 1713 voces
1055 1677 1121 1712 alii
1135 1697 1187 1703 -——
1198 1687 1299 1723 pars
1315 1677 1538 1724 saepissime
1555 1676 1625 1715 sibi

182 1733 457 1780 respondeant;
487 1744 525 1769 v.
548 1732 597 1768 ad
618 1732 697 1770 Cat.
720 1733 763 1780 11,
784 1737 818 1771 l.
840 1733 920 1780 Iug.
941 1732 1039 1777 XIX,
1064 1736 1095 1770 1.
1128 1733 1235 1768 Nullo
1252 1731 1364 1768 modo
1391 1737 1516 1769 autem
1537 1732 1623 1768 ferri

180 1794 304 1837 potest
327 1789 446 1827 Coleri
468 1789 705 1827 coniectura:
736 1791 885 1826 occulta
902 1789 1004 1836 fuya
1031 1789 1168 1836 sparsi,
1193 1789 1281 1824 alii
1305 1788 1419 1836 ylobis
1445 1798 1499 1824 er.
1519 1792 1626 1829 tent.;

181 1856 304 1894 neque
325 1847 446 1894 magis
466 1846 663 1893 probanda
683 1846 868 1883 Gerlachii
892 1847 1076 1893 scriptura
1106 1856 1128 1881 a
1151 1844 1273 1882 Cortio
1291 1846 1408 1892 petita
1435 1846 1481 1881 in
1501 1845 1622 1880 occul-

181 1909 255 1940 tam
272 1903 403 1952 fuyam
418 1904 547 1951 sparsi
554 1919 566 1944 ,-
589 1904 676 1939 alii
692 1913 748 1939 er.
767 1906 866 1949 tent„
888 1913 1046 1950 quorum
1070 1912 1179 1937 nemo
1201 1901 1306 1946 vidit,
1327 1902 1390 1948 qui
1404 1901 1533 1948 sparsi
1545 1909 1625 1937 esse

181 1961 364 2007 dicantur,
384 1971 458 1996 non
481 1961 649 2007 potuisse
669 1959 864 2006 idipsum,
894 1963 934 1995 ut
955 1962 1233 2006 spargerentur,
1254 1958 1402 1995 consilio
1419 1958 1556 1994 faeere.
1572 1976 1619 1983 —

181 2018 235 2053 De
261 2018 422 2054 dictione
445 2019 498 2053 uli
512 2018 603 2053 solet
620 2028 657 2053 v.
685 2027 800 2063 supra
823 2016 871 2052 ad
891 2016 950 2053 Fr.
967 2016 1025 2062 111,
1047 2018 1103 2054 52.
1127 2035 1184 2041 --
1216 2014 1297 2060 Quo
1318 2014 1557 2051 referendum
1576 2014 1626 2050 sit

180 2075 458 2122 Fragmentum,
491 2074 582 2110 satis
609 2075 808 2110 obscurum
836 2076 912 2117 est;
953 2077 1073 2108 tamen
1106 2083 1154 2108 ex
1180 2075 1470 2108 commemorata
1487 2071 1624 2118 fiducia

179 2132 372 2178 ynaritatis
393 2131 554 2167 locorum
574 2130 732 2166 coniicio
756 2129 802 2165 de
824 2129 990 2176 fugitivis
1009 2128 1070 2164 hic
1093 2128 1232 2165 dictum
1254 2127 1370 2164 fuisse
1382 2138 1393 2173 ;
1427 2128 1489 2174 qui
1510 2137 1623 2174 quum

181 2187 291 2223 rebus
313 2187 471 2234 perditis
500 2187 617 2223 ruisse
649 2187 840 2230 dicantur,
877 2185 925 2221 de
947 2185 1049 2222 nulla
1078 2196 1118 2220 re
1141 2183 1374 2221 commodius
1402 2179 1442 2220 id
1466 2180 1621 2230 intelligi

180 2247 322 2291 potest,
355 2254 466 2290 quam
490 2242 536 2278 de
558 2242 658 2279 Crixi
682 2242 808 2286 clade,
838 2241 1034 2277 coniuncta
1059 2252 1174 2288 opera
1199 2242 1240 2277 L.
1263 2240 1372 2277 Gellii
1398 2241 1567 2277 consulis
1588 2243 1624 2276 et

181 2300 226 2345 Q.
249 2300 347 2335 Arrii
367 2300 551 2346 praetoris
568 2299 735 2335 secundo
764 2299 852 2334 belli
873 2309 983 2362 anno,
1007 2298 1030 2334 i.
1053 2309 1087 2333 e.
1109 2299 1164 2336 72.
1186 2308 1221 2333 a.
1244 2296 1330 2334 Chr.
1354 2308 1404 2344 n.‚
1433 2297 1480 2334 iis
1498 2297 1622 2340 illata;

184 2358 232 2393 cl'.
255 2356 416 2418 Appian.
451 2355 493 2391 B.
524 2354 564 2391 (3.
584 2356 611 2399 l,
633 2358 712 2395 117.
777 2351 832 2391 Οἱ
857 2344 936 2390 δ’ἐν
961 2347 1067 2390 α’στει
1093 2365 1184 2398 τους
1210 2345 1385 2398 ὑπάτους
1412 2348 1623 2418 ἐξέπεμπον

183 2424 278 2462 μετα
303 2405 376 2448 δύο
393 2411 535 2474 τελῶν,
568 2407 636 2447 καὶ
661 2403 811 2448 τούτων
839 2402 916 2446 ὑπὸ
945 2405 1016 2459 μὲν
1047 2405 1219 2475 θατέρου
1243 2407 1384 2460 Κρίξος
1401 2401 1623 2476 ἡγούμενος

182 2466 422 2521 τρισμυρίων
447 2458 611 2529 ἀνδρῶν
631 2463 720 2530 περι
748 2457 790 2502 τὸ
814 2459 1024 2529 Γάργανον
1048 2459 1139 2516 ὅρος
1156 2459 1316 2515 ἡττᾶτο,
1346 2460 1414 2501 καὶ
1433 2457 1508 2502 δυο
1525 2459 1623 2514 μέρη

182 2526 253 2562 τοῦ
281 2523 447 2588 στρατοῦ
468 2520 536 2560 καὶ
563 2514 679 2568 αὐτὸς
706 2518 954 2559 συναπώλετο
973 2513 1117 2567 αυτοῖς.
1164 2522 1350 2559 Plutarch.
1371 2522 1409 2557 in
1430 2521 1567 2558 Crasso
1588 2532 1622 2556 c.

182 2585 217 2628 9,
237 2586 331 2618 extr.
387 2572 648 2645 Ἀμφοτέρους
666 2575 877 2627 ἐξέπεμπον
896 2591 987 2624 τους
1005 2571 1199 2627 ὑπάτους,
1230 2590 1287 2615 ων
1305 2573 1464 2621 Γέλλιος
1489 2571 1561 2625 μὲν
1580 2568 1624 2612 τὸ

184 2628 433 2688 Γερμανικὸν
470 2630 610 2700 ὕβρει
611 2633 679 2673 καὶ
707 2629 930 2685 φρονήματι
955 2634 1034 2672 τῶν
1061 2631 1344 2686 Σπαρτακείων
1380 2622 1623 2682 ἀποσχισθὲν

184 2691 370 2743 ἐξαίφνης
389 2685 610 2742 ἕμπεσων
593 2704 702 2729 απαν
721 2687 933 2742 διέφθειρε.
993 2689 1339 2739 Liv.Epit.XCV1.
1397 2687 1465 2734 „Q
1487 2689 1623 2725 Arrius

176 2755 335 2799 praetor
350 2750 514 2796 Gru-um,
531 2749 765 2797 sicqitivorum
785 2748 925 2793 ducem,
947 2757 1028 2784 cum
1049 2748 1174 2795 minti
1188 2745 1341 2785 malim
1357 2716 1542 2784 himinum
1561 2753 1620 2780 ce-
