1774 3002
142 141 196 187 12
576 183 579 185 a
619 145 658 183 c.
687 146 920 186 SALLUSTI
950 147 1104 186 cmsm

143 270 294 317 servili
312 271 494 331 imperio
514 273 663 332 patres
684 273 856 332 plebem
875 288 1096 330 exercere,
1127 274 1182 320 de
1202 273 1292 319 vita
1311 275 1444 335 atque
1462 259 1592 337 tergo

141 356 267 417 regio
291 370 414 402 more
430 357 676 413 consulere,
708 372 820 418 agro
844 356 1021 417 pellere,
1055 359 1110 413 et,
1144 357 1301 403 ceteris
1322 358 1591 418 expertibus,

144 439 227 486 soli
255 439 299 485 in
319 439 502 499 imperio
524 456 672 502 agere.
724 440 893 496 Quibus
913 441 1081 502 agitata
1099 441 1295 488 saevitiis
1328 443 1370 488 et
1387 457 1593 490 maxume

142 523 308 569 fenoris
341 538 475 570 onere
507 538 724 583 oppressa
751 525 902 585 plebes
923 541 1057 587 quum
1085 525 1276 571 assiduis
1297 525 1422 571 bellis
1449 526 1594 573 tribu-

143 610 235 655 tum
273 608 403 654 simul
444 610 487 653 et
505 607 707 653 militiam
734 609 964 666 toleraret,
1004 612 1170 656 armata
1199 611 1392 655 montem
1419 625 1594 657 sacrum

143 680 276 754 atque
296 692 570 739 Aventinum
598 691 779 748 insedit,
822 695 1002 756 tumque
1033 694 1233 740 tribunos
1264 693 1405 753 plebis
1437 695 1480 741 et
1509 695 1595 741 alia

143 840 241 873 totus
263 838 368 873 locus
390 849 458 884 pro
481 836 668 873 uberrimo
688 836 890 872 verborum
912 831 1223 874 Sallustianorum
1242 839 1509 875 commentario
1529 839 1594 875 ha-

142 895 222 931 beri
249 898 384 942 potest.
403 913 464 921 —
498 894 654 930 Fenoris
675 894 872 939 vocabuli,
903 894 1005 941 quod
1033 895 1071 930 in
1092 895 1293 942 Augustini
1321 894 1408 931 edd.
1430 899 1466 931 et
1493 896 1596 943 apud

143 951 308 988 Cortium
330 952 502 990 scribitur
521 950 706 998 foenoris,
736 950 773 985 in
796 954 951 998 utraque
974 943 1161 988 Gerlachii
1189 955 1312 988 autem
1332 952 1496 989 editione
1516 953 1595 1000 foe-

143 1010 257 1054 neris,
279 1020 344 1044 cur
363 1010 522 1055 primam
540 1009 723 1055 syllabam
744 1018 811 1053 per
834 1017 853 1043 e
874 1008 1150 1055 scripserimus,
1171 1012 1273 1055 patet
1291 1020 1338 1044 ex
1355 1010 1594 1046 annotatione

145 1065 195 1102 ad
212 1065 291 1102 Cat.
309 1064 476 1110 XXXIII,
502 1069 534 1103 1.
557 1076 594 1111 p.
613 1067 690 1103 153.
720 1064 772 1099 De
790 1064 916 1101 media
930 1067 1077 1112 syllaba
1091 1076 1159 1112 per
1173 1077 1194 1102 ο
1211 1066 1411 1102 scribenda
1427 1077 1465 1102 v.
1483 1066 1593 1103 Conr.

144 1123 260 1169 Leop.
283 1122 505 1159 Schneideri
527 1122 690 1158 Gramm.
712 1121 789 1160 Lat.
812 1121 864 1166 ΙΙ,
895 1126 929 1160 1.
949 1134 985 1169 p.
1009 1124 1089 1161 1-77.
1115 1142 1165 1149 -
1225 1122 1279 1158 De
1299 1124 1458 1160 tolerare
1477 1125 1594 1160 verbo

145 1191 180 1216 v.
202 1179 252 1216 ad
274 1177 352 1215 Cat.
375 1191 406 1216 c.
429 1179 573 1227 XXIV,
594 1181 630 1216 3.
676 1178 802 1214 Verba
830 1182 985 1215 montem
1003 1189 1154 1215 sacrum
1175 1183 1284 1227 atque
1304 1179 1519 1216 Aventinum
1537 1182 1594 1216 in-

143 1237 238 1273 sedit
255 1248 331 1272 non
352 1236 399 1272 de
424 1236 569 1272 duabus
591 1238 654 1271 aut
677 1234 772 1271 adeo
793 1236 962 1282 pluribus
984 1236 1264 1273 secessionibus
1287 1236 1473 1284 capienda
1493 1248 1593 1283 esse,

146 1298 184 1330 ut
205 1293 328 1330 Cortio
348 1294 498 1341 placuit,
526 1293 595 1329 sed
617 1292 664 1327 de
687 1292 809 1338 prima
828 1296 967 1329 tantum
990 1294 1208 1330 secessione
1229 1304 1326 1329 anno
1347 1296 1428 1333 494.
1450 1305 1487 1330 a.
1508 1293 1594 1331 Chr.

145 1362 183 1387 n.
205 1352 314 1396 facta,
336 1352 521 1387 Linkerus
543 1350 590 1386 de
607 1349 699 1386 Sall.
718 1349 876 1385 Historr.
893 1350 1065 1387 Prooem.
1085 1363 1123 1398 p.
1146 1353 1203 1389 48.
1222 1354 1322 1387 recte
1338 1351 1447 1388 vidit.
1484 1352 1595 1388 Plebs

145 1409 245 1445 enim
265 1411 339 1444 tum
357 1411 519 1443 montem
538 1410 641 1443 trans
657 1406 854 1452 Anienem,
875 1408 937 1454 qui
953 1411 1085 1454 postea
1103 1419 1211 1444 sacer
1228 1407 1349 1444 dictus
1363 1411 1420 1445 est
1440 1409 1496 1452 (v.
1517 1407 1594 1445 Cic.
1639 1418 1641 1420 ·

146 1477 184 1513 p.
209 1463 320 1501 Corn.
343 1465 403 1500 Fr.
424 1467 484 1503 23.
506 1475 543 1511 p.
565 1466 647 1502 451.
670 1463 782 1500 Orell.
801 1463 899 1500 Fest.
919 1475 958 1511 p.
977 1467 1059 1510 318,
1081 1468 1138 1503 20.
1161 1464 1224 1501 ed.
1242 1465 1390 1510 Muell.)
1409 1467 1445 1500 et
1462 1466 1595 1512 paucis

148 1522 280 1558 diebus
291 1526 377 1570 post
388 1521 614 1558 Aventinum
625 1520 837 1567 occupavit,
854 1520 953 1557 unde
965 1522 1024 1557 alii
1039 1522 1241 1569 scriptores
1252 1522 1446 1559 brevitatis
1459 1532 1597 1559 caussa

145 1578 260 1616 modo
283 1590 431 1615 sacrum
450 1582 634 1622 montem,
667 1578 870 1622 velutLiv.
891 1578 922 1614 II
936 1607 944 1623 ,
966 1581 1030 1623 32,
1060 1582 1115 1623 3.,
1139 1579 1201 1615 alii
1219 1578 1333 1615 modo
1353 1579 1594 1624 Aventinum,

147 1637 250 1673 velut
267 1637 354 1673 Piso
376 1635 477 1682 apud
498 1636 582 1671 Liv.
612 1635 637 1670 l.
658 1636 683 1670 l.
702 1637 742 1669 et
759 1633 854 1670 Sall.
877 1635 958 1682 lug.
989 1646 1023 1671 c.
1044 1635 1183 1681 XXXI,
1212 1637 1289 1680 17„
1308 1637 1518 1672 obsessum
1542 1636 1596 1672 di-

147 1697 254 1738 cunt,
285 1704 380 1740 quae
402 1692 637 1728 confundens
658 1690 862 1730 Diomedes
890 1699 929 1738 p.
950 1694 1032 1731 439.
1054 1691 1204 1728 Putsch.
1225 1691 1452 1728 Aventinum
1472 1693 1594 1739 ipsum

147 1754 310 1787 montem
332 1761 481 1786 sacrum
507 1749 733 1796 appellatum
755 1753 841 1784 esse
870 1748 1072 1784 contendit.
1110 1748 1200 1785 Cum
1220 1748 1396 1786 Sallustio
1424 1743 1614 1800 congruis

149 1806 227 1844 Cic.
249 1807 295 1856 de
316 1818 398 1854 rep.
419 1807 461 1850 ΙΙ,
489 1809 548 1851 33,
567 1808 626 1844 58.
665 1804 761 1841 Nam
783 1816 893 1852 quam
915 1809 1010 1841 esset
1029 1815 1080 1842 ex
1097 1815 1187 1842 aere
1205 1806 1324 1842 alieno
1347 1810 1523 1842 commota
1543 1807 1595 1842 ci-

146 1866 258 1911 vitas,
279 1864 385 1912 plebs
401 1866 560 1900 montem
581 1871 731 1898 sacrum
746 1863 878 1908 prius,
906 1862 1036 1899 deinde
1054 1862 1268 1899 Aventinum
1285 1864 1487 1910 occupavit.
1532 1863 1597 1899 Al-

149 1927 236 1958 tera
259 1921 428 1958 secessio
450 1921 488 1956 in
513 1919 741 1957 Aventinum
769 1919 867 1954 faeta
895 1923 952 1955 est
971 1930 1068 1955 anno
1097 1930 1133 1955 a.
1157 1918 1244 1956 Chr.
1272 1930 1309 1955 n.
1338 1921 1422 1958 449.
1453 1919 1503 1955 ad
1533 1919 1597 1955 de-

150 1980 401 2015 cemvirorum
429 1977 698 2013 intolerabilem
727 1975 1017 2012 dominationem
1049 1976 1320 2024 frangendam;
1356 1986 1396 2012 v.
1425 1976 1507 2013 Liv.
1535 1976 1595 2021 111,

149 2039 206 2081 51,
229 2040 287 2074 10.
311 2046 393 2082 sqq.
408 2054 466 2059 —
494 2035 534 2070 In
551 2034 677 2070 verbis
699 2032 861 2070 tribunos
869 2033 989 2080 plebis
1009 2036 1045 2070 et
1061 2034 1158 2070 alia
1177 2033 1247 2070 sibi
1256 2034 1341 2069 iura
1349 2032 1504 2081 paravit
1521 2044 1598 2069 vox

149 2094 225 2129 alia
247 2103 322 2128 non
339 2091 513 2128 continuo
536 2091 693 2127 refertur
713 2089 763 2126 ad
782 2090 954 2137 tribunos,
977 2101 1063 2126 nam
1082 2090 1218 2126 tribuni
1235 2090 1307 2137 ipsi
1327 2090 1386 2127 ius
1403 2100 1482 2126 non
1499 2093 1596 2135 sunt,

151 2149 221 2186 sed
236 2149 483 2186 creandorum
499 2148 727 2184 tribunorum
741 2148 817 2183 iuri
829 2148 903 2183 alia
913 2148 995 2184 iura
1007 2151 1256 2194 opponuntur.
1295 2146 1483 2194 Interdum
1499 2148 1597 2183 enim

149 2207 245 2244 alius
254 2205 450 2243 vocabulis
463 2204 638 2241 diversae
653 2204 813 2240 notionis
828 2203 1104 2251 distinguendis
1117 2204 1167 2240 ita
1179 2203 1386 2248 adhibetur,
1407 2207 1448 2240 ut
1463 2207 1596 2243 utrum-

151 2274 223 2312 que
244 2263 470 2300 vocabulum
490 2262 599 2297 latius
618 2261 756 2308 patenti
779 2261 932 2305 notioni,
958 2260 1117 2298 dicentis
1138 2261 1262 2297 animo
1285 2262 1444 2297 obscure
1464 2263 1598 2298 obver-

152 2320 260 2363 santi,
277 2323 454 2366 tanquam
464 2322 591 2366 partes
607 2317 778 2353 eiusdem
794 2318 946 2364 generis
963 2318 1218 2355 subiiciantur.
1247 2318 1296 2353 ct’.
1311 2317 1394 2354 Liv.
1409 2318 1473 2363 IV,
1489 2320 1547 2363 41,
1560 2319 1598 2355 8.

151 2377 335 2415 Eomissa
350 2376 576 2424 plaustra
596 2376 895 2421 iumentaque
918 2375 1012 2410 alia
1032 2368 1078 2410 ab
1091 2374 1183 2411 urbe
1202 2375 1405 2412 exercitum
1423 2374 1598 2422 affectum

144 2435 289 2484 proelio
309 2443 356 2470 ac
373 2434 432 2470 via
450 2436 633 2469 nocturna
653 2440 848 2478 excepere.
881 2431 963 2467 ⁴Hic
993 2442 1217 2478 quamquam
1239 2433 1398 2468 iumenta
1419 2442 1493 2467 non
1514 2434 1599 2470 sunt

144 2493 402 2541 plamtrorum
419 2501 553 2538 genus,
577 2492 698 2525 tamen
714 2492 907 2534 utrumque
923 2489 1083 2535 pertinet
1097 2488 1146 2524 ad
1159 2488 1345 2535 fessorum
1359 2488 1579 2525 adminicula
1587 2502 1600 2529 ;

153 2559 269 2598 quare
291 2558 403 2597 quum
426 2557 542 2583 voces
565 2546 639 2582 alia
659 2545 880 2593 pronomine
904 2544 1192 2592 distinguantur,
1214 2546 1360 2592 plenior
1380 2555 1514 2582 sensus
1535 2543 1596 2580 hic

154 2610 212 2643 est
222 2606 398 2653 plaustra
414 2604 560 2651 aliaque
575 2603 761 2651 fessorum
776 2601 1008 2648 adminicula,
1028 2613 1081 2638 sc.
1097 2603 1270 2638 iumenta.
1307 2601 1363 2638 Id.
1383 2601 1462 2646 VII,
1485 2603 1541 2645 19,
1560 2604 1597 2638 2.

153 2663 219 2701 Ex
236 2663 376 2711 ingenti
393 2662 618 2709 captivorum
642 2669 794 2696 numero
814 2660 967 2695 trecenti
981 2660 1242 2707 quinquaqinta
1263 2663 1340 2695 octo
1359 2658 1505 2703 delecti,
1532 2667 1598 2693 no-

154 2720 346 2757 bilissimus
371 2719 542 2766 quisque,
571 2717 636 2764 qui
661 2716 817 2753 Romam
848 2717 1094 2756 mitterentar;
1129 2717 1296 2763 vulqus
1330 2714 1460 2754 aliud
1485 2714 1597 2750 truci-

155 2778 302 2818 datam3
331 2776 356 2814 i.
388 2787 423 2812 e.
451 2775 516 2812 alii
531 2774 778 2823 captivorum,
797 2774 862 2821 qui
879 2772 1007 2821 vulqus
1032 2771 1154 2820 fuere.
1198 2773 1305 2808 Hunc
1328 2782 1456 2816 usum,
1486 2770 1598 2807 Grae-
