1774 3002
476 168 807 207 mS‘roRIAmJM
834 166 1146 204 FRAGMENTA.
1202 166 1287 202 LIB.
1315 165 1378 201 lv.
1553 158 1641 201 329

336 299 406 341 24.
459 294 634 340 Rursus
663 292 853 339 iumenta
889 291 1001 337 nacti
1030 290 1087 336 ad
1121 289 1332 352 oppidum
1355 289 1420 336 ire
1449 289 1638 335 conten-

203 376 324 425 dunt.

336 465 403 509 25.
457 459 779 508 Festinantibus
809 458 850 505 in
881 473 1051 505 summa
1086 457 1233 519 inopia
1266 456 1477 517 patribuS.

202 625 260 662 sio
279 623 484 670 indicatur,
512 621 699 669 signifieat
721 621 879 668 firmiter
905 618 1237 662 adhaeresoebmu,
1259 621 1302 654 ιιι
1314 626 1440 664 paene
1466 619 1639 652 ωιιονεια

201 681 421 719 Μαθὼν.
480 678 694 714 Vei-nacula
725 678 838 725 igitur
857 676 1089 720 adolescere,
1120 674 1222 722 quod
1251 675 1367 722 vulgo
1387 676 1446 709 est
1470 672 1636 709 heran

202 737 384 782 mecm,
403 735 465 772 hic
487 737 587 773 valet
604 734 854 771 anmchsen.
889 753 945 760 —
985 734 1089 778 Quae
1110 734 1147 768 in
1167 731 1339 767 omnibus
1361 730 1527 768 Sallustii
1546 727 1637 766 edd.

202 793 441 842 impu-incipio
460 792 573 829 huius
591 791 802 839 Fragment}
824 791 996 838 leguntur
1014 792 1130 826 verba
1148 789 1195 825 de
1207 797 1358 835 pecore,
1385 786 1487 823 omni
1509 790 1638 822 aucto·

201 851 309 886 ritate
325 850 583 894 destituuntur,
600 849 743 895 quippe
758 859 781 884 a
797 846 975 884 Carrione
993 851 1135 890 assuta,
1154 845 1231 892 qui,
1247 855 1360 891 quum
1379 842 1481 890 apud
1492 841 1639 879 Charis.

202 908 306 952 Ι,14,
328 911 366 946 2.
384 917 425 952 p·
445 909 505 944 19
527 905 636 942 Lind.
655 907 711 952 (p.
733 907 792 942 23.
815 904 873 947 P.)
893 904 1102 941 invenisset
1130 903 1255 947 „Pecu
1277 905 1316 937 et
1332 911 1451 948 pecus
1475 899 1639 946 peeoris,

204 964 299 1000 sieut
327 962 429 1010 apud
449 961 665 999 Sallustium
693 961 740 998 dc
758 961 932 1007 pecore,“
959 965 1098 997 temere
1127 958 1224 995 haec
1251 959 1371 994 verba
1394 957 1445 994 ad
1472 959 1638 992 nostrum

201 1021 352 1067 Fragm.
369 1020 557 1066 pertinere
577 1019 751 1065 opinatus
780 1022 849 1053 est.
909 1016 1023 1053 Cuius
1050 1017 1104 1052 rei
1125 1019 1166 1052 ιιι
1194 1026 1240 1052 ne
1268 1014 1461 1050 minimum
1488 1011 1639 1059 quidem

202 1076 380 1112 indicium
399 1075 568 1120 habetur,
589 1076 640 1111 ita
659 1074 888 1122 perversitas
908 1084 957 1109 ex
976 1084 1023 1109 eo
1047 1074 1181 1116 elucet,
1197 1070 1298 1119 quod
1317 1070 1419 1117 apud
1429 1068 1639 1106 Charisium

202 1134 264 1169 illa
283 1133 403 1169 verba
435 1129 547 1178 plane
574 1142 648 1167 non
673 1134 839 1175 exstant,
867 1129 937 1166 sed
965 1142 988 1166 a
1013 1129 1187 1166 Fabricio
1216 1139 1238 1164 e
1270 1128 1486 1164 coniectura
1514 1126 1641 1172 posita

202 1193 300 1236 sunt,
318 1189 383 1230 ubi
402 1189 610 1225 novissima
627 1187 872 1224 Lindemanni
891 1186 1005 1223 editio
1025 1197 1073 1222 ex
1092 1185 1285 1222 Niebuhrii
1306 1184 1504 1221 collatione
1531 1193 1639 1230 prae·

201 1248 263 1283 bet
279 1246 575 1292 ἀοηιίίίρωονῡ,
595 1244 791 1291 desumpta
810 1254 858 1279 ex
881 1244 960 1290 lug.
980 1256 1015 1280 c.
1040 1242 1187 1286 LXXV,
1208 1244 1245 1279 4.
1269 1244 1273 1246 “

314 1302 377 1338 Fr.
396 1304 457 1339 24.
481 1301 597 1346 [Cort-
617 1313 656 1348 p.
676 1304 756 1340 991.
776 1299 875 1336 Gerl.
897 1300 958 1336 ed.
977 1299 1065 1336 mai.
1088 1299 1151 1343 lV,
1165 1301 1224 1337 34.
1245 1298 1307 1334 ed.
1329 1297 1418 1332 min.
1439 1296 1502 1338 IV,
1523 1298 1583 1334 62.
1597 1305 1636 1341 p.

201 1361 284 1403 229,
305 1362 366 1397 21.
396 1357 508 1394 Debr.
527 1358 585 1402 111,
598 1358 676 1402 81.]
725 1358 821 1393 Non.
841 1357 905 1400 lv,
920 1359 980 1395 68.
999 1367 1039 1402 p.
1057 1359 1140 1399 258,
1159 1357 1219 1393 24.
1243 1355 1356 1390 Merc.
1392 1353 1446 1388 De
1471 1351 1638 1399 fugitivis

203 1415 299 1451 haee
320 1413 505 1460 capienda
523 1425 611 1450 esse
633 1413 792 1450 dubitari
814 1424 889 1448 non
907 1416 1043 1459 potest,
1063 1411 1133 1448 sed
1154 1411 1201 1447 de
1226 1409 1367 1457 oppido
1389 1410 1471 1456 ipso
1502 1419 1564 1444 res
1585 1409 1639 1443 in-

202 1475 305 1507 eerta
324 1474 395 1507 est.
452 1470 628 1507 Fortasse
651 1469 780 1506 Thurii
802 1468 1048 1516 intelligendi,
1068 1470 1131 1504 vel
1152 1469 1426 1514 Metapontum,
1456 1466 1517 1501 vel
1535 1463 1641 1501 aliud

203 1527 389 1564 Lucaniae
408 1526 611 1575 oppidum
638 1527 686 1563 es.
714 1527 812 1562 Flor.
831 1526 891 1569 ΠΙ,
904 1530 964 1570 2⁰,
982 1529 1020 1563 5.
1081 1525 1239 1561 Tam-ios
1257 1527 1368 1571 atque
1388 1521 1641 1570 Metapontum

203 1584 356 1621 terr-wi
374 1586 499 1631 maye
527 1584 799 1630 populantur.
826 1582 1054 1619 Debrossius
1081 1581 1131 1618 ad
1168 1580 1335 1628 Capuam
1369 1579 1501 1624 refert,
1538 1577 1640 1625 quod

203 1644 330 1704 aperte
350 1640 485 1676 salsum
503 1643 582 1684 est,
610 1641 698 1686 quia
721 1623 867 1687 fugitixi
892 1650 968 1675 non
992 1639 1065 1674 nisi
1086 1638 1216 1685 primo
1234 1637 1322 1674 belli
1342 1640 1510 1689 tempore
1534 1633 1641 1671 Cam-

202 1697 354 1744 paniam
372 1697 571 1740 vexabant,
591 1697 698 1733 tertio
717 1707 815 1732 anno
834 1696 873 1731 in
887 1695 1052 1731 Lucania
1074 1699 1110 1730 et
1130 1695 1357 1730 Bruttiorum
1378 1702 1471 1739 agro
1491 1703 1533 1728 se
1552 1703 1640 1728 con·

204 1754 379 1790 tinebant.
418 1769 422 1772 ·

314 1809 377 1845 Fr.
394 1813 453 1847 25.
480 1807 594 1857 [Cort-
614 1820 654 1855 p.
674 1811 755 1847 998.
782 1808 883 1844 Gerl.
904 1807 966 1843 ed.
998 1808 1086 1842 mai.
1104 1795 1179 1842 Ine.
1201 1810 1261 1844 12.
1272 1774 1344 1842 ed.
1362 1805 1452 1840 min.
1472 1805 1501 1849 Ι,
1522 1807 1582 1843 ⁷3.
1601 1816 1639 1851 p.

204 1863 651 1913 196‚5.1)ebr.11,144.]
708 1864 841 1900 Donat.
862 1863 911 1900 ad
930 1863 1014 1899 Ter.
1035 1864 1129 1899 Eun.
1153 1863 1217 1906 lv,
1236 1865 1272 1906 3,
1294 1865 1333 1899 8.
1361 1862 1442 1898 sine
1471 1861 1554 1897 libri
1587 1861 1641 1896 iu-

206 1922 317 1958 dicio.
358 1921 460 1956 Haec
486 1924 526 1956 ut
548 1920 625 1956 de
616 1921 771 1966 imperio
801 1919 937 1956 Crasso
958 1924 1088 1954 eontra
1108 1919 1286 1965 fugitivos
1302 1917 1565 1953 committendo
1587 1918 1643 1952 in·

205 1978 429 2024 telligamus,
447 1987 711 2022 permovemur
729 1987 787 2020 eo,
807 1975 909 2022 quod
929 1979 1074 2011 constat
1092 1979 1263 2011 senatum
1280 1974 1502 2018 Romanum,
1522 1973 1641 2009 maxi·

204 2034 276 2069 mis
302 2032 471 2069 cladibus
499 2043 523 2067 a
548 2031 713 2068 Sertorio
742 2032 907 2078 acceptis
930 2033 967 2067 in
990 2042 1138 2068 summa
1158 2031 1357 2066 anxietate·
1368 2030 1498 2074 ruisse,
1519 2040 1642 2076 neque

206 2089 397 2132 habuisse,
417 2089 477 2124 eui
499 2088 592 2124 illud
610 2089 747 2124 bellum
770 2087 1034 2149 demandaret,
1061 2088 1110 2122 ει.
1132 2087 1294 2134 Appian.
1311 2086 1357 2123 B.
1380 2085 1419 2124 C.
1438 2086 1467 2130 1,
1490 2090 1582 2130 118,
1589 2087 1640 2124 in.

208 2140 368 2193 Τριέτης
386 2155 426 2181 τε
442 2157 496 2207 ην
511 2137 592 2193 ἤδη
609 2140 679 2180 καὶ
698 2135 864 2193 φοβερὸς
883 2134 1017 2188 αὗτοῖς
1036 2134 1058 2179 ὃ
1078 2135 1256 2206 πόλεμος.
1313 2139 1596 2205 Προτεθείσης
1601 2153 1642 2179 τε

207 2199 433 2264 στρατηγεῖν
459 2193 590 2236 ἄλλων
615 2197 849 2249 χειροτονίας
868 2193 985 2244 ὄκνος
1004 2191 1203 2262 ἐπεῖχεν”
1175 2211 1371 2246 απαντας,
1399 2194 1468 2235 καὶ
1486 2191 1641 2261 παρήγ-

206 2253 346 2306 γελλεν
357 2248 503 2300 ofidele-
522 2252 634 2305 μέχρι
650 2254 832 2300 Λικίνιος
851 2249 1035 2319 Κράσσος
1050 2276 1107 2282 -—
1124 2247 1330 2301 ἀνεδέξατο
1352 2248 1641 2305 στρατηγήσειν.

207 2313 394 2350 Plutarch.
414 2314 454 2348 in
473 2311 601 2349 Crass.
624 2324 658 2349 c.
678 2317 735 2356 lo,
756 2313 807 2349 in.
846 2302 960 2349 Ταῦτ’
991 2303 1019 2358 ᾗ
1047 2304 1173 2375 βουλὴ
1197 2307 1408 2375 πυθομένη
1426 2314 1502 2357 (sc.
1521 2311 1642 2348 Cassii

208 2370 352 2406 cladem
373 2370 411 2404 in
434 2368 554 2405 Gallia
569 2368 777 2416 Cisalpina)
794 2359 887 2412 τούς
904 2362 1017 2416 μὲν“
995 2361 1171 2413 ιητιὶτους
1185 2362 1284 2430 πρὸς
1301 2359 1427 2416 οργὴν
1445 2363 1645 2405 ἐκέλευσεν

208 2417 373 2473 ἡσυχίαν
390 2418 514 2473 ἄγειν,
532 2417 718 2473 Κράσσον
736 2420 791 2462 δὲ
795 2424 867 2462 τοῦ
883 2420 1056 2473 πολέμου
1074 2415 1291 2474 στρατηγὸν
1310 2420 1442 2461 εἵλετο.
1471 2424 1644 2460 1d.Com-

209 2485 326 2527 parat.
348 2481 429 2516 Nic.
451 2485 487 2516 et
506 2480 644 2524 Crassi,
673 2493 707 2517 ε.
728 2485 764 2525 3,
784 2485 877 2517 extr.
938 2481 1005 2531 Τῷ
1031 2477 1075 2518 δὲ
1094 2475 1264 2532 Κράσσῳ
1289 2472 1398 2542 παρὰ
1422 2472 1553 2517 πάντα
1572 2473 1645 2517 τόν

208 2529 351 2601 χρόνον
372 2532 562 2588 ἐφιεμένω
569 2534 810 2599 στρατηγίας
821 2549 894 2585 oux
908 2529 1056 2586 ιητῆρξε
1073 2537 1215 2585 τυχεῖν,
1229 2527 1334 2584 πλὴν
1348 2532 1412 2572 ἐπὶ
1427 2529 1496 2573 τὸν
1515 2534 1643 2573 δουλι-

209 2587 283 2629 κὸν
298 2585 469 2640 πόλεμον
488 2574 581 2638 ἐξ’
557 2605 793 2642 αναγκης.
819 2594 1013 2630 Festinato
1032 2594 1144 2640 igitur
1163 2604 1275 2639 quum
1295 2592 1461 2629 Donatus
1481 2593 1644 2639 explicet

202 2659 428 2696 properare,
451 2649 605 2694 turbari,
633 2649 834 2696 trepidare,
859 2651 926 2693 (οι.
946 2649 996 2684 ad
1014 2650 1075 2691 ΠΙ,
1098 2651 1197 2692 26η)
1224 2659 1367 2690 summa
1389 2650 1559 2696 inopia
1585 2649 1642 2684 iu-

209 2705 413 2752 telligenda
442 2710 502 2741 est
526 2705 573 2740 de
594 2704 810 2742 difficultate
838 2705 965 2742 idonei
984 2705 1092 2742 ducis
1116 2704 1348 2751 reperiendi,
1376 2706 1439 2752 qui
1459 2705 1641 2752 Spartaco

208 2771 278 2807 par
297 2766 410 2798 esset.
471 2761 697 2797 Debrossius
724 2762 886 2808 empnam
904 2773 978 2797 non
999 2763 1110 2798 aliam
1130 2773 1216 2798 esse
1235 2772 1350 2807 posse
1374 2766 1499 2805 ratus,
1529 2771 1653 2807 quam.
