1774 3002
169 163 252 205 288
647 168 687 206 C.
718 169 933 208 SALLUST
934 171 948 207 1
979 170 1131 209 CRISPI

168 293 355 358 tat-etur,
394 291 520 337 cuius
553 293 795 353 torpedinis
827 298 920 340 erat
947 295 1088 355 decipi
1115 299 1159 341 et
1193 299 1444 344 vostrarum
1468 315 1611 346 rerum

166 376 283 421 ultro
310 375 492 421 iniuriae
519 376 706 436 gratiam
728 376 918 424 debere?
949 377 1184 424 Cavendus
1210 379 1340 426 dolus
1367 385 1449 428 est.
1474 382 1612 429 Nam-

166 474 253 520 que
287 459 374 505 alio
405 459 537 504 modo
568 474 712 520 neque
746 460 894 507 valent
926 461 969 507 in
1007 463 1264 520 universos,
1299 479 1444 526 neque
1470 480 1612 512 cona-

167 632 241 657 non
269 620 509 656 referendum
529 632 616 656 esse
642 620 691 656 ad
712 622 919 656 tenuissima
938 632 1016 669 spe,
1040 623 1109 660 sed
1131 624 1179 659 ad
1203 628 1276 660 tam
1288 636 1414 672 parva
1439 636 1511 670 reS,
1532 637 1610 670 ser-

163 679 238 715 vitii
258 679 422 725 pretium
448 681 571 713 autem
605 677 874 714 nominativum
906 689 992 714 esse
1030 670 1283 716 attributivum
1309 692 1404 729 quae
1438 684 1608 719 subiecti.

163 734 291 771 Totius
312 734 423 781 igitur
447 734 519 770 loci
542 745 676 770 sensus
694 734 756 770 hic
777 738 853 770 est:
876 738 949 770 tam
963 747 1086 782 parva
1104 737 1285 786 frumenti
1302 739 1492 786 laryitione
1513 740 1610 775 vobis

162 803 235 828 non
257 792 480 831 consulicum
505 791 572 827 sed
593 792 718 838 finyile
746 801 828 828 eam
855 801 933 827 esse
961 794 1221 840 amplissimam
1233 810 1244 835 ‚·
1271 798 1413 839 himen,
1437 798 1607 842 quonium

162 859 207 885 ea
235 847 330 884 nihil
353 848 455 885 aliud
479 853 590 894 esset,
622 846 893 895 quamservitii
912 851 1091 895 premam,
1115 861 1278 888 summae
1305 853 1506 900 torpedinis
1526 858 1609 889 era!

160 906 292 952 decipi.
331 923 389 930 -—
438 905 509 940 Pro
561 915 679 952 quae
732 909 853 942 tamen
907 905 1068 943 Orellius
1121 919 1169 947 ex
1207 908 1344 945 Faerni
1390 909 1607 947 coniectura

163 962 313 1010 scripsit
346 966 614 1015 quffitamen,
650 962 732 998 sine
766 963 842 998 ulla
874 964 1113 1000 necessitate.
1148 980 1207 990 -—
1251 965 1306 1001 De
1341 966 1486 1002 ratione
1519 971 1607 1013 pas-

163 1020 236 1057 sivi
267 1020 304 1055 in
327 1020 441 1055 verbo
472 1019 594 1066 decipi
620 1032 657 1054 v.
692 1019 893 1055 Grammat.
922 1021 985 1056 lat.
1016 1025 1133 1057 nostr.
1166 1026 1203 1065 S.
1225 1025 1306 1067 116,
1330 1025 1368 1062 7.
1394 1033 1427 1059 e.
1447 1028 1524 1059 not.
1548 1027 1604 1061 10.

160 1087 199 1123 p.
227 1079 312 1114 250.
339 1097 394 1101 —
428 1075 596 1111 Iniuriae
619 1079 748 1114 nostra
777 1077 994 1112 coniectura
1015 1083 1072 1113 est
1090 1089 1159 1124 pro
1189 1079 1342 1124 iniuria,
1375 1083 1414 1115 ut
1434 1079 1545 1116 codd.
1569 1085 1605 1115 et
1658 1119 1660 1121 ,

161 1132 251 1169 edd.
278 1132 429 1170 habent.
471 1131 580 1177 Quod
605 1143 829 1179 quamquam
852 1133 1050 1170 Gerlachio
1071 1134 1226 1170 mirifice
1249 1136 1373 1182 placet
1390 1138 1495 1180 (nam
1516 1136 1603 1180 Vol.

158 1190 219 1226 ΠΙ.
248 1201 288 1238 p.
315 1192 374 1229 98.
407 1191 569 1235 „iniuria
588 1189 768 1234 additum,
793 1189 922 1236 inquit,
944 1195 982 1226 ut
1006 1191 1185 1227 iudicium
1207 1189 1271 1240 [ἲ]
1303 1192 1350 1228 de
1370 1192 1442 1229 hac
1465 1192 1603 1239 agendi

159 1247 302 1283 ratione
331 1245 396 1292 [ἲ]
428 1247 682 1294 interponeret
692 1256 703 1291 ;
742 1257 863 1293 neque
893 1252 993 1292 erat,
1033 1247 1136 1294 quod
1162 1249 1324 1296 interpp.
1351 1248 1423 1286 hoc
1454 1250 1492 1285 in
1518 1250 1603 1285 loco

159 1304 416 1349 offenderent,
446 1314 531 1340 cum
557 1303 653 1340 haec
689 1303 840 1339 dicendi
878 1304 973 1340 ratio
1003 1302 1249 1351 [quaenam2]
1290 1316 1403 1352 quam
1442 1307 1602 1346 maxime

160 1359 388 1397 Sallustiana
414 1361 461 1397 sit
492 1357 581 1406 [Ἠ]
611 1361 679 1396 cfr.
709 1358 816 1396 Catil.
847 1372 881 1396 c.
908 1362 942 1405 7,
969 1363 1006 1400 4.
1025 1362 1064 1397 in
1082 1363 1217 1398 castris
1239 1372 1316 1409 per:
1343 1362 1505 1399 laborem
1534 1372 1604 1400 usu

158 1419 321 1454 militiam
340 1418 599 1463 discebant.“),
622 1421 764 1463 tamen,
794 1417 881 1464 quia
908 1422 1123 1465 corruptam
1145 1419 1255 1455 infert
1285 1420 1528 1464 sententiam,
1550 1424 1604 1455 to-

157 1475 271 1511 lerari
307 1475 408 1511 nullo
447 1478 558 1522 paeto
594 1478 732 1521 potest.
772 1473 879 1511 Nam
901 1485 1018 1521 quum
1044 1476 1142 1512 ultro
1168 1475 1374 1523 significet,
1411 1476 1472 1521 id,
1502 1475 1602 1523 quod

158 1532 398 1577 enunciatur,
429 1532 640 1578 exspectari
671 1541 744 1566 non
771 1531 979 1581 potuisse,
980 1531 1096 1572 idem
1125 1543 1199 1568 non
1226 1537 1350 1579 potest
1369 1532 1444 1569 dici
1466 1534 1603 1569 murto

157 1587 253 1634 fieri,
272 1593 310 1624 ut
331 1589 441 1625 facile
462 1591 565 1635 patet
584 1599 630 1624 ex
653 1589 859 1624 sententiae
880 1589 1188 1634 conforrnatione,
1210 1599 1307 1636 quae
1327 1590 1386 1626 sic
1405 1601 1447 1627 se
1467 1588 1601 1626 habet:

158 1649 321 1692 quantae
350 1645 560 1691 torpedinis
590 1649 670 1681 erat
692 1644 839 1691 decipi,
871 1649 906 1681 et
925 1650 1072 1682 vestras
1094 1657 1156 1682 res
1181 1656 1255 1682 non
1277 1647 1397 1683 solum
1419 1647 1600 1690 amittere,

155 1702 223 1738 sed
240 1702 333 1739 adeo
353 1703 558 1738 amissionis
576 1703 736 1748 qratiam
755 1701 899 1737 debere.
939 1701 1051 1746 Quod
1070 1713 1182 1749 quum
1203 1698 1409 1749 torpedinis
1429 1704 1601 1739 cumulus

159 1759 228 1804 sit,
261 1759 451 1806 quomodo
477 1759 615 1795 inimici
645 1758 683 1794 in
710 1758 978 1806 cogitationem
1005 1758 1096 1794 addi
1123 1759 1264 1805 possit,
1295 1770 1372 1795 non
1392 1759 1519 1805 liquet.
1559 1759 1600 1794 Id

155 1817 251 1852 bene
279 1816 473 1864 perspexit
499 1815 638 1861 Faber,
666 1814 736 1853 sed
764 1826 839 1850 non
860 1815 950 1851 satis
968 1816 1210 1862 probabiliter
1227 1815 1489 1852 incommodae
1511 1827 1593 1852 sen-

156 1873 292 1910 tentiae
319 1874 372 1909 ita
395 1872 624 1909 medendum
653 1867 816 1918 censuit,
853 1875 891 1907 ut
916 1873 978 1908 vel
1007 1873 1143 1909 im‘mw
1168 1876 1344 1919 tanquam
1367 1873 1464 1909 ultro
1491 1874 1599 1916 vocis

156 1931 287 1978 glossa
316 1930 506 1973 eiiciatur,
536 1930 596 1965 vel
627 1930 665 1965 in
686 1930 822 1967 iniuria
842 1929 1038 1965 scribatur.
1077 1928 1289 1966 Gronovius
1309 1928 1519 1966 obser-vau.
1539 1929 1599 1974 ΠΙ,

152 1990 198 2032 2,.
214 1997 252 2034 p.
273 1989 355 2026 343.
379 1987 442 2023 ed.
465 1987 551 2034 Lips
586 1986 750 2022 coniecit
767 1989 802 2022 et
819 1990 939 2022 vestra
963 1985 1323 2026 munerantibus
1345 1996 1437 2032 pro
1463 1986 1598 2022 iniuria

153 2045 313 2091 qratiam
341 2044 494 2083 debere;
528 2043 706 2090 Wassius
732 2043 780 2078 al
787 2046 892 2078 tera
923 2043 1081 2083 inim-to,-
1109 2041 1341 2079 Contarenus
1373 2043 1410 2079 in
1436 2041 1530 2078 libro
1551 2041 1598 2079 de

155 2101 182 2136 F
186 2104 388 2137 rumentar.
419 2100 527 2136 Rom.
556 2100 754 2147 largitione
781 2100 880 2135 ultra
906 2100 1093 2138 iniuriam.
1132 2098 1211 2136 Sed
1237 2098 1328 2135 nihil
1358 2099 1493 2136 horum
1513 2109 1599 2146 pro-

155 2158 236 2194 bari
263 2162 399 2204 potest.
459 2157 574 2193 Nobis
613 2167 836 2203 persuasum
864 2160 923 2192 est
944 2155 1173 2196 >Sallustium
1199 2156 1402 2202 scripsisse
1431 2156 1598 2199 iniuriae,

156 2225 230 2261 quo
259 2218 296 2250 et
328 2213 534 2250 sententiae
553 2212 751 2259 'aliquanto
781 2212 822 2247 fit
852 2212 1042 2258 acerbior,
1074 2216 1109 2247 et
1146 2214 1344 2248 verborum
1371 2212 1598 2248 constructio

155 2271 288 2318 magis
306 2270 528 2317 perspicua,
559 2269 685 2305 dativo
714 2269 763 2305 ad
793 2269 1013 2305 infinitivum
1043 2268 1182 2305 addito.
1231 2268 1379 2305 Iniuria
1406 2269 1506 2304 enim
1537 2269 1600 2304 ab-

156 2331 293 2364 stracto
322 2327 397 2363 vim
424 2325 586 2361 concreti
615 2327 824 2368 obtinente,
855 2330 893 2361 ut
925 2335 1041 2371 supra
1060 2329 1094 2369 S.
1119 2329 1189 2371 13„
1211 2336 1277 2362 eos
1299 2324 1507 2372 signifieat,
1537 2325 1601 2372 qui

155 2384 303 2430 (vobis)
322 2384 494 2420 mimium
512 2382 669 2430 faciunt.
696 2382 838 2418 Eodem
860 2380 972 2417 modo
996 2381 1098 2428 apud
1119 2382 1264 2417 Livium
1283 2381 1457 2426 XXVIII,
1476 2383 1542 2426 42,
1562 2382 1598 2419 7.

154 2442 267 2489 fraus
289 2440 423 2476 dicitur
445 2450 514 2486 pro
538 2439 708 2482 homine,
734 2439 795 2485 qui
821 2438 989 2474 fraudem
1014 2439 1110 2476 tacit.
1134 2458 1191 2463 —
1229 2438 1445 2475 Vostramm
1471 2447 1597 2473 rerum

157 2498 295 2544 duplici
323 2496 437 2532 modo
463 2500 585 2543 potest
619 2495 796 2542 intelligi,
828 2495 887 2529 vel
916 2495 985 2540 ita,
1023 2499 1060 2531 ut
1092 2496 1140 2530 sit
1165 2505 1294 2531 earum
1325 2504 1472 2540 rerum,
1502 2503 1597 2540 quae

154 2555 236 2591 iure
258 2558 401 2590 vestrae
419 2557 506 2590 sunl
526 2555 634 2598 (euer
656 2547 924 2600 Eigemhuin),
960 2552 1028 2587 sed
1058 2551 1155 2588 vobis
1187 2557 1356 2598 ereptae,
1397 2551 1455 2586 vel
1483 2551 1595 2585 nase-

155 2621 223 2646 rae
257 2611 477 2646 condicionis
499 2613 654 2646 vestrae.
684 2607 780 2644 Illud
805 2607 837 2644 si
865 2607 1085 2652 admiseris,
1107 2609 1264 2644 iniuriae
1287 2611 1344 2643 est
1365 2608 1426 2650 iis,
1451 2607 1515 2653 qui
1531 2615 1595 2641 eas

148 2677 224 2715 per
250 2668 422 2703 inim-iam
453 2666 662 2712 possidem;
695 2664 768 2700 hoc
805 2664 836 2700 si
867 2666 1023 2710 probas,
1054 2665 1091 2700 in
1123 2664 1248 2701 dativo
1279 2663 1375 2699 haec
1410 2662 1594 2698 sententia

155 2725 271 2760 inest:
292 2724 353 2767 iis,
371 2725 434 2770 qui
445 2733 519 2769 per
537 2723 709 2758 iniuriam
729 2725 870 2757 vestras
885 2731 948 2756 res
968 2722 1121 2756 miseras
1142 2720 1355 2767 effecerunt.

270 2783 304 2823 S.
327 2783 386 2818 21.
409 2779 599 2818 cavendus
617 2779 721 2816 dolus
740 2780 811 2822 est)
840 2778 892 2812 lta
913 2783 1033 2813 exstat
1057 2778 1091 2812 in
1116 2778 1198 2813 Vat.
1223 2782 1256 2814 1.
1275 2775 1417 2811 Balliol.
1440 2779 1475 2809 et
1495 2772 1595 2821 apud
