1774 3002
162 185 245 227 218
640 184 680 221 C.
714 183 946 222 SALLUSTI
976 183 1127 223 CRISPI

299 317 367 360 28.
406 311 566 365 ,Morbi
597 325 762 371 graves
802 310 859 355 ob
887 310 1073 358 inediam
1104 311 1279 357 insolita
1313 311 1608 357 vescentibus

298 401 365 442 29.
425 397 490 442 Ne
519 394 702 454 simplici
727 394 902 456 quidem
929 397 1069 440 morte
1094 395 1403 442 moriebantur.

164 529 234 560 tur.
266 524 382 560 Nobis
405 523 485 558 istis
508 521 676 568 ineptiis,
699 522 833 568 quibus
864 522 936 557 alia
963 522 1089 557 omnia
1119 523 1265 568 potius,
1297 533 1407 569 quam
1436 521 1613 568 pestilen-

163 582 251 617 tiam
273 581 413 617 Romae
437 578 551 615 fuisse
569 579 764 625 probatur,
791 579 862 613 srui
893 590 967 614 non
990 579 1096 623 libet,
1127 580 1351 626 omninoque
1374 579 1506 614 falsam
1527 590 1613 625 cen-

165 650 292 675 semus
323 638 539 684 opinionem
571 635 618 671 de
645 639 752 682 peste
780 646 847 681 per
875 636 959 671 illos
985 647 1105 672 annos
1131 636 1168 671 in
1190 637 1279 672 urbe
1299 639 1516 683 grassante,
1536 635 1610 672 hoe

165 695 346 743 imprimis
369 696 589 742 argumento
613 693 705 737 nisi,
728 691 830 738 quod
852 703 973 739 neque
996 692 1097 739 apud
1120 693 1214 729 alios
1234 693 1460 740 scriptores,
1489 702 1611 739 neque

164 754 201 790 in
228 753 399 799 Epitome
429 750 544 794 Livii,
581 751 641 795 qui
672 749 711 785 id
735 759 887 784 narrare
908 761 982 786 non
1011 750 1143 786 suisset
1164 750 1396 794 omissurus,
1427 750 1502 786 ulla
1529 750 1612 786 eius

164 811 215 846 rei
240 808 420 845 memoria
440 810 573 843 exstat.
611 805 757 851 Quodsi
779 806 977 843 Sallustius
1005 806 1051 842 de
1073 811 1178 853 peste
1208 806 1356 842 tradere
1386 818 1461 842 non
1482 807 1613 853 potuit,

165 867 226 903 ubi
248 867 350 902 nulla
371 869 493 908 esset,
518 868 811 900 consentaneum
835 867 892 899 est
917 864 1167 910 descripsisse
1194 875 1296 908 eam,
1328 875 1426 911 quae
1455 874 1495 899 re
1524 874 1615 901 vera

165 925 244 960 suit.
284 923 427 960 Saeviit
459 926 583 958 autem
617 931 728 967 quam
759 920 1092 957 vehementissime
1122 922 1159 956 in
1189 921 1356 957 exercitu
1392 920 1615 957 Mithridatis

166 986 252 1017 ante
278 979 477 1027 Cyzicum,
501 989 621 1024 eaque
650 977 810 1013 maxime
831 977 1006 1013 effictum
1027 982 1104 1023 est,
1131 983 1170 1014 ut
1197 978 1257 1013 ille
1286 977 1427 1024 ingenti
1459 989 1614 1013 numero

165 1039 320 1074 militum
339 1037 478 1072 amisso
501 1047 540 1071 re
558 1035 695 1070 inficta
714 1034 815 1069 abire
838 1038 1058 1081 cogeretur3
1089 1036 1137 1070 el'.
1162 1034 1324 1081 Appian.
1346 1033 1470 1070 Mithr.
1491 1046 1524 1070 c.
1557 1037 1615 1078 76,

165 1096 214 1131 in.
246 1086 511 1157 Μιθριδάτου
541 1087 583 1128 δὲ
612 1081 756 1141 χειμὼν
779 1083 1049 1153 ἐπιγενόμενος
1068 1080 1252 1156 ἀφῄρητο
1278 1086 1346 1127 καὶ
1374 1082 1448 1138 τὴν
1477 1085 1521 1126 ἐκ
1548 1089 1617 1138 τῆς

163 1143 363 1199 θαλάττης
379 1140 551 1213 ἀγορὰν,
574 1145 613 1185 εἴ
626 1160 684 1192 τις
702 1141 773 1196 ἠν,
795 1139 892 1184 ὥστε
912 1140 1079 1196 πάμπαν
1100 1141 1124 1185 ὁ
1147 1138 1309 1197 στρατὸς
1327 1142 1526 1195 ἐλίμωττε·
1549 1142 1616 1184 καὶ

163 1203 300 1246 πολλοι
320 1202 392 1255 μὲν
407 1197 697 1254 ἀπέθνησκον·
715 1199 788 1240 εἰσι
808 1194 847 1240 δ’
871 1203 911 1241 οἳ
932 1200 999 1241 καὶ
1015 1198 1251 1267 σπλάγχνων
1271 1197 1449 1266 ἐγεύοντο
1464 1202 1614 1267 βαρβα

165 1264 301 1330 ρικῶς·
326 1261 367 1300 οἱ
382 1255 421 1300 δ’
448 1255 562 1299 ἄλλοι
575 1260 873 1325 ποηφαγοῦντες
896 1255 1073 1298 ἐνόσουν.
1100 1257 1168 1298 καὶ
1189 1252 1238 1298 τὰ
1263 1251 1384 1311 νεκρὰ
1405 1259 1519 1308 σφῶν
1542 1251 1614 1310 ἆγ-

164 1321 234 1372 χοῦ
257 1314 392 1368 α’ταφα
413 1311 651 1370 ῥιπτούμενα
671 1310 845 1366 λοιμὸν
874 1314 1058 1368 ἐπῆγεν
1087 1313 1167 1355 ἐπὶ
1189 1317 1252 1369 τῷ
1272 1316 1407 1369 λιμῷ
1433 1317 1534 1353 Flor.
1553 1318 1614 1362 111,

164 1377 412 1424 5‚17.M0.v
433 1377 539 1413 clade
568 1386 747 1413 conversa
768 1387 878 1422 qaam
901 1386 952 1412 ex
973 1385 1078 1411 mora
1103 1375 1321 1412 obsidentem
1343 1383 1466 1422 reyem
1483 1373 1617 1421 fame-5,

164 1447 226 1473 ex
244 1434 692 1484 famepestilentia
714 1444 799 1479 ary
813 1437 932 1478 eret,
953 1433 1182 1469 recedentem
1202 1431 1378 1469 Lucullus
1395 1432 1618 1478 assequitur.

166 1494 276 1530 Oros.
303 1493 373 1536 Vl,
394 1496 430 1537 2,
452 1494 546 1528 extr.
581 1489 733 1527 Interea
761 1489 995 1526 Mithridates
1021 1490 1125 1538 apud
1151 1489 1324 1537 Cyzicum
1347 1488 1475 1524 eadem
1497 1499 1616 1533 mora,

168 1562 241 1598 qua
264 1549 458 1593 obsidebat,
479 1548 657 1590 obsessus,
678 1548 715 1582 in
730 1548 1130 1594 maynampenuria
1143 1546 1619 1593 mpestilentiamqae

166 1608 370 1643 exercitum
388 1616 495 1642 saum
517 1605 707 1642 coartavit.
742 1604 838 1639 Nam
864 1605 953 1650 plus
980 1615 1091 1650 quam
1118 1607 1282 1639 trecenta
1302 1603 1415 1639 millia
1433 1602 1619 1638 homimum

164 1663 191 1712 f
193 1674 291 1700 ame
309 1667 354 1698 et
373 1661 528 1698 morbo
550 1663 588 1697 in
609 1661 735 1697 eadem
755 1660 937 1696 obsidione
958 1661 1123 1696 amisisse
1142 1660 1281 1707 fertur.
1310 1660 1358 1695 cs.
1385 1658 1520 1697 Strabo
1538 1659 1617 1695 xli.

165 1733 203 1768 p.
219 1723 304 1760 862.
330 1718 370 1756 C.
391 1719 526 1755 Almcl.
556 1718 622 1754 His
648 1717 870 1753 testimoniis
900 1729 1011 1764 quum
1042 1721 1167 1763 pateat
1192 1716 1264 1752 alio
1292 1717 1376 1752 loeo
1402 1715 1618 1752 Sallustium

168 1778 215 1814 de
238 1780 344 1825 peste
366 1776 491 1812 dicere
513 1786 589 1811 non
617 1774 785 1822 potu1ssc
795 1799 808 1820 9
839 1773 998 1810 dubitari
1027 1774 1173 1820 nequit,
1208 1773 1295 1819 quin
1324 1771 1398 1808 duo
1425 1772 1618 1818 sequentia

166 1836 319 1882 Fragm.
339 1833 548 1869 rectissime
568 1832 643 1868 huc
660 1831 896 1867 traxerimus.

279 1891 340 1927 Fr.
362 1893 422 1929 28.
446 1888 563 1934 [Cort.
589 1900 625 1935 p.
656 1891 759 1927 1007.
790 1888 891 1924 Gerl.
921 1887 982 1923 ed.
1008 1887 1094 1923 mai.
1125 1886 1202 1922 Ine.
1226 1888 1307 1924 109.
1328 1885 1406 1921 ed.
1436 1884 1617 1930 min-JV,

167 1952 226 1987 40.
250 1959 287 1995 p.
307 1951 396 1992 228,
418 1948 476 1985 14.
497 1946 608 1982 Debr.
629 1945 680 1991 ΙΙ,
702 1947 760 1983 73.
781 1945 849 1988 ΙΙΙ,
875 1945 949 1989 55.]
971 1944 1107 1980 Donat.
1129 1943 1180 1979 ad
1196 1942 1282 1979 Ter.
1301 1942 1440 1989 Heeyr.
1460 1941 1520 1986 ΙΙΙ,
1528 1945 1571 1985 2,
1582 1945 1619 1981 2.

168 2006 250 2042 sine
276 2006 356 2041 libri
385 2007 485 2041 nota.
518 2002 687 2039 Inediam
708 2001 1042 2038 Mithridaticorum
1070 2001 1218 2037 insolita
1249 1999 1481 2035 vescentium
1500 1998 1619 2045 tetigit

168 2062 340 2129 Appian.
357 2062 378 2096 l.
397 2062 421 2100 l.
441 2059 552 2096 Adde
568 2058 754 2096 Plutarch.
778 2060 814 2094 in
825 2060 954 2095 Lucul.
977 2070 1010 2094 c.
1034 2061 1090 2101 11,
1109 2058 1158 2093 in.
1174 2048 1443 2119 Μιθριδάτην
1457 2050 1513 2103 δὲ,
1529 2047 1620 2106 α’χρι

168 2114 241 2168 μὲν
266 2109 345 2154 ὑπὸ
374 2116 452 2155 τῶν
476 2112 617 2154 ἑαυτοῦ
649 2115 877 2166 στρατηγῶν
909 2106 1212 2163 φενακιζόμενος
1237 2103 1372 2175 ἠγνόει
1398 2104 1468 2148 τὸν
1495 2107 1538 2148 ἐν
1563 2110 1620 2162 τῷ

167 2169 416 2238 στρατοπέδῳ
438 2165 571 2222 λιμὸν,
586 2162 718 2236 ηνίων
739 2167 954 2235 Κυζικηνοὶ
978 2166 1254 2232 διαφεύγοντες
1276 2160 1349 2217 τὴν
1373 2164 1617 2231 πολιορκία.

171 2222 279 2280 Ταχὺ
300 2221 339 2267 δ’
372 2223 544 2292 ἑξερρύη
557 2221 600 2268 τὸ
630 2222 837 2277 φιλότιμον
864 2219 988 2264 αὐτοῦ
1017 2223 1085 2263 καὶ
1114 2218 1341 2276 φιλόνεικον
1369 2221 1414 2264 ἐν
1435 2217 1620 2274 αἰσθήσει

168 2283 380 2356 γενομένου
402 2287 500 2323 τῶν
521 2276 777 2335 ἀποριῶν,
801 2277 878 2330 αἷς
898 2281 948 2321 οἱ
974 2282 1281 2347 στρατιῶται
1308 2278 1619 2347 συνείχοντο,

171 2357 257 2382 και
275 2342 372 2381 τῶν
391 2332 859 2393 ανθρωποφαγιῶν,
882 2352 947 2377 ατε
967 2331 1016 2403 δὴ
1030 2332 1086 2389 μὴ
1087 2338 1322 2405 θεατρικῶς
1336 2329 1432 2402 μηδ’
1451 2334 1618 2376 ἐπιδεικ-

171 2399 289 2446 τικῶς
306 2392 570 2437 Λουκούλλου
587 2397 867 2446 πολεμοῦντος,
890 2388 1010 2443 αλλὰ,
1035 2397 1149 2434 τοῦτο
1173 2391 1223 2445 δὴ
1251 2390 1294 2434 τὸ
1318 2387 1545 2445 λεγόμενον,
1565 2391 1620 2440 εἰς

170 2449 243 2521 τὴν
262 2452 432 2507 γαστέρα
456 2450 734 2504 ἐναλλομένου,
764 2450 850 2490 καὶ
878 2445 1007 2499 ὁπως
1025 2445 1300 2504 υφαιρήσει
1320 2446 1410 2502 τὴν
1429 2441 1620 2504 τροφὴν

171 2507 369 2552 ἅπαντα
389 2506 883 2563 πραγματευομένου.
909 2511 1034 2547 Schol.
1053 2511 1216 2548 Gronov.
1241 2510 1302 2546 ad.
1325 2508 1400 2547 cic.
1420 2521 1458 2556 p.
1478 2510 1503 2544 l.
1517 2507 1618 2544 Man.

172 2584 205 2609 c.
227 2574 271 2619 8,
287 2574 346 2609 20.
375 2570 510 2607 Milites
530 2569 753 2606 Mithridatis
774 2578 823 2604 ex
841 2567 944 2615 fame
957 2569 1151 2615 paullatim
1172 2572 1286 2604 morte
1301 2564 1618 2603 cmwumebancur.

172 2629 275 2676 Ergo
302 2631 530 2664 mortuorum
556 2637 718 2674 corpora
747 2625 872 2661 milites
899 2625 1168 2671 comedebant,
1184 2624 1313 2661 deinde
1338 2618 1498 2669 canfecti
1524 2623 1625 2658 versi

131 2696 134 2702 ’
172 2688 260 2723 sunt
278 2685 329 2721 ad
345 2684 489 2732 fugam.

288 2742 351 2779 Fr.
372 2743 429 2780 29.
455 2739 568 2789 [Cort.
590 2751 629 2787 p.
655 2742 759 2778 1003.
785 2738 884 2774 Gerl.
910 2737 970 2773 ed.
994 2737 1079 2773 mai.
1105 2738 1180 2773 Ine.
1202 2738 1260 2774 40.
1278 2735 1445 2772 emmiu.
1465 2734 1531 2779 111,
1558 2736 1617 2773 62.

174 2811 214 2853 p.
234 2801 326 2843 219,
350 2799 407 2836 17.
428 2797 539 2834 Debr.
564 2797 615 2841 ΙΙ,
637 2797 695 2835 72.
715 2795 783 2840 ΙΙΙ,
804 2799 864 2836 50.
884 2795 957 2840 111,
986 2796 1066 2836 149.
1096 2793 1167 2838 IV,
1189 2796 1247 2832 53.
1270 2793 1323 2838 a.]
1357 2792 1500 2836 Verba,
1523 2802 1618 2841 quae
