1774 3002
0 0 93 78 ’.Δ-φ
151 26 170 37 ἧἺ

470 152 800 203 HISTORIARUM
829 161 1144 201 FRAGMENTA.
1198 161 1286 197 LlB.
1318 160 1379 197 111.
1575 151 1658 195 227

214 290 271 337 tis
300 292 429 337 antea
463 290 710 336 nominibus
748 288 979 350 appellata.
1036 287 1137 348 Ipsa
1177 285 1291 331 enim
1332 284 1401 330 est
1443 283 1487 327 et
1522 280 1662 326 maior

214 373 424 434 Phrygia.

219 510 368 547 lustiani
388 513 494 558 parte
524 509 703 553 afferunt,
733 518 807 544 non
830 507 1014 543 Historias
1036 506 1247 548 nominent,
1277 503 1347 541 sed
1368 506 1568 541 verborum
1598 514 1662 539 au-

219 562 358 603 ctorem
377 565 592 603 Sallustium
616 565 661 600 de
680 565 750 600 situ
767 563 919 600 Pontico
946 562 1148 609 (Porphyr.
1170 561 1219 597 ad
1240 560 1330 596 Hor.
1353 560 1424 596 Od.
1446 561 1473 605 l,
1495 563 1551 604 17,
1574 562 1662 603 18.),

220 623 282 659 vel
300 623 339 658 in
360 623 431 658 sim
446 621 556 658 Ponti
579 621 693 664 (Non.
713 620 791 665 XII,
814 623 872 658 18.
894 631 930 666 p.
952 622 1033 662 524,
1052 621 1127 661 10.)
1152 617 1323 660 laudent,
1354 627 1427 663 qua
1447 628 1487 652 re
1506 618 1663 653 Werns-

222 678 364 715 dorfius
393 677 443 714 ad
470 679 571 714 Poet.
595 668 674 714 Lat.
697 677 785 712 min.
807 677 894 711 Vol.
915 677 961 718 V,
982 679 1020 713 2.
1047 686 1085 721 p.
1108 677 1190 713 661.
1221 684 1295 709 non
1324 672 1485 710 debebat
1511 674 1550 709 in
1579 683 1663 709 eam

222 735 437 782 opinionem
457 733 606 778 induci,
637 738 674 769 ut
691 733 874 780 peculiari
895 732 1110 769 Sallustium
1135 731 1228 766 libro
1246 729 1294 766 de
1315 730 1389 765 situ
1409 730 1515 765 Ponti
1535 731 1664 778 egisse

223 790 489 838 s‘uspiearetur.
528 790 646 835 Quem
667 793 788 825 autem
809 788 932 824 locum
953 788 1049 824 haec
1067 786 1115 822 de
1135 787 1251 822 Ponto
1271 786 1472 832 disputatio
1491 786 1529 822 in
1544 786 1666 823 Histo-

224 847 290 883 riis
315 847 536 891 obtinuerit,
562 857 674 893 quum
698 845 746 882 de
765 845 901 881 nullius
921 844 1135 891 Fragmenti
1161 843 1254 879 libro
1276 846 1445 887 constet,
1475 840 1665 880 notatione

225 903 308 940 eius
327 904 383 939 rei
406 913 431 940 a
449 902 701 950 grammaticis
731 902 923 949 neglecta,
953 900 1170 937 coniectura
1192 902 1332 936 tantum
1358 899 1507 935 definiri
1527 903 1665 947 potest.

225 960 281 996 Ac
302 958 521 996 Gerlachius
544 958 694 1006 quidem
714 958 799 994 Vol.
820 958 880 993 111.
902 969 939 1004 p.
960 960 1041 995 129.
1071 960 1107 992 et
1137 961 1216 995 155.
1236 956 1344 991 Ponti
1374 956 1666 1003 descriptionem

227 1016 338 1052 totius
359 1015 447 1051 belli
469 1015 672 1052 narrationi
692 1018 821 1050 censet
842 1013 1087 1060 praemissam
1110 1013 1240 1056 fuisse,
1260 1012 1310 1048 ita
1329 1016 1381 1058 ut,
1403 1024 1515 1060 quum
1538 1018 1668 1049 auctor

227 1071 276 1108 de
294 1071 519 1108 Mithridatis
542 1071 687 1119 origine
701 1099 712 1115 ,
741 1081 785 1106 ac
811 1069 990 1116 deinceps
1010 1069 1057 1105 de
1085 1069 1166 1106 eius
1186 1071 1306 1117 copiis
1332 1075 1368 1107 et
1388 1076 1571 1118 apparatu
1590 1073 1668 1108 bel-

226 1128 300 1166 lico
330 1127 508 1173 dixisset,
546 1129 766 1175 priusquam
795 1126 845 1163 ad
872 1138 934 1162 res
964 1127 1068 1172 ipsas
1099 1126 1185 1162 belli
1213 1127 1433 1171 accederet,
1470 1128 1667 1175 regionum

228 1184 333 1220 Ponti
361 1184 471 1220 situm
503 1189 612 1231 atque
642 1184 762 1231 ipsius
790 1184 903 1219 maris
934 1183 1077 1218 Pontici
1104 1187 1273 1219 naturam
1300 1184 1517 1230 explicaret.
1558 1185 1668 1230 Quod

228 1251 452 1287 quamquam
472 1242 546 1277 tale
565 1245 639 1286 est,
669 1244 709 1276 ut
727 1240 896 1287 potuisse
916 1239 998 1275 fieri
1020 1238 1304 1275 concedendum
1327 1241 1394 1285 sit,
1422 1245 1522 1276 recte
1544 1246 1667 1278 tamen

230 1297 365 1332 factum
395 1307 480 1333 esse
511 1297 668 1333 concedi
694 1297 841 1343 nequit,
872 1307 984 1342 quum
1015 1306 1062 1331 ea
1089 1295 1183 1331 ratio
1212 1307 1334 1343 neque
1356 1308 1442 1332 cum
1469 1301 1670 1334 consuetu-

232 1351 321 1388 dine
340 1351 526 1398 Sallustii,
557 1364 679 1400 neque
700 1364 784 1389 cum
803 1352 984 1388 historica
1012 1351 1093 1388 eius
1120 1356 1198 1387 arte
1217 1353 1411 1389 conciliari
1431 1354 1564 1399 possit.
1608 1353 1668 1389 Ni·

232 1409 366 1444 mirum
390 1409 451 1444 ille
472 1420 547 1445 non
575 1409 783 1457 secundum
815 1409 940 1444 ieiuna
971 1407 1314 1454 ludimagistrorum
1342 1414 1544 1456 praecepta
1573 1421 1670 1456 opus

233 1475 342 1501 suum
360 1466 580 1511 composuit,
610 1465 680 1501 sed
702 1468 963 1512 argumentum
982 1464 1032 1500 ita
1050 1464 1240 1509 tractavit,
1271 1469 1311 1501 ut
1331 1465 1368 1501 in
1389 1477 1435 1502 eo
1456 1465 1671 1502 ordinando

234 1519 440 1557 naturalem
460 1532 586 1558 rerum
605 1521 774 1558 ordinem
797 1524 1035 1567 sequeretur,
1066 1531 1226 1567 eumque
1247 1520 1562 1569 digressionibus,
1592 1523 1672 1569 qui-

233 1577 303 1612 bus
322 1576 478 1612 libenter
506 1582 542 1628 et
565 1589 743 1625 perquam
765 1577 884 1624 perite
905 1577 1036 1620 utitur,
1066 1587 1141 1612 non
1169 1577 1475 1626 interrumperet,
1506 1579 1580 1615 nisi
1610 1579 1669 1615 ubi

235 1643 298 1669 res
319 1633 402 1679 ipsa
421 1632 460 1669 id
480 1635 541 1670 vel
561 1633 747 1681 flagitaret
767 1634 828 1669 vel
850 1632 1140 1670 commendaret.
1190 1633 1300 1678 Quod
1320 1635 1351 1671 si
1374 1636 1559 1682 tenueris,
1586 1646 1671 1682 pro·

235 1689 331 1724 t'ecto
361 1689 501 1726 senties
530 1701 651 1737 neque
680 1690 835 1726 ineunte
862 1690 961 1725 bello
981 1689 1254 1735 Mithridatico,
1284 1702 1406 1739 neque
1429 1691 1561 1738 primis
1589 1691 1672 1727 eius

236 1744 365 1789 annis,
395 1745 528 1792 quibus
548 1747 648 1783 circa
668 1745 932 1793 Propontidem
954 1749 1096 1782 tantum
1118 1750 1155 1782 et
1174 1747 1212 1782 in
1236 1747 1391 1795 Aegaeo
1414 1748 1508 1784 mari
1528 1758 1672 1795 pugna-

236 1804 311 1836 tum
337 1804 418 1848 est,
451 1795 586 1839 iustam
614 1814 789 1839 caussam
818 1803 953 1846 fuisse,
985 1814 1051 1839 cur
1071 1802 1272 1839 Sallustius
1299 1815 1423 1840 rerum
1457 1803 1588 1839 ordine
1616 1814 1674 1839 re-

237 1856 322 1892 licto
351 1856 401 1892 ad
421 1858 526 1893 Ponti
554 1859 842 1905 descriptionem
871 1858 1033 1894 animum
1063 1859 1280 1905 appelleret.
1332 1859 1409 1896 Sed
1435 1865 1473 1896 ut
1500 1860 1603 1905 prius
1634 1859 1673 1895 id

241 1912 363 1947 lacere
392 1923 468 1948 non
496 1915 586 1950 satis
613 1914 810 1950 commode
837 1915 974 1960 potuit,
1014 1914 1063 1950 ita
1088 1917 1443 1961 opportunissimam
1476 1915 1523 1950 de
1556 1916 1673 1952 Ponto

241 1966 452 2012 explicandi
481 1970 720 2005 occasionem
738 1969 868 2005 habuit
894 1973 991 2013 tum,
1022 1981 1134 2016 quum
1155 1972 1352 2017 Lucullus,
1382 1970 1595 2009 Mithridate
1626 1982 1674 2007 ex

240 2022 334 2058 Asia
359 2024 490 2069 pulso,
518 2026 655 2060 bellum
674 2026 711 2060 in
731 2026 852 2071 ipsum
873 2026 1064 2062 Ponticum
1088 2038 1245 2074 reg-num
1263 2029 1499 2073 transferret,
1528 2038 1672 2075 regem-

243 2088 315 2123 que
341 2078 429 2115 inde
449 2080 487 2115 in
514 2081 691 2117 interiora
713 2093 757 2117 ac
777 2082 977 2118 remotiora
997 2082 1080 2118 loca
1101 2084 1348 2131 refugientem
1369 2093 1515 2121 summa
1532 2085 1572 2120 vi
1590 2095 1675 2130 per-

243 2139 474 2180 sequeretur.
513 2136 637 2181 Quare
656 2138 747 2174 satis
768 2138 999 2184 probabilem
1019 2139 1140 2175 locum
1155 2140 1388 2188 Fragmentis
1410 2140 1484 2177 huc
1505 2145 1676 2187 spectan-

243 2189 339 2225 tibus
354 2191 572 2238 assignasse
586 2196 773 2239 putamus.
808 2193 848 2231 Si
870 2195 932 2241 qui
951 2205 1042 2231 vero
1063 2196 1147 2241 sint,
1169 2197 1231 2243 qui
1250 2196 1436 2234 Gerlachii
1454 2198 1676 2233 sententiam

243 2246 475 2292 praeferant,
505 2249 530 2284 ii
555 2253 746 2296 reputent,
778 2251 810 2286 si
840 2261 957 2287 verae
986 2257 1114 2288 essent
1139 2253 1221 2289 eius
1242 2254 1426 2298 rationes,
1457 2252 1675 2290 Sallustium

244 2305 344 2336 certe
380 2314 456 2339 non
478 2305 605 2348 tertio,
646 2305 716 2342 sed
736 2307 809 2342 iam
833 2307 992 2343 secundo
1012 2308 1105 2344 libro
1136 2308 1183 2345 de
1203 2310 1318 2346 Ponto
1347 2321 1460 2357 agere
1488 2309 1678 2353 debuisse,

244 2358 382 2452 pluipge
410 2370 484 2406 quo
511 2361 615 2396 initia
640 2362 726 2398 belli
752 2362 990 2400 Mithridatici
1020 2366 1299 2411 contineantur3
1327 2379 1365 2403 v.
1386 2369 1513 2404 annot.
1543 2364 1596 2401 ad
1614 2365 1677 2400 Fr.

358 2471 572 2509 Sallustium
590 2472 703 2510 huius
721 2475 932 2523 Fragmenti
958 2481 1085 2517 verbis
1105 2482 1227 2527 ipsam
1249 2483 1356 2519 Ponti
1386 2483 1677 2532 descriptionem

245 2538 420 2564 exorsum
443 2539 530 2565 esse
561 2540 672 2575 quum
690 2532 892 2578 perpicitur
915 2545 963 2570 ex
990 2535 1070 2580 his,
1098 2540 1262 2584 prima
1281 2539 1395 2576 Asiae
1414 2541 1589 2590 Bithynia
1612 2548 1677 2588 est,

245 2587 319 2619 tum
340 2585 499 2620 maxime
518 2585 671 2631 planum
691 2585 731 2622 fit
744 2598 791 2623 ex
804 2590 985 2634 particula
1001 2593 1121 2641 iffiftur,
1143 2595 1249 2630 cuius
1266 2605 1312 2631 ea
1326 2596 1386 2632 vis
1402 2601 1470 2641 est,
1492 2602 1543 2642 ut,
1564 2610 1676 2646 quum

246 2644 374 2676 auctor
396 2641 434 2676 in
456 2640 759 2679 antecedentibus
779 2644 1041 2692 significasset,
1069 2650 1212 2686 omissa
1239 2661 1441 2698 parumper
1467 2664 1591 2690 rerum
1613 2666 1677 2702 ge-

246 2698 385 2732 starum
409 2698 619 2733 narratione
640 2696 687 2732 de
708 2699 823 2735 Ponto
844 2711 887 2736 se
907 2713 993 2739 esse
1009 2703 1205 2750 dicturum,
1226 2707 1345 2743 oratio
1369 2707 1418 2744 ad
1439 2709 1561 2755 ipsum
1593 2721 1677 2756 pro-

245 2750 408 2796 positum
428 2750 631 2800 dirigatur;
665 2753 714 2790 cl'.
739 2755 790 2791 ad
818 2756 899 2804 lug.
918 2767 952 2796 c.
971 2758 1069 2806 xlx,
1088 2762 1122 2799 7.
1150 2771 1187 2807 p.
1206 2765 1283 2800 124.
1313 2760 1434 2800 Hand.
1454 2764 1501 2801 de
1521 2766 1676 2801 Particc.

1321 2813 1405 2855 15*
