1774 3002
166 175 248 218 338
669 180 709 218 C.
739 180 968 219 SALLUSTI
999 180 1151 219 CRISPI

303 308 372 350 39.
429 304 635 350 Pelorum
665 305 1011 365 promontorium
1034 305 1211 351 Siciliae·
1243 307 1330 363 est,
1358 304 1613 366 [secundum

168 387 448 448 Sallustium]
474 388 634 434 dictum
661 404 688 434 a
714 389 1011 449 gubernatore
1036 388 1291 435 Hannibalis
1315 387 1401 435 illic
1424 389 1612 449 sepulto.

170 525 295 562 verbis
326 525 364 561 id
392 524 597 573 significari
628 530 779 574 censet,
810 526 910 573 quod
944 526 1076 564 Graeci
1109 521 1318 577 τρικυμίαν
1340 526 1480 563 dIcunt.
1510 526 1614 572 Quae

172 583 426 630 interpretatio
455 593 567 629 quum
591 593 658 629 per
680 594 719 618 se
744 583 839 619 salsa
860 584 906 619 sit
927 579 1130 635 (τρικυμία
1153 583 1251 619 enim
1282 583 1395 620 latine
1423 587 1479 620 est
1505 584 1613 620 decu-

170 649 302 676 manus
319 639 485 686 fluetus),
508 642 582 674 tum
602 638 776 675 abhorret
796 641 842 675 ab
865 651 908 676 co
931 641 1026 686 loco,
1045 641 1105 676 ubi
1124 639 1218 677 haec
1240 641 1357 676 verba
1380 641 1475 676 lecta
1497 640 1614 676 fuisse

170 700 464 733 consentaneum
484 699 552 731 est.
582 695 636 731 De
659 695 868 743 Charybdis
890 698 1030 734 vertice
1052 697 1149 733 enim
1169 697 1266 733 haec
1288 695 1387 734 dicta
1403 707 1490 733 esse
1509 696 1615 732 dubi-

170 757 247 789 tare
271 764 346 789 non
368 755 494 790 sinunt
513 754 630 789 verba
648 753 783 789 Isidori
802 753 905 799 XIII,
927 757 989 799 18,
1021 758 1053 793 5.
1099 754 1191 790 Ter
1217 757 1338 790 autem
1363 755 1404 790 in
1433 754 1490 790 die
1511 755 1615 800 eriyit

166 810 302 857 fluetus
325 814 360 846 et
397 814 470 846 ter
494 809 674 847 absorbet.
714 809 901 857 Tetigisse
932 815 1054 847 autem
1079 810 1228 847 videtur
1258 809 1457 847 Sallustius
1486 820 1613 846 eorum

172 868 407 914 opinionem,
433 868 495 913 qui
528 867 658 902 Fretum
689 866 855 904 Siculum
885 871 939 903 ter
968 868 1005 903 in
1032 868 1092 903 die
1126 868 1364 914 reciprocare
1399 871 1612 911 statuerent,

174 923 489 970 quemadmodum
517 923 591 959 iam
621 927 678 959 est
707 923 808 971 apud
834 924 1033 961 Homerum
1065 923 1134 960 Od.
1165 923 1253 969 XII,
1285 926 1355 962 104
1382 935 1437 972 sq.
1486 922 1552 987 Τῷ
1573 915 1612 960 δ’

171 972 250 1017 ὑπὸ
284 978 352 1017 δῖα
380 973 587 1045 Χάρυβδις
611 973 870 1031 ἆναρῤοιβδεῖ
878 976 1014 1046 μέλαν
1038 973 1158 1030 υδωρ.
1202 975 1308 1031 τρὶς
1331 975 1421 1044 μὲν
1447 972 1546 1030 γὰρ
1575 971 1612 1016 τ’

173 1028 382 1086 ἀνίησιν
406 1027 478 1073 ἐπ’
502 1029 676 1085 ἤματι,
716 1033 819 1087 τρὶς
849 1029 890 1073 δ’
917 1027 1222 1088 ἀναροιβδεῖ
1245 1029 1424 1074 δεινόν
1462 1037 1614 1073 Falsum

173 1105 261 1130 esse
281 1094 374 1139 hoc,
394 1104 515 1140 neque
538 1093 689 1140 saepius
712 1105 823 1141 quam
842 1095 898 1130 bis
921 1095 956 1130 in
981 1095 1041 1130 die
1062 1094 1396 1157 reciprocationem
1420 1093 1500 1129 fieri
1528 1104 1615 1130 con-

172 1150 290 1186 tendit
315 1150 448 1187 Strabo
478 1151 504 1186 Ι.
527 1161 563 1197 p.
588 1151 644 1188 75.
670 1150 711 1186 Β.
738 1150 870 1188 Almel.
900 1155 935 1187 et
962 1163 1000 1198 p.
1024 1153 1083 1189 95.
1107 1150 1150 1186 Β.
1189 1141 1301 1187 Κατὰ
1329 1140 1402 1199 τὴν
1422 1141 1617 1187 ὑπόθεσιν

173 1206 359 1245 τοσοῦτον
377 1203 500 1243 εἰπεῖν
523 1198 696 1271 ἀπόχρη,
716 1198 776 1243 ότι
796 1199 889 1244 ουδὲ
909 1199 962 1252 εἷς
981 1200 1123 1273 τρόπος
1139 1205 1210 1243 τοῦ
1228 1202 1388 1257 ῥοώδεις
1406 1199 1508 1243 εἶναι
1525 1199 1616 1251 τοὺς

173 1255 401 1326 πορθμους,
420 1255 492 1327 όγε
514 1254 601 1299 κατ’
625 1256 740 1308 εἶδος.
780 1255 834 1300 οὗ
864 1254 965 1328 γὰρ
985 1257 1046 1300 ἄν
1071 1255 1092 1300 ὁ
1121 1258 1210 1312 μὲν
1236 1254 1511 1308 Σικελικὸς
1539 1258 1616 1307 δὶς

174 1313 389 1369 ἕκαστης
412 1311 603 1371 ἡμέρας
626 1315 918 1369 μετέβαλεν,
948 1311 970 1357 ὃ
990 1316 1044 1357 δὲ
1063 1311 1377 1364 Χαλκιδικός
1397 1312 1615 1367 ἑπτάκις,

178 1390 213 1415 κ.
234 1390 267 1414 τ.
285 1377 318 1416 λ.
338 1377 461 1422 Quare
481 1377 661 1413 coniicias
673 1376 889 1414 Sallustium
905 1388 1052 1425 quoque
1071 1377 1329 1424 discrepantes
1350 1377 1396 1413 de
1413 1387 1459 1413 ea
1474 1387 1514 1413 re
1535 1387 1620 1413 sen—

175 1435 310 1470 tentias
335 1435 371 1470 in
395 1433 704 1481 disceptationem
728 1445 904 1470 vocasse.

287 1492 349 1527 Fr.
369 1493 427 1530 39.
450 1489 566 1536 [Cort.
585 1502 624 1538 p.
645 1494 749 1528 1010.
774 1491 872 1527 Gerl.
895 1490 955 1526 ed.
975 1491 1064 1527 mai.
1084 1490 1160 1526 Ine.
1184 1493 1264 1529 195.
1289 1489 1350 1526 ed.
1368 1490 1455 1526 mIn.
1474 1490 1538 1535 IV,
1558 1493 1618 1528 23.

174 1561 214 1597 p.
232 1550 314 1594 227,
337 1550 393 1586 14.
415 1548 527 1584 Debr.
549 1547 612 1593 IV,
631 1542 708 1592 67.]
738 1547 864 1584 Verba
885 1549 1057 1596 leguntur
1077 1546 1179 1595 apud
1199 1546 1305 1583 Serv.
1327 1546 1376 1583 ad
1400 1547 1505 1594 Virg.
1522 1547 1617 1583 Aen.

175 1606 235 1651 III,
257 1607 340 1643 411.
360 1604 501 1641 Eadem
524 1604 632 1640 affert
652 1604 741 1640 Isid.
763 1604 861 1649 XIV,
883 1606 916 1649 7,
942 1608 974 1644 4.
999 1603 1229 1652 interpositis
1247 1608 1334 1651 post
1353 1602 1499 1640 Siciliae
1527 1603 1619 1639 duo-

174 1664 245 1699 bus
271 1661 465 1697 vocabulis
485 1661 687 1708 respiciens
706 1661 938 1708 Aquilonem,
968 1672 1064 1708 quae
1086 1671 1160 1696 non
1181 1671 1267 1696 esse
1286 1659 1451 1697 Sallustii
1470 1663 1618 1707 practer

176 1718 300 1756 Servii
325 1717 615 1764 discrepantiam
638 1717 842 1753 insolenter
864 1722 1083 1764 usurpatum
1106 1718 1294 1763 respicere
1311 1718 1467 1752 verbum
1485 1716 1619 1763 arguit.

178 1776 261 1812 Non
286 1775 410 1821 magis
432 1774 660 1812 Sallustiana
689 1777 795 1822 sunt,
830 1785 926 1820 quae
954 1773 1057 1820 apud
1077 1771 1250 1809 Servium
1278 1772 1407 1809 addita
1426 1773 1617 1819 leguntur:

176 1833 241 1880 qui
262 1831 392 1878 fuerat
413 1832 555 1868 occisus
574 1840 647 1877 per
671 1831 769 1878 reyis
785 1831 1048 1878 ignorantiam,
1076 1841 1186 1877 quum
1204 1838 1244 1865 se
1263 1829 1341 1866 eius
1369 1829 1450 1865 dolo
1460 1832 1620 1876 propter

177 1889 367 1936 anqustias
382 1887 475 1935 freti
490 1887 659 1923 crederet
677 1896 755 1923 esse
774 1887 981 1934 deceptum,
1010 1888 1156 1923 veniens
1175 1885 1220 1921 de
1239 1885 1384 1922 Petilia.
1437 1885 1618 1921 Nimirum

179 1945 335 1982 Servius
361 1945 443 1991 ipse
464 1944 558 1980 haec
581 1943 738 1988 adiecit,
763 1954 822 1989 ne,
843 1955 956 1991 quum
977 1941 1176 1980 Sallustius
1196 1943 1387 1989 vulgatam
1415 1942 1552 1978 famam
1572 1940 1619 1977 de

178 2001 300 2037 Pelori
330 2002 480 2038 nomine
513 2001 695 2047 tetigisset
714 2004 876 2046 tantum,
912 2001 1069 2037 lectores
1095 1999 1195 2036 illam
1215 2009 1295 2034 rem
1318 2000 1542 2047 ignorarent.
1571 1998 1620 2034 ef.

178 2059 278 2094 Mela
298 2058 343 2103 II,
371 2059 405 2102 7,
427 2061 483 2095 15.
552 2057 673 2094 Causa
693 2055 849 2094 nominis
880 2057 1081 2094 Pelorus
1105 2056 1329 2105 yubernator
1348 2055 1396 2092 ab
1411 2054 1622 2091 Hannibale

177 2115 307 2150 ibidem
332 2114 508 2159 conditus,
529 2124 634 2161 quem
659 2114 754 2150 idem
782 2115 838 2150 vir
858 2113 1048 2161 profuyus
1073 2122 1124 2149 ea:
1146 2112 1281 2160 Afm'ea
1311 2122 1358 2148 ae
1378 2121 1454 2159 per
1474 2121 1519 2148 ea
1539 2112 1619 2148 loca

181 2171 331 2218 Syriam
346 2175 487 2217 petens,
508 2171 594 2217 quia
607 2170 748 2217 procul
764 2171 916 2206 intuenti
933 2170 1146 2207 videbantur
1165 2170 1333 2205 continua
1359 2177 1439 2205 esse
1458 2168 1565 2205 litora
1588 2170 1625 2203 et

179 2237 254 2263 non
267 2228 438 2273 pervium
452 2228 620 2274 pelayus,
634 2227 823 2274 proditum
843 2236 882 2263 se
901 2227 1101 2262 arbitratus
1120 2225 1317 2262 occiderat.
1361 2225 1487 2260 Valer.
1516 2224 1615 2260 Max.

181 2282 245 2327 IX,
263 2285 299 2327 8,
322 2286 394 2318 ext.
416 2286 449 2320 1.
508 2282 634 2318 Minus
664 2284 784 2319 minor
809 2283 913 2330 apud
929 2286 1066 2318 trucem
1091 2285 1126 2318 et
1146 2291 1294 2318 saevum
1326 2280 1516 2318 Annibalis
1542 2281 1620 2316 ani·

181 2349 280 2375 mum
302 2338 524 2385 defensioan
543 2339 660 2375 locum
678 2340 829 2387 innoxio
845 2339 1084 2387 qubernatori
1102 2349 1175 2375 non
1190 2338 1320 2385 fuisse,
1349 2347 1472 2385 quem,
1506 2348 1530 2372 a
1549 2335 1619 2372 Pe-

182 2395 257 2431 tilia
277 2395 396 2431 classe
414 2394 583 2442 Africam
602 2399 787 2442 repetens,
814 2395 914 2442 freto
932 2395 1130 2442 appulsus,
1159 2395 1245 2431 dum
1271 2397 1344 2430 tam
1363 2404 1486 2441 parvo
1504 2393 1622 2441 spatio

182 2450 330 2487 Italiam
351 2450 585 2497 Siciliamque
603 2451 699 2486 inter
717 2461 757 2486 se
777 2451 914 2487 divisas
941 2462 1015 2488 non
1034 2451 1161 2496 credit,
1187 2451 1282 2487 velut
1304 2450 1514 2487 insidiosum
1539 2459 1622 2485 ear-

182 2517 247 2544 sus
268 2509 446 2544 rectorem
465 2508 653 2552 interemit,
666 2511 867 2554 posteaque
886 2508 1088 2555 diliqenlius
1105 2508 1269 2554 inspecta
1290 2507 1439 2544 veritate
1457 2509 1542 2542 teme
1560 2504 1622 2539 ab·

184 2564 297 2608 solvit,
323 2574 434 2610 quum
461 2565 538 2600 eius
558 2564 785 2599 innocentiae
806 2563 897 2600 nihil
920 2565 1019 2600 ultra
1047 2563 1237 2611 sepulchri
1258 2563 1433 2599 honorem
1455 2562 1543 2597 dari
1553 2570 1622 2607 po-

185 2621 260 2656 tuit.
321 2619 439 2666 Iqitur
465 2621 611 2667 anqusti
632 2623 740 2666 alque
760 2621 919 2655 aestuosi
944 2621 1059 2656 maris
1087 2621 1160 2656 allo
1189 2629 1210 2655 e
1236 2619 1368 2655 tumulo
1394 2617 1624 2664 speadatraezae

185 2679 306 2712 statua
330 2679 403 2711 tam
423 2677 620 2712 memoriae
637 2675 772 2721 Pelori,
792 2686 902 2722 quam
921 2676 1087 2712 Punicae
1106 2676 1316 2712 temeritatis
1339 2674 1438 2710 ultra
1461 2673 1626 2719 citraque

185 2733 431 2780 naviyanlium
451 2733 632 2769 oculatum
651 2731 822 2768 indicium
841 2736 906 2767 est.
950 2732 1070 2769 Strab.
1092 2733 1120 2767 Ι.
1143 2744 1182 2780 p.
1203 2733 1260 2770 19
1283 2729 1322 2767 C.
1343 2729 1477 2765 Almel.
1519 2723 1624 2778 Πέρ-

189 2797 256 2825 σαι
277 2783 320 2825 ὃὲ
340 2784 408 2825 καὶ
436 2785 606 2838 Λίβυες,
635 2778 726 2833 τοὺς
748 2779 958 2839 πορθμους
984 2780 1275 2837 ὑπονοήσαντες
1304 2778 1405 2823 εἶναι
1435 2784 1507 2822 τοῦ
1525 2784 1631 2821 πλοῦ
