1774 3002
113 145 300 176 XXXVIII
519 139 740 189 EDITORIS
771 139 1005 176 EPISTOLA
1035 139 1224 177 CRITICA

114 266 268 304 Eorum
299 273 407 302 unus
445 265 509 301 est
537 260 832 312 Kreyssigius,
876 262 927 301 de
961 261 1077 302 cuius
1109 261 1280 302 summis
1310 261 1350 302 in
1379 263 1627 313 Fragmenta

113 332 316 372 Vaticana
338 335 380 370 et
409 331 606 370 Toletana
642 329 797 370 meritis
828 342 954 380 quum
983 342 1109 381 supra
1131 330 1231 371 satis
1259 330 1453 379 dixerim,
1490 331 1556 371 hic
1586 331 1625 371 in

114 400 344 441 honorifica
375 398 463 438 eius
500 397 677 438 nominis
709 399 1103 441 commemoratione
1140 399 1410 449 acquiescere
1434 411 1624 449 possum.

113 471 232 509 Alter
272 473 336 508 est
375 468 587 506 Gustavus
631 465 846 515 Linkerus,
891 478 999 507 nunc
1039 468 1078 506 in
1118 467 1386 506 universitate
1415 466 1627 509 Vindobo-

113 536 233 577 nensi
264 535 455 585 antiquas
494 533 650 574 litteras
683 535 862 584 docens,
905 535 974 586 qui
1008 535 1048 575 in
1080 535 1215 575 libello
1256 536 1308 574 de
1338 536 1519 575 Sallustii
1543 536 1626 575 Hi-

111 608 324 646 storiarum
338 605 549 654 prooemio,
581 602 789 653 Marburgi
807 615 844 642 a.
871 602 989 643 1850.
1023 603 1146 650 edito,
1179 615 1262 642 non
1289 604 1423 643 solum
1439 608 1626 642 veterum

113 671 472 724 grammaticorum
501 673 640 719 locos,
673 671 739 710 ubi
767 671 928 720 Fragm.
955 673 1192 721 laudantur,
1225 683 1387 712 summa
1417 671 1625 722 diligentia

113 741 279 791 collegit
317 745 359 780 et
395 739 600 787 excussit,
642 740 716 779 sed
754 738 875 778 etiam
907 739 1110 789 prooemii
1140 740 1402 790 Fragmenta⁴
1423 745 1538 780 tanta
1567 739 1627 780 rei

113 810 278 850 criticae
320 814 361 848 et
390 808 553 857 linguae
582 807 730 847 latinae
766 806 914 857 peritia
939 808 1192 856 emendavit,
1231 807 1487 859 explicandis
1524 819 1624 848 vero

113 883 237 928 atque
267 875 506 916 ordinandis
535 880 688 915 tantam
706 888 841 916 rerum
874 875 1108 923 scientiam,
1140 879 1298 915 tanturn
1328 887 1501 916 acumen
1531 875 1626 916 sub-

113 950 333 995 actumque
360 943 554 984 iudicium
587 944 792 991 adhibuit,
832 949 877 984 ut
905 944 993 984 iure
1028 943 1124 983 mihi
1146 943 1284 983 dicere
1317 956 1444 995 posse
1470 944 1625 992 videar,

112 1014 287 1065 primum
317 1025 409 1053 eum
429 1013 584 1061 fuisse,
631 1012 700 1063 qui
725 1018 880 1052 rectam
911 1012 1019 1052 viam
1055 1013 1108 1052 ad
1137 1012 1333 1053 universa
1353 1013 1625 1058 Historiarum

112 1082 355 1132 Fragmenta
386 1080 531 1121 melius
564 1082 853 1132 componenda
893 1080 1025 1121 iniret.
1087 1082 1207 1132 Quod
1234 1087 1407 1132 propter
1436 1083 1510 1122 has
1546 1082 1625 1121 vir-

113 1154 222 1190 tutes
262 1160 285 1188 a
315 1149 528 1188 Gerlachio
569 1151 607 1190 in
639 1151 704 1190 ed.
746 1151 811 1188 III.
846 1149 1034 1189 convicio
1069 1152 1208 1198 „male
1239 1151 1372 1190 seduli
1414 1146 1655 1190 110minis“‘

117 1217 316 1264 afficitur,
354 1216 471 1256 facile
496 1219 599 1258 feret
624 1218 688 1258 vir
714 1217 918 1268 optimus;
957 1219 1049 1268 quis
1081 1219 1186 1259 enim
1219 1220 1362 1259 credat
1389 1218 1498 1259 aliud
1529 1219 1625 1259 Ger-

112 1285 266 1333 lachio,
321 1296 445 1325 caeco
478 1286 689 1326 Debrossii
722 1286 960 1326 admiratori
991 1286 1211 1337 omnisque
1241 1287 1525 1337 perversitatis
1556 1299 1626 1339 pa—

115 1358 258 1402 trono,
288 1354 454 1403 placere
480 1365 627 1403 posse,
666 1367 787 1405 quam
816 1355 1020 1405 ineptias?
1077 1355 1298 1395 Praeterea
1324 1355 1489 1395 Linkeri
1516 1367 1625 1396 com-

112 1421 383 1462 memoranda
415 1427 479 1462 est
502 1424 777 1463 commentatio
796 1424 845 1462 de
873 1424 1085 1472 Praefecto
1108 1424 1216 1463 urbis
1241 1424 1443 1472 seriarum
1471 1427 1625 1464 latina-

111 1502 220 1539 rum,
259 1489 415 1529 inserta
451 1490 566 1531 Actis
597 1489 834 1531 academiae
865 1491 1009 1530 scient.
1052 1491 1392 1532 Vindobonensis
1432 1503 1468 1532 a.
1503 1490 1624 1531 1853.

111 1560 206 1599 Vol.
243 1558 292 1597 X.
332 1570 373 1608 p.
404 1558 428 1596 7
465 1570 582 1608 sqq.,
628 1569 709 1608 qua
748 1559 873 1598 multa
912 1559 1173 1599 continentur
1201 1560 1254 1599 ad
1283 1560 1624 1610 Fragmentorum

115 1626 431 1678 explicationem
460 1626 686 1667 utilissima.

225 1697 451 1744 Postquam
470 1694 577 1744 Tibi,
609 1695 662 1735 mi
681 1696 1028 1743 Wuestemanne,
1057 1708 1221 1735 omnem
1245 1695 1468 1744 rationem,
1500 1707 1624 1746 quam

111 1765 162 1805 in<
183 1763 456 1814 disponendis
488 1758 824 1813 illustrandisque
858 1764 1113 1812 Fragmentis
1144 1768 1313 1804 secutus
1345 1776 1457 1812 sum,
1494 1775 1623 1814 expo-

112 1833 198 1881 sui,
232 1836 381 1880 restat,
412 1840 458 1875 ut
485 1832 631 1884 paucis
662 1832 794 1872 dicam
827 1831 878 1869 de
906 1830 975 1879 iis,
1014 1843 1133 1881 quae,
1165 1843 1414 1881 quamquam
1444 1831 1485 1873 in
1515 1832 1624 1883 prio-

112 1902 225 1941 ribus
243 1899 496 1942 editionibus
513 1903 723 1951 leguntur,
753 1899 793 1939 in
814 1900 891 1939 hac
918 1904 1062 1939 nostra
1081 1911 1165 1939 non
1188 1905 1442 1949 comparent.
1502 1901 1622 1940 Haud

111 1976 246 2024 pauca
275 1971 402 2019 enim,
443 1970 651 2010 editorum
687 1963 878 2022 ἆβλεψίᾳ
915 1980 990 2018 pro
1021 1967 1279 2008 Sallustianis
1316 1968 1491 2017 habitas
1515 1980 1623 2018 quae

113 2041 296 2082 Sallustii
322 2052 405 2079 non
434 2043 550 2087 sunt,
581 2039 922 2087 Fragmentorum
945 2047 1115 2076 numero
1138 2046 1283 2075 rursus
1300 2036 1517 2076 eximenda
1538 2038 1625 2077 fue-

112 2114 219 2150 runt.
281 2111 463 2158 Quorum
495 2119 564 2155 ea,
584 2118 712 2156 ‚quae
741 2105 993 2146 Debrossius
1024 2105 1179 2144 invexit
1217 2115 1390 2144 numero
1428 2109 1624 2154 quattuor

113 2183 154 2219 et
190 2176 356 2228 viginti,
403 2175 597 2226 quoniam
636 2175 675 2213 in
719 2174 819 2214 alias
859 2172 1062 2213 editiones
1109 2185 1189 2212 non
1240 2171 1511 2220 transierunt,
1557 2172 1623 2212 hic

114 2245 417 2298 praetereunda
442 2254 618 2291 cense03
648 2246 804 2289 cetera,
836 2252 941 2290 quae
966 2241 1033 2279 vel
1061 2240 1172 2290 apud
1191 2239 1384 2288 Cortium,
1416 2242 1481 2280 vel
1511 2240 1622 2289 apud

115 2313 371 2355 Gerlachium
425 2311 560 2351 adhuc
612 2310 822 2358 leguntur,
864 2308 1046 2348 breviter
1083 2307 1288 2348 indicabo.
1350 2307 1622 2348 inexcusabili

115 2394 257 2424 errore
284 2381 396 2432 apud
421 2378 601 2419 Cor-tium
631 2389 672 2427 p.
706 2376 824 2416 1003.
857 2388 909 2416 ex
948 2376 1134 2416 Senecae
1154 2377 1227 2426 Ep.
1259 2376 1395 2415 CXIV.
1428 2380 1619 2424 tanquam

114 2449 299 2492 Sallustii
328 2449 575 2497 Fragmenta
596 2445 824 2485 afferuntur
850 2445 971 2484 haec:
1030 2446 1188 2493 Fugam
1214 2446 1357 2484 nostris
1380 2444 1528 2492 fecere,
1561 2447 1619 2482 et:

114 2520 224 2568 Quae
253 2518 394 2557 audita
430 2515 732 2554 Panormitanos
765 2514 912 2553 dedere
938 2513 1128 2552 Romanis
1159 2512 1307 2561 fecere.
1365 2512 1474 2550 Nam.
1493 2511 1622 2550 verba

114 2597 211 2627 esse
242 2582 438 2631 Arruntii,
468 2582 507 2622 in
539 2581 722 2622 historiis
751 2581 846 2621 belli
869 2580 1010 2620 Punici
1041 2579 1278 2620 Sallustium
1303 2578 1510 2628 imitantis,
1537 2584 1619 2619 tam

115 2657 238 2706 plane
266 2665 291 2693 a
319 2652 481 2692 Seneca
511 2649 679 2699 dicitur,
711 2654 756 2689 ut
783 2650 889 2689 adeo
915 2648 1152 2688 Gerlachius
1179 2643 1448 2700 perspexerit.
1508 2646 1617 2686 Idem

114 2727 253 2763 tamen
282 2718 510 2761 Debrossio
542 2723 711 2758 auctore
740 2718 796 2766 (I,
828 2718 894 2766 7.)
925 2717 1061 2773 inned.
1090 2715 1182 2755 mai.
1207 2712 1406 2755 Inc.192.
1435 2724 1518 2752 non
1548 2714 1619 2752 du-

114 2790 259 2834 bitavit
296 2800 348 2829 ex
380 2788 539 2828 Seneca
577 2787 629 2828 de
658 2785 817 2827 Beneff.
848 2787 926 2834 lV,
964 2786 999 2824 1.
1031 2785 1133 2824 haec
1163 2795 1239 2834 pro
1271 2781 1453 2824 Sallustii
1482 2781 1618 2823 verbis
