1774 3002
464 165 797 204 HISTORIARUM
826 165 1139 205 FRAGMENTA.
1196 166 1287 203 LIB.
1312 166 1377 202 IV.
1548 159 1634 202 319

193 295 355 340 statum
372 293 502 338 antea
532 289 777 348 Cretensis,
811 291 937 338 solos
965 289 1157 336 omnium
1184 291 1347 337 liberos
1380 304 1434 335 ea
1459 292 1636 349 tempe-

140 392 182 426 11
194 379 328 432 state,
357 379 401 421 et
435 388 588 435 regem
621 374 935 421 Ptolemaeum.
989 375 1138 436 Atque
1176 388 1267 435 ego
1303 373 1425 418 ultus
1454 372 1635 418 iniurias

194 459 469 507 Nicomedem
507 457 714 518 Bithynia
753 458 927 519 expuli,
967 458 1231 519 Asiamque,
1286 456 1475 516 spolium
1512 457 1634 518 regis

194 542 420 597 Antiochi,
453 541 621 601 recepi,
664 544 708 586 et
749 541 957 588 Graeciae
995 541 1164 601 dempsi
1203 555 1344 602 grave
1393 539 1633 586 servitium.

139 636 183 670 12
194 623 368 683 [ncepta
385 639 485 671 mea
503 628 754 685 postremus
776 638 1008 671 servorum
1034 624 1281 670 Archelaus
1309 623 1502 670 exercitu
1523 638 1636 683 pro—

195 690 293 753 dito
317 707 564 769 impedivit3
600 708 770 770 illique,
807 722 923 769 quos
957 708 1139 769 ignavia
1171 712 1247 754 aut
1282 723 1421 768 prava
1460 706 1635 753 callidi-

194 794 285 846 tas,
304 791 367 836 uti
394 791 503 838 meis
531 791 755 838 laboribus
778 792 858 837 tuti
887 795 1060 848 essent,
1086 791 1220 838 armis
1246 791 1475 847 abstinuit,
1502 805 1635 837 acen—

195 953 282 985 nent
301 949 350 986 ad
373 962 432 996 ea,
453 964 549 999 quae
568 954 737 1000 proxime
758 952 1009 1000 praecedunt,
1039 951 1109 989 sed
1129 951 1178 988 ad
1198 951 1378 988 omissam
1398 951 1632 996 sententiam,

195 1007 272 1042 sere
293 1007 347 1043 sic
366 1010 631 1056 supplendam:
664 1010 766 1047 Haec
790 1011 963 1057 exempla
990 1010 1065 1046 iam
1091 1008 1279 1046 sufficiant
1302 1007 1353 1045 ad
1379 1007 1632 1045 Romanorum

195 1063 408 1100 iniustItiam
434 1070 472 1101 et
500 1067 696 1104 avaritiam
723 1066 1068 1102 demonstrandam.
1092 1067 1142 1102 cl'.
1163 1065 1213 1102 ad
1233 1065 1315 1112 lug.
1336 1076 1372 1101 c.
1392 1064 1492 1109 XIX,
1510 1069 1548 1104 2.
1566 1065 1630 1101 Fr.

192 1119 222 1167 1,
244 1121 308 1168 fi,
325 1123 385 1159 21.
404 1141 463 1148 —
483 1122 692 1160 Dameam
711 1124 798 1160 Vat.
822 1127 879 1167 1.,
868 1134 877 1142 ·
899 1123 1015 1170 vulgo
1034 1123 1263 1159 disamctmn.
1282 1141 1340 1148 —
1368 1121 1446 1158 Per
1464 1121 1631 1158 Nicome-

193 1175 275 1212 dem
301 1176 391 1215 bello
420 1180 692 1216 hoessiverma.
735 1179 778 1216 Id
806 1180 943 1216 lactum
972 1190 1070 1215 anno
1090 1182 1150 1218 88.
1171 1190 1205 1215 a.
1229 1178 1314 1216 Chr.
1335 1191 1371 1214 n.
1395 1180 1444 1214 cl'.
1465 1179 1631 1241 Appian.

194 1232 237 1269 B.
257 1233 422 1272 Mithrid.
443 1247 474 1272 c.
497 1241 555 1275 11.
601 1229 774 1280 Κάσσιος
790 1231 833 1273 δὲ
852 1231 920 1272 καὶ
938 1229 1102 1281 Μάνιος
1118 1256 1176 1261 -
1193 1228 1432 1284 Νικομήδην
1450 1246 1490 1272 τε
1510 1228 1631 1297 κατή

192 1300 317 1338 γαγον
342 1285 381 1336 ἐς
406 1291 632 1340 Βιθυνίαν,
657 1289 725 1329 καὶ
742 1283 1051 1355 Ἀριοβαρζάνην
1069 1288 1108 1337 ἐς
1119 1290 1427 1355 Καππαδοκίαν,
1448 1282 1573 1336 εὐθύς
1592 1303 1632 1327 τε

195 1341 462 1385 whether*
435 1361 575 1397 αμφω,
601 1346 776 1399 γείτονας
803 1342 920 1393 ὄντας
946 1341 1223 1399 Μιδριδᾶτου,
1232 1339 1322 1412 τὴν
1347 1347 1425 1398 γῆν
1451 1341 1547 1412 τὴν
1542 1347 1625 1385 Μι-

192 1394 389 1451 θριδᾶτου
406 1402 653 1467 κατατρέχειν
670 1402 739 1442 και
757 1402 795 1450 ἐς
807 1401 977 1454 πόλεμον
995 1401 1195 1454 ἐρεθίζειν,
1218 1397 1270 1449 ὦς
1288 1402 1480 1453 Ρωμαίων
1498 1396 1633 1448 αὐτοῖς

192 1458 405 1507 πολεμοῦσι
423 1455 767 1511 συμμαχησάντων.
794 1461 850 1499 ld.
870 1463 1046 1500 ib.e.15
1063 1465 1121 1500 16.
1140 1467 1178 1497 et
1194 1465 1253 1500 56.
1283 1462 1412 1498 lustin.
1428 1461 1630 1507 XXXVIII,

192 1518 226 1559 5,
249 1519 307 1554 10.
327 1518 390 1553 ubi
408 1518 640 1561 Mithridates
660 1520 799 1565 pariter
820 1519 1006 1566 queritur,
1024 1518 1255 1555 Nicomedem
1265 1523 1470 1566 praecepto
1490 1518 1630 1555 Roma·

192 1583 324 1608 not-im
343 1573 474 1610 benum
490 1576 563 1611 sibi.
577 1576 750 1612 inmb'sse.
771 1595 829 1602 —-—
849 1575 967 1612 Baua
983 1577 1155 1623 iynarum
1177 1587 1251 1611 non
1270 1576 1429 1623 pertinet
1449 1574 1500 1612 ad
1518 1575 1628 1612 Nico-

192 1629 340 1675 meam,
361 1630 433 1667 sed
446 1631 503 1667 *ad
521 1641 579 1667 me
603 1633 795 1679 appellem,
812 1642 960 1680 quem.
977 1652 1034 1658 -—
1055 1632 1127 1675 Ea.
1148 1643 1245 1679 quae
1263 1633 1445 1678 accidere,
1464 1636 1630 1669 testam

192 1689 301 1722 antea
328 1685 509 1725 Cretera&
534 1692 610 1725 etc.
633 1689 660 1724 i.
688 1701 724 1725 e.
753 1690 860 1736 quasi
889 1693 1004 1726 testes
1031 1689 1206 1726 citantem
1228 1683 1428 1726 Cretenses
1453 1694 1490 1725 et
1510 1689 1629 1725 Ptole-

191 1751 339 1778 maeum
356 1754 517 1790 -eorum,
554 1756 651 1792 quae
683 1745 878 1790 accidere,
916 1746 999 1782 sive
1026 1746 1306 1794 praedicentem
1339 1745 1570 1783 Cretensibus
1595 1751 1631 1782 et

191 1797 397 1837 Ptolemaeo
416 1811 461 1837 ea
485 1801 616 1848 suaa-a
637 1812 735 1847 esse,
767 1813 863 1849 quae
879 1803 1068 1847 accidere,
1088 1803 1231 1839 scilicet
1251 1814 1324 1850 quo
1346 1815 1414 1839 eos
1441 1802 1491 1839 ad
1510 1803 1630 1839 socie·

194 1859 303 1892 tatem
331 1858 418 1894 belli
448 1862 578 1894 contra
602 1857 792 1894 Romanos
820 1869 1108 1896 commoverem.
1153 1860 1299 1895 Testari
1316 1861 1473 1906 aliquem
1492 1860 1631 1907 aliquid

193 1922 418 1958 quamquam
437 1914 501 1949 vix
515 1914 608 1950 alias
627 1914 768 1950 dIetum
788 1916 983 1963 reperitur,
1008 1919 1131 1951 tamen
1154 1915 1242 1951 nihil
1263 1916 1375 1952 habet
1391 1917 1628 1960 insolentiae,

194 1977 306 2013 quum
334 1971 461 2004 testari
484 1970 691 2016 simplicem
719 1971 780 2006 vel
809 1972 865 2006 rei
886 1972 948 2007 vel
971 1982 1159 2018 personae
1180 1973 1438 2010 accusativum
1461 1973 1626 2020 legitime

193 2024 369 2062 asciscat.

306 2081 790 2129 §.11.Asiam‚spouum
817 2085 914 2137 repis
940 2084 1127 2129 Antibolei)
1156 2085 1182 2120 i.
1203 2096 1237 2120 e.
1266 2085 1419 2132 Asiam,
1448 2097 1523 2133 qua
1549 2086 1627 2123 An

195 2135 359 2172 tiochum
377 2138 646 2184 spoIIaverant.
670 2157 725 2165 -—
757 2138 936 2177 Graeciae
961 2141 1104 2188 dempsi
1125 2152 1239 2189 yrave
1258 2145 1441 2181 servatium
1462 2144 1628 2179 reseren—

194 2190 281 2229 duin
304 2192 453 2230 videtur
471 2193 521 2230 ad
541 2194 698 2231 caedem
716 2193 970 2233 Romanorum
990 2201 1142 2234 auctore
1163 2197 1403 2236 Mithridate
1393 2211 1432 2235 nn
1451 2201 1625 2237 omnibus

193 2249 309 2285 Asiae
330 2250 541 2287 civitatibus
568 2251 719 2296 factam,
749 2251 796 2287 de
826 2264 901 2300 qua
918 2253 1084 2315 Appian.
1102 2255 1147 2290 B.
1167 2255 1292 2292 Mithr.
1314 2267 1349 2292 c.
1371 2260 1431 2295 23.
1471 2244 1541 2293 Ὧι
1560 2251 1628 2292 καὶ

191 2297 380 2353 μάλιστα,
407 2307 547 2353 inquit,
576 2304 698 2371 δῆλον
726 2303 875 2357 ἐγένετο
902 2300 975 2358 τὴν
995 2303 1131 2348 Ἀσίαν
1155 2322 1203 2348 ου
1218 2305 1344 2378 φόβῳ
1363 2308 1629 2363 Μιθριδάτου

191 2361 360 2409 μᾶλλον,
394 2354 425 2411 ἢ
453 2360 556 2411 μίσει
579 2355 777 2412 Ῥωμαίων
803 2360 935 2403 τοιάδε
968 2362 1007 2411 ἐς
1039 2358 1182 2412 αυτοὺς
1210 2362 1468 2419 ἐργάσασθαι.
1509 2381 1549 2406 v.
1577 2369 1627 2405 ad

190 2418 250 2454 Fr.
270 2419 296 2463 I,
316 2422 377 2456 20.

306 2477 805 2524 §.12.exerca·aeprodao)
827 2479 1019 2516 Archelai
1041 2447 1144 2518 nulla
1170 2482 1238 2517 fuit
1256 2482 1419 2529 proditio
1438 2484 1625 2520 exercitus

190 2530 446 2568 Mithridatici.
481 2531 560 2568 Sed
582 2544 695 2579 quum
716 2536 965 2582 suspiciosum
986 2538 1090 2584 regis
1112 2538 1276 2574 animum
1297 2539 1431 2576 timens
1451 2542 1520 2577 snb
1544 2542 1626 2587 ipsa

194 2587 351 2623 secundi
374 2588 461 2625 belli
490 2588 599 2625 initia
620 2591 663 2632 (a
679 2592 739 2628 81..
770 2602 806 2627 a.
837 2591 924 2636 Chr.
952 2595 1009 2641 n.)
1034 2594 1084 2629 ad
1103 2595 1295 2630 Murenam
1317 2597 1550 2643 confugisset
1566 2598 1624 2642 (v.

193 2644 356 2691 Appian.
383 2645 425 2680 B.
455 2644 579 2680 Mithr.
602 2657 646 2680 c.-
640 2648 716 2685 64.
755 2637 963 2712 Ἀρχέλαον
984 2645 1028 2686 ἐν
1054 2641 1212 2701 νποψία
1241 2646 1450 2700 ἐτίθει-0,*
1422 2665 1475 2697 ως
1501 2643 1626 2689 πολλὰ

194 2695 295 2762 πέρα
323 2700 394 2737 τοῦ
429 2696 583 2745 δέοντος
619 2693 719 2739 κατὰ
753 2695 828 2764 τὴν
847 2695 1033 2742 Ἑλλάδα
1053 2701 1096 2742 ἐν
1121 2707 1206 2750 ταῖς
1232 2702 1457 2746 διαλόσεσιν
1486 2705 1624 2757 ἐπιχω-

195 2749 386 2806 ρήσαντα
397 2757 453 2809 τῷ
470 2750 618 2809 Σύλλα.
641 2770 698 2794 ων
714 2770 738 2794 ο
755 2748 957 2809 Ἀρχέλαος
975 2756 1261 2810 αἰσθανόμενος
1278 2774 1318 2801 τε
1338 2761 1406 2801 καὶ
1429 2762 1558 2809 δείσας
1580 2761 1626 2809 ἐς
