1774 3002
485 173 812 213 HISTORIARUM
838 172 1149 211 FRAGMENTA.
1207 173 1295 209 Lm.
1326 172 1373 208 v,
1574 158 1659 210 3‘59

353 303 392 346 2.
447 299 575 346 Luxo
601 298 726 359 pede.

354 386 395 428 3.
449 380 656 428 Prohibet
681 394 841 426 nocere
869 393 1109 433 venenum,
1131 378 1249 439 quod
1276 376 1351 422 tibi
1376 377 1517 423 datur.

218 523 278 559 20.
312 519 550 561 coniunctus,
586 517 648 553 ubi
683 528 736 562 v.,
770 528 793 553 a
824 515 959 554 Servio
996 514 1149 550 affertur
1186 513 1235 550 ad
1263 525 1398 550 versus
1426 513 1657 561 Virgilianos

221 567 365 623 Georg.
392 575 454 619 lV,
492 577 574 612 211.
609 573 703 610 hos:
761 574 987 618 „Praeterea
1019 582 1146 618 regem
1182 581 1257 606 non
1296 571 1350 606 sie
1383 569 1583 618 Aegyptus
1619 575 1655 606 et

221 633 353 679 ingens
381 630 503 678 Lydia
526 630 753 678 necrpopuli
781 629 1001 666 Parthorum
1029 632 1091 664 aut
1123 626 1258 663 Medus
1289 626 1494 675 Hydaspes
1521 627 1658 664 Obser-

220 687 355 734 vant;“
374 687 423 724 ad
446 698 540 734 quae
558 688 675 723 verba
695 687 985 734 grammaticus:
1025 683 1105 728 „De
1134 683 1194 720 his
1224 687 1344 720 autem
1368 684 1541 731 gentibus
1564 684 1657 720 dixit

220 744 419 782 Sallustius
442 744 534 780 adeo
551 763 608 768 —
627 743 820 780 nominisf‘
861 743 964 788 Quae
986 741 1198 778 observatio
1223 745 1260 776 ut
1281 741 1318 776 in
1339 741 1558 777 universum
1574 739 1655 778 Sal-

220 801 370 838 lustiani
399 801 472 837 loci
496 810 647 837 sensum
675 802 875 844 monstrat,
905 799 954 834 ita
974 797 1138 845 gentium
1160 797 1310 833 nomina
1334 796 1436 844 apud
1454 797 1655 844 Virgilium

221 869 296 894 non
316 857 498 905 urgenda,
519 856 587 893 sed
611 856 762 893 omnino
780 855 897 892 Asiae
918 855 1046 903 populi
1073 853 1304 901 Intelligendi
1328 853 1514 890 videntur.
1545 853 1654 898 Quod

221 915 253 951 si
275 925 350 951 non
376 914 472 950 falso
495 913 743 958 eoniecimus,
769 913 886 949 verba
915 912 1052 960 optime
1075 910 1302 947 conveniunt
1325 912 1364 947 in
1389 909 1654 954 Mithridatem,

220 972 282 1018 qui
296 999 306 1015 ,
333 981 446 1018 quum
470 970 610 1006 Luculli
640 980 701 1006 res
721 973 806 1017 post
823 979 988 1017 pugnam
1011 967 1113 1015 apud
1133 966 1316 1004 Artaxata
1335 972 1371 1003 et
1390 970 1536 1014 captam
1558 966 1655 1003 Nisi-

219 1028 295 1064 bim
322 1027 445 1063 minus
471 1037 653 1074 prospere
679 1025 886 1074 procedere
913 1025 1147 1073 coepissent,
1180 1034 1264 1060 cum
1292 1023 1443 1060 modica
1474 1033 1588 1060 manu
1616 1023 1653 1059 in

220 1084 374 1120 Pontum
408 1081 669 1130 regrederetur
699 1093 930 1146 regnumque
966 1081 1144 1118 amissum
1179 1090 1311 1116 rursus
1334 1083 1554 1128 occuparet,
1583 1081 1653 1125 (cl'.

218 1140 380 1188 Appian.
416 1138 580 1175 Mithrid.
611 1150 645 1174 c.
674 1141 737 1183 88,
768 1140 820 1174 in.
855 1150 892 1185 p.
929 1140 1009 1178 774.
1045 1135 1265 1184 Schweigh.
1296 1140 1332 1172 et
1363 1136 1571 1174 Tzschuek.
1605 1137 1653 1173 ad

217 1197 370 1242 Eutrop.
397 1195 461 1240 VI,
489 1198 527 1235 9.
554 1207 593 1242 p.
620 1198 692 1234 333
722 1196 799 1242 sq.)
828 1206 960 1243 mayno
984 1193 1101 1231 studio
1128 1204 1175 1230 ac
1202 1193 1336 1230 laetam
1354 1193 1557 1230 bucularum
1582 1204 1650 1231 ex-

217 1257 362 1300 cepeus,·
390 1225 517 1289 ν.1)ἰο
548 1250 652 1288 Cass.
671 1251 823 1297 XXXV,
841 1254 877 1290 9.
898 1263 937 1298 p.
959 1254 1020 1290 81.
1041 1250 1161 1286 Reim.
1215 1239 1285 1286 Ἐν
1313 1237 1346 1301 ᾧ
1376 1245 1419 1287 δὲ
1447 1239 1551 1286 ταῦτ’
1574 1245 1651 1300 ἐγί-

218 1319 341 1371 γνετο,
356 1300 617 1371 Μιθριδάτης
637 1303 675 1352 ἐς
687 1318 727 1344 τε
740 1298 813 1356 τὴν
834 1303 967 1370 ἑτέραν
981 1299 1189 1373 Ἀρμενίαν
1203 1317 1270 1342 και
1291 1288 1330 1351 ές
1348 1297 1396 1343 τὰ
1417 1299 1516 1342 αλλα
1537 1301 1651 1356 ἔσβα-

218 1355 298 1401 λῶν
322 1355 491 1408 πολλους
509 1363 588 1400 τῶν
597 1356 808 1412 Ῥωμαίων,
827 1355 918 1408 τοὺς
936 1358 1008 1411 μὲν
1023 1354 1102 1400 ἀνὰ
1119 1375 1193 1425 ττζν
1212 1354 1343 1428 χώραν
1359 1357 1652 1424 πλανωμένους,

218 1412 507 1482 ἆπροςδόκητος
524 1417 635 1467 σφίσι
657 1411 897 1469 προςπεσῶν,
917 1415 1090 1481 ἔφθειρε,
1107 1430 1198 1464 τους
1218 1413 1261 1455 δὲ
1280 1414 1346 1455 και
1366 1414 1410 1455 ἐκ
1435 1410 1560 1467 μάχης
1583 1431 1651 1456 κα-

219 1473 374 1524 τέκοψε.
403 1467 493 1528 Κᾷν
517 1469 642 1529 τούτῳ
663 1472 731 1513 καὶ
755 1475 835 1513 τῶν
857 1472 1009 1526 χωρίων
1026 1466 1075 1513 τὰ
1095 1472 1215 1512 πλείω
1234 1466 1303 1512 διὰ
1320 1470 1467 1525 ταχέων
1484 1468 1649 1539 ἀνεκτή-

219 1541 324 1569 σατο.
347 1529 389 1569 οἷ
402 1544 479 1582 γαρ
494 1525 702 1582 ανθρωποι
728 1528 925 1569 ἐκείνου
949 1543 998 1569 τε
1025 1543 1252 1580 ευνοιαν,
1279 1526 1330 1568 ἐκ
1358 1542 1403 1569 τε
1425 1532 1511 1569 τοῦ
1530 1523 1649 1582 ὃμο-

219 1582 378 1654 ‹pjslov
406 1583 492 1625 καὶ
519 1582 570 1625 ἐκ
572 1588 679 1652 τῆς
705 1586 918 1638 πατρίου
943 1585 1230 1653 Μβασιλείας,
1259 1584 1327 1624 καὶ
1351 1587 1434 1626 τῶν
1450 1581 1651 1638 Ῥωμαίων

218 1645 351 1694 μῖσος,
381 1637 449 1681 διὰ
478 1655 518 1681 τε
543 1637 587 1683 τὸ
616 1638 778 1683 ὀθνεῖον
805 1657 873 1681 και
894 1636 961 1682 διὰ
988 1637 1032 1682 τὸ
1059 1635 1137 1682 υπὸ
1156 1644 1236 1681 τῶν
1246 1637 1522 1709 ἐφεστηκότων
1539 1642 1651 1694 σφίσι

219 1701 523 1750 κακουχεῖσθαι,
546 1697 760 1750 ἔχοντες,
779 1694 1168 1752 προςεχωρησαν
1200 1693 1343 1738 αὖτω.

328 1758 377 1794 Fr
395 1762 430 1796 2.
473 1756 587 1803 [Cort.
607 1770 644 1805 p.
667 1761 770 1797 1009.
796 1758 897 1795 Gerl.
917 1758 977 1794 ed.
998 1760 1086 1795 mai.
1107 1759 1181 1794 Ine.
1205 1761 1283 1797 163
1307 1757 1368 1794 ed.
1389 1759 1475 1794 min.
1498 1758 1573 1794 Ine
1592 1763 1649 1797 51.

219 1827 258 1862 p.
277 1817 360 1859 238,
382 1818 438 1853 18.
458 1814 568 1850 Debr.
589 1815 636 1858 V,
656 1816 730 1859 64.]
779 1815 900 1850 Breve
922 1815 1206 1862 Fragmentum,
1240 1813 1341 1861 quod
1370 1815 1450 1850 sine
1478 1814 1560 1850 libri
1583 1826 1649 1851 nu-

218 1881 321 1906 mero
341 1874 462 1906 exstat
481 1870 582 1916 apud
601 1872 774 1914 Probum,
799 1870 909 1917 corp.
931 1871 1093 1907 Gramm.
1115 1871 1192 1906 Lat.
1217 1870 1303 1906 Vol.
1323 1870 1351 1905 1.
1372 1882 1410 1917 p.
1432 1873 1513 1910 133.
1540 1870 1648 1907 Lind.

217 1926 386 1971 (Putsch.
396 1937 433 1973 p.
447 1927 583 1970 1476.‚)
594 1926 816 1967 Debrossius
827 1927 917 1962 satis
929 1927 1169 1973 probabiliter
1184 1926 1362 1962 intellexit
1377 1926 1648 1964 deMithridate

219 1982 383 2030 graviter
411 1982 624 2027 vulnerato,
650 1994 763 2029 quum
784 1987 913 2018 contra
931 1983 980 2018 M.
1006 1982 1161 2019 Fabium
1189 1982 1396 2019 Adrianum
1425 1983 1619 2030 legatum
1609 1996 1647 2020 m

218 2038 396 2074 Armenia
407 2039 548 2073 minore
560 2040 611 2083 (a.
620 2041 678 2077 68.
689 2050 724 2075 a.
735 2037 823 2075 C.hr
834 2041 891 2083 n.)
905 2039 1048 2085 proelio
1065 2038 1645 2103 eontenderet30f.12pp.Mithr.

218 2107 251 2131 e.
261 2097 321 2132 88.
342 2083 699 2157 Ἐλευθερωσαντος
718 2090 761 2131 δὲ
778 2094 847 2131 τοῦ
861 2091 1017 2158 Φαβίου
1035 2087 1334 2162 &seirannus-‚⁶
1308 2103 1395 2132 οσοι
1414 2104 1518 2144 ησαν
1533 2091 1578 2133 ἐν
1591 2097 1647 2147 τῷ

217 2146 474 2214 στρατοπέδῳ,
492 2145 560 2186 καὶ
578 2147 620 2187 δι’
639 2141 731 2213 ολης
748 2143 893 2201 ἡμέρας
911 2138 1034 2196 αυθις
1056 2141 1364 2201 ἀγωνιζομένου,
1386 2149 1647 2202 παλίντροπος

216 2195 268 2268 ἦν
287 2198 309 2243 ὅ
332 2196 459 2270 ἄγων·
482 2201 606 2272 μέχρι
616 2198 700 2243 τὸν
718 2200 1072 2270 Μιθριδατην,
1099 2203 1355 2271 πληγέντα
1379 2204 1507 2245 λίθω
1525 2220 1571 2246 τε
1597 2205 1646 2256 ές

217 2254 268 2299 τὸ
294 2255 414 2312 γόνυ
442 2257 510 2298 καὶ
535 2253 612 2299 ὑπὸ
638 2255 707 2299 τὸν
727 2254 940 2312 ὀφθαλμὸν
957 2259 1079 2312 βέλει,
1110 2255 1211 2301 κατὰ
1243 2255 1423 2314 σπουδὴν
1449 2248 1644 2315 ἀποκομι-

218 2318 380 2380 σθῆναι.
423 2318 590 2354 Eandem
612 2330 690 2355 rem
710 2324 835 2356 narrat
853 2319 921 2356 Dio
943 2319 1049 2357 Cass.
1062 2320 1214 2365 XXXV,
1229 2324 1266 2361 9.
1278 2333 1317 2368 p.
1331 2324 1390 2360 82.
1411 2322 1530 2358 Reim.
1566 2318 1645 2359 Καὶ

217 2365 429 2411 ἀνάλωσαν
458 2386 511 2410 αν
535 2377 608 2420 (sc.
636 2375 764 2413 hostes
790 2368 986 2421 Fabium),
1016 2373 1063 2413 εἶ
1082 2368 1144 2440 μὴ
1170 2369 1191 2414 ὅ
1212 2372 1537 2427 Μιθριδατης
1564 2379 1646 2424 τοῖς

218 2427 423 2493 πολεμίοις
429 2420 763 2493 ἀναστρεφόμενος
782 2429 908 2469 λίθω
934 2444 982 2469 τε
1010 2426 1215 2483 ἐπλήγη,
1244 2429 1312 2470 και
1336 2429 1421 2479 δέος
1446 2434 1529 2479 τοῖς
1544 2433 1642 2485 βαρ-

215 2480 354 2537 βάροις
373 2478 429 2535 μὴ
446 2482 513 2523 καὶ
529 2477 718 2541 ἀποθάνῃ
731 2471 929 2539 παρέσχεν.
970 2489 1134 2526 Luxus
1146 2500 1219 2537 pes
1237 2490 1327 2536 quid
1350 2491 1417 2535 sit,
1438 2492 1577 2538 patebit
1596 2503 1642 2527 ex

216 2544 350 2589 Festo,
378 2544 440 2589 qui
469 2554 508 2590 p.
535 2546 594 2582 89
620 2543 682 2581 ed.
712 2545 877 2581 Lindem.
905 2545 1000 2582 haec
1028 2546 1159 2583 habet:
1188 2547 1281 2583 luxa
1311 2547 1490 2593 membra,
1520 2559 1541 2584 e
1562 2548 1642 2584 suis

217 2600 311 2636 locis
329 2603 429 2635 mota
448 2603 484 2635 et
507 2600 638 2636 soluta.

328 2656 389 2692 Fr.
406 2658 443 2694 3.
484 2655 611 2700 [Deest
630 2655 732 2702 apud
753 2655 865 2702 Corn,
887 2657 984 2694 Gerl.
1006 2632 1069 2694 ed.
1092 2658 1179 2694 mai.
1200 2662 1237 2693 et
1258 2657 1346 2695 min.
1350 2657 1509 2708 ,Debr.]
1529 2659 1642 2707 Frag—

217 2716 378 2748 mentum
411 2722 544 2748 reeens
579 2711 723 2749 accedit
756 2723 804 2748 ex
831 2713 1078 2751 Grammatico
1113 2725 1324 2763 anonym0‚
1364 2727 1472 2763 quem
1500 2717 1642 2762 primus

216 2769 408 2816 evulgavit
440 2767 637 2815 Ovidiique
671 2768 887 2806 Halieutieis
914 2769 1082 2807 adiunxit
1111 2771 1231 2807 Maur.
1261 2771 1463 2820 Hauptius,
1491 2783 1530 2819 p.
1561 2773 1641 2810 104.
