1774 3002
141 151 174 179 x
526 141 748 179 EDITORIS
779 140 1011 179 EPISTOLA
1045 141 1235 179 CRITICA

137 266 370 316 exemplum
406 262 530 315 lapidi
568 262 832 314 inscriptum,
871 265 984 314 quod
1023 263 1062 304 in
1103 265 1185 304 fine
1211 264 1331 306 huius
1364 264 1454 306 libri
1484 266 1660 316 exhibui,

137 336 240 375 haec
288 333 396 382 Tibi,
443 332 496 388 mi
529 334 876 382 Wuestemanne,
921 334 1053 374 habeo
1101 334 1319 373 narranda.
1390 334 1658 376 Continentur

138 404 205 444 illa
241 405 404 444 duobus
439 401 545 443 foliis
584 402 765 450 formae,
812 414 917 452 quae
958 402 1122 451 dicitur,
1169 406 1362 452 quartae,
1414 415 1495 443 non
1534 405 1659 445 modo

138 472 477 519 cohaerentibus,
518 470 594 509 sed
638 469 759 510 etiam
795 472 923 510 verba
964 470 1145 511 auctoris
1183 470 1376 512 continua
1405 471 1514 512 serie
1540 484 1654 522 prae-

138 541 350 590 bentibus,
393 553 476 591 quo
515 538 751 590 intelligitur
788 551 870 579 non
902 539 980 579 alia
1018 539 1114 580 folia
1148 538 1196 579 iis
1234 539 1363 580 fuisse
1399 540 1656 594 interposita,

138 611 214 651 sed
253 609 432 650 medium
468 621 518 649 ea
556 608 594 648 in
636 606 908 659 quaternione
946 607 1143 649 habuisse
1181 610 1338 658 locum,
1387 614 1433 650 ut
1471 609 1653 651 ostendit

138 680 242 719 haec
269 667 515 730 descriptio:

498 759 633 798 AaBa
650 758 705 796 Ca
748 757 807 795 Da
971 757 1032 795 Db
1070 757 1125 796 Cb
1142 757 1279 797 BbAb

542 816 1247 913 W

135 958 365 1009 Utrumque
398 955 539 997 folium
576 958 655 1005 (Da
684 956 765 1003 Db)
800 953 841 994 in
881 952 1053 1005 singulis
1094 954 1253 1006 paginis
1285 955 1389 996 duas
1426 957 1550 998 habet
1589 966 1659 996 co-

137 1027 318 1074 lumnas,
369 1024 539 1066 vicenos
575 1037 725 1066 versus
778 1022 1037 1064 continentes
1081 1023 1224 1065 litteris
1270 1024 1508 1066 maiusculis
1553 1026 1656 1077 opti-

135 1093 213 1134 mis
258 1098 476 1146 exaratos,
514 1106 691 1144 quorum
732 1105 916 1134 summus
940 1092 1106 1143 vubique
1138 1092 1325 1142 evanuit;
1366 1097 1557 1133 neutrum
1594 1098 1653 1134 ta-

136 1175 230 1203 men
267 1162 471 1214 integrum
509 1168 593 1212 est,
632 1164 710 1204 sed
739 1162 854 1203 vario
894 1163 1020 1202 modo
1053 1162 1294 1203 mutilatum.
1355 1160 1508 1202 Prioris
1545 1161 1653 1203 enim

135 1232 232 1280 (Da)
268 1231 478 1272 dexterior
515 1244 613 1283 pars
653 1232 709 1272 ita
749 1229 955 1279 abscissa,
996 1235 1060 1279 ut,
1106 1243 1229 1281 quum
1267 1229 1439 1271 latitudo
1478 1230 1654 1272 laciniae

137 1300 434 1341 descendendo
472 1307 705 1351 cresceret,
744 1301 784 1342 in
828 1314 990 1342 summa
1033 1300 1183 1353 pagina
1226 1310 1385 1350 paucae
1425 1299 1552 1339 modo
1594 1298 1653 1339 lit-

140 1373 251 1409 terae
278 1369 435 1419 desint,
468 1370 508 1410 in
538 1370 619 1411 ima
648 1383 808 1422 paucae
840 1370 1064 1422 supersint.
1124 1370 1185 1408 Ita
1207 1366 1246 1407 in
1289 1366 1466 1418 paginae
1498 1367 1654 1418 primae

137 1439 329 1478 columna
357 1439 544 1478 secunda
573 1450 766 1480 versuum
794 1440 920 1488 fines,
952 1438 992 1479 in
1024 1438 1200 1490 paginae
1223 1436 1435 1476 secundae
1463 1438 1655 1477 columna

136 1506 268 1557 prima
285 1518 480 1547 versuum
502 1506 615 1547 initia
640 1519 787 1548 manca
818 1512 915 1548 sunt
943 1512 984 1547 et
1005 1506 1045 1547 in
1066 1506 1147 1547 ima
1172 1511 1290 1558 parte
1309 1506 1365 1546 ita
1386 1505 1578 1556 mutilata,
1607 1511 1653 1547 ut

138 1574 299 1616 restitui
327 1587 410 1616 non
439 1575 617 1626 possint.
677 1576 891 1617 Posterius
928 1577 1069 1616 folium
1098 1576 1196 1624 (Db)
1231 1574 1295 1615 bis
1320 1572 1545 1615 scissuram
1576 1585 1654 1615 ex—

136 1648 298 1695 pertum
349 1648 434 1696 est,
478 1643 643 1693 lacinia,
686 1657 792 1695 quae
825 1644 1043 1685 duodecim
1089 1644 1175 1682 fere
1209 1642 1432 1683 litterarum
1474 1643 1651 1693 spatium

137 1713 362 1763 aequabat,
395 1724 447 1752 ex
477 1712 614 1752 media
653 1715 843 1753 columna
883 1712 1024 1763 quinta
1053 1710 1254 1752 exscissa.
1314 1712 1358 1750 In
1390 1711 1493 1751 duas
1529 1711 1650 1762 igitur

137 1784 276 1831 partes
303 1779 401 1820 abiit
428 1781 509 1820 hoc
543 1780 704 1831 folium,
734 1782 909 1832 'quarum
939 1781 1089 1832 prima,
1118 1778 1246 1830 priori
1273 1778 1372 1819 solio
1398 1780 1649 1830 adhaerens,

138 1851 300 1889 constat
328 1847 451 1888 initiis
472 1860 671 1889 versuum
702 1852 918 1890 columnae
949 1849 1116 1899 quintae
1143 1847 1185 1887 in
1210 1846 1360 1898 pagina
1380 1849 1577 1897 adversa,
1609 1852 1650 1889 et

133 1916 288 1972 *finibus
326 1928 523 1958 versuum
569 1920 786 1959 columnae
826 1923 999 1959 octavae
1039 1916 1080 1956 in
1119 1914 1271 1966 pagina
1297 1927 1466 1965 aversa3
1523 1918 1650 1957 altera

136 1985 262 2025 habet
290 1989 497 2026 extremas
529 1986 685 2028 litteras
710 1989 927 2028 columnae
957 1985 1124 2036 quintae
1153 1996 1247 2024 cum
1269 1983 1429 2034 integra
1459 1986 1650 2025 columna

137 2059 258 2094 sexta
280 2052 321 2093 in
347 2055 499 2105 pagina
527 2056 726 2108 adversa,
761 2062 800 2097 et
823 2056 1025 2106 integram
1048 2055 1282 2094 columnam
1309 2052 1524 2103 septimam
1555 2066 1648 2094 cuni

137 2121 280 2173 primis
330 2122 476 2163 litteris
524 2126 740 2164 columnae
788 2129 960 2164 octavae
1003 2122 1043 2163 in
1089 2121 1238 2173 pagina
1283 2133 1446 2162 aversa.
1505 2123 1550 2162 In
1579 2122 1650 2162 tali

137 2190 478 2245 Fragmentorum
511 2192 755 2232 condicione
784 2203 910 2241 quum
939 2202 1014 2241 per
1045 2202 1091 2231 se
1119 2189 1283 2228 minime
1315 2194 1545 2239 constaret,
1581 2191 1648 2230 ab<-

141 2257 276 2298 scissa
303 2270 402 2309 pars
429 2259 512 2299 folii
543 2259 715 2300 secundi
739 2259 791 2298 ad
822 2259 903 2298 hoc
932 2257 1087 2308 ipsum,
1127 2268 1178 2296 an
1209 2257 1262 2296 ad
1292 2256 1401 2297 aliud
1432 2257 1647 2309 pertinuis-

140 2330 224 2375 set,
263 2326 554 2378 Kreyssigius-
574 2327 744 2368 feliciter
778 2327 1001 2367 observato
1039 2330 1126 2365 tum
1155 2324 1322 2375 quintae
1356 2331 1443 2366 tum
1473 2330 1647 2367 octavae

141 2395 358 2434 columnae
388 2395 532 2438 finales
558 2407 755 2437 versuum
786 2394 969 2445 syllabas
995 2404 1087 2433 cum
1115 2392 1235 2433 initiis
1267 2392 1525 2444 sequentium
1560 2405 1646 2433 ver-

139 2476 262 2506 suum
289 2465 330 2505 in
353 2465 464 2507 iusta
486 2465 690 2504 vocabula
716 2463 840 2511 coire,
870 2462 911 2501 id
933 2461 1047 2512 quod
1069 2466 1216 2512 postea
1246 2460 1502 2502 accuratiore
1530 2460 1645 2501 folio-

138 2544 230 2572 rum
269 2533 488 2574 collatione
524 2532 673 2573 clarius
708 2530 829 2572 etiam
868 2529 1019 2581 patuit,
1059 2534 1188 2569 totam
1216 2530 1323 2570 hanc
1360 2527 1645 2579 quaestionem

140 2600 195 2640 ad
225 2600 425 2651 liquidum
455 2600 660 2651 perduxit.
719 2601 810 2640 Non
839 2598 974 2638 minus
1017 2597 1119 2637 scite
1148 2597 1274 2645 idem,
1313 2607 1438 2647 quum
1467 2598 1508 2634 et
1538 2594 1646 2645 prio-

140 2679 209 2708 res
247 2668 429 2710 editores
465 2669 517 2708 de
569 2667 714 2708 ordine
752 2667 1090 2716 Fragmentorum
1129 2677 1304 2716 prorsus
1338 2661 1644 2714 caecutiissent,

144 2739 186 2776 et
220 2738 287 2776 vel
321 2736 361 2776 in
399 2735 608 2777 Niebuhrii
648 2734 889 2786 apographo
925 2731 1125 2772 incertum
1156 2738 1288 2781 esset,
1335 2734 1471 2771 utrum
1508 2728 1549 2768 id
1587 2730 1645 2769 fo-

141 2803 259 2854 lium,
295 2805 409 2855 quod
443 2808 636 2855 quattuor
661 2801 870 2854 pleniores
900 2803 1113 2842 columnas
1147 2800 1346 2849 continet,
1376 2797 1648 2850 praecederet
