1774 3002
121 151 206 194 312
603 157 643 194 C.
676 156 905 195 SALLUSTI
939 157 1090 195 CRISPI

197 284 262 327 19.
321 281 526 342 Epistola
555 283 676 342 reqz’s
711 281 990 329 M‘lkrz‘dalzls
1024 284 1087 329 ad
1117 300 1263 345 reqem
1303 285 1510 332 Arsacen.

462 364 556 410 Rex
581 364 850 411 Mithridates
878 365 974 426 regi
1006 367 1162 413 Arsaci
1190 368 1235 414 S.

266 446 453 503 Omnes,
495 447 568 508 qui
618 449 824 494 secundis
865 448 997 494 rebus
1043 450 1136 495 suis
1183 451 1240 496 ad
1283 451 1385 497 belli
1428 453 1579 499 socie-

127 533 258 577 tatem
288 533 505 587 orantur,-
533 531 812 578 considerare
850 532 1029 588 debent,
1069 533 1254 581 liceatne
1298 538 1390 581 tum
1426 551 1579 596 pacem

126 670 163 705 in
184 668 404 705 Corduenos
427 679 539 715 quum
568 669 670 705 haud
705 669 816 706 dubie
847 681 984 708 caussa
1014 671 1143 715 suerit,
1172 682 1238 707 cur
1263 670 1462 709 Sallustius
1484 685 1574 710 non-

126 727 228 762 nulla
255 725 302 761 de
327 727 407 761 eius
438 729 558 761 terrae
583 730 715 762 natura
743 731 965 774 exponeret,
993 728 1258 775 Fragmentum
1279 728 1378 765 iusto
1399 730 1483 766 loco
1504 742 1573 778 po-

127 784 252 819 suisse
274 783 382 818 nobis
406 781 590 818 videmur.
612 802 669 808 —
688 784 905 829 Amomum,
935 784 983 820 ait
1016 784 1174 822 Servius
1201 784 1250 820 ad
1270 785 1376 833 Virg.
1397 786 1479 823 Eel.
1509 788 1572 833 IV,

124 844 204 885 25.,
227 839 344 876 herba
362 843 418 875 est
440 840 656 877 suavissimi
679 840 829 887 odoris,
855 851 951 887 quae
979 845 1118 878 tantum
1146 842 1182 877 in
1208 841 1370 890 Assyria
1394 845 1572 881 nascitur.

123 917 179 922 ——-
200 896 348 933 Leves
368 896 500 933 odores
523 901 608 933 sunt
630 897 845 934 suavissimi
869 902 905 933 et
923 898 1057 934 natura
1079 898 1310 943 tenuissima,
1328 910 1422 946 quos
1444 912 1574 938 recen-

122 953 236 990 tiores
256 957 394 991 vocant
415 953 618 990 aetherios.

236 1010 295 1047 Fr.
318 1013 376 1048 19.
403 1007 519 1058 [Cort.
539 1022 577 1057 p.
598 1012 821 1049 981—989.
844 1010 940 1047 Gerl.
962 1011 1024 1047 ed.
1044 1012 1131 1047 mai.
1151 1012 1215 1056 IV,
1240 1015 1296 1050 12.
1319 1012 1381 1049 ed.
1398 1013 1487 1049 min.
1505 1015 1568 1062 IV,

122 1070 180 1106 86.
200 1078 238 1114 p.
261 1070 350 1111 230,
375 1070 434 1105 24.
453 1066 564 1103 Debr.
584 1067 640 1111 V,
661 1068 736 1112 25.]
759 1067 860 1103 Haec
883 1069 1041 1115 epistola
1070 1072 1296 1105 conservata
1320 1074 1378 1105 est
1399 1070 1436 1105 in
1457 1071 1568 1109 codd.

122 1123 238 1168 Vatt.,
260 1123 395 1168 Ciacc.,
420 1123 544 1160 Ursin.
567 1128 602 1159 et
624 1123 790 1169 Balliol.‚
816 1124 862 1160 de
886 1125 1020 1171 quibus
1043 1137 1078 1161 v.
1106 1126 1229 1161 Praes.
1253 1145 1310 1152 -—-
1331 1125 1494 1173 Tigrane
1521 1128 1569 1164 ad

120 1179 391 1228 Tigranocerta
412 1191 433 1215 a
455 1180 608 1217 Lucullo
636 1180 748 1226 plane
779 1180 929 1217 devicto
951 1183 1115 1229 urbeque
1145 1183 1228 1228 ipsa
1250 1193 1324 1218 non
1349 1184 1461 1219 multo
1484 1189 1570 1231 post

119 1241 254 1284 capta,
287 1236 541 1281 Mithridates,
565 1238 738 1284 quamvis
768 1248 813 1273 ea
843 1237 951 1274 clade
976 1250 1042 1285 spe
1074 1239 1240 1275 melioris
1272 1240 1440 1276 fortunae
1470 1242 1570 1277 exci-

120 1293 257 1338 disset,
280 1297 402 1330 tamen
425 1294 587 1329 animum
610 1305 682 1329 non
707 1294 927 1341 despondit,
948 1295 1014 1331 sed
1047 1296 1155 1331 simul
1177 1307 1260 1331 cum
1286 1296 1451 1343 Tigrane
1475 1309 1568 1345 opes

118 1361 295 1398 reparare
326 1350 501 1395 studens,
534 1362 655 1387 novos
687 1352 831 1396 socios,
861 1352 993 1399 quibus
1023 1352 1273 1388 Romanorum
1304 1353 1446 1389 viribus
1478 1355 1571 1391 resi-

119 1411 252 1452 steret,
273 1407 549 1453 circumspexit.
591 1407 713 1452 Quare
735 1408 784 1444 ad
807 1409 988 1446 Arsacem
1011 1410 1092 1445 sive
1113 1409 1330 1455 Phraatem,
1346 1410 1568 1448 Parthorum

118 1475 267 1512 regem,
290 1466 435 1512 legatos
456 1464 575 1508 misit,
610 1465 670 1511 qui
695 1476 778 1500 eum
802 1465 851 1501 ad
874 1467 1089 1502 societatem
1112 1477 1195 1502 cum
1227 1467 1310 1512 ipso
1339 1471 1374 1502 et
1405 1466 1566 1515 Tigrane

118 1521 320 1557 ineundam
345 1521 590 1567 impellerent.
644 1521 752 1566 Quod
788 1533 860 1568 quo
892 1523 1024 1559 melius
1058 1523 1321 1569 perficeretur,
1353 1523 1443 1570 ipse
1469 1524 1567 1561 hanc

117 1579 337 1626 epistolam,
360 1578 466 1613 euius
488 1579 700 1624 exemplum
734 1578 932 1615 Sallustius
965 1580 1206 1626 perscripsit,
1235 1579 1285 1615 ad
1316 1580 1418 1616 illum
1449 1580 1565 1617 dedit.

115 1635 169 1671 De
189 1646 230 1670 re
251 1634 335 1681 ipsa
351 1647 388 1671 ν.
414 1635 574 1680 Appian.
598 1634 639 1669 Β.
660 1634 785 1670 Mithr.
806 1647 840 1671 c.
860 1637 927 1680 87,
952 1637 1002 1672 in.
1035 1630 1233 1700 Τιγράνης
1253 1631 1296 1673 δὲ
1315 1630 1384 1672 καῖ
1403 1637 1565 1688 Μιθρι-

115 1684 236 1740 δᾶτης
253 1699 420 1740 στρατον
442 1684 563 1727 ἄλλον
580 1682 788 1757 ἤθροιζον
795 1690 938 1741 περιΐοι
942 1703 1036 1736 τες,
1059 1704 1107 1729 ου
1128 1683 1202 1740 τὴν
1222 1690 1457 1743 στρατηγίαν
1478 1689 1565 1731 ἐπε-

111 1743 298 1810 τέτραπτο
327 1740 610 1811 Μἰθριὸατης,
637 1741 859 1796 ἡγουμένου
891 1741 1110 1814 Τιγράνους
1138 1741 1246 1811 αὐτῷ
1285 1745 1488 1798 γεγονέναι
1515 1741 1564 1787 τὰ

111 1797 331 1853 παθήματα
358 1798 589 1853 διδάγματα.
610 1796 858 1852 ’Έπεμπον
879 1799 929 1840 δὲ
949 1800 1034 1841 καὶ
1058 1800 1108 1849 ἐς
1127 1795 1217 1841 τὸν
1236 1803 1561 1855 Παρθυαῖον,

112 1856 414 1910 ἐπικουρεῖν
443 1858 588 1907 σφίσι
619 1859 1064 1927 παρακαλοῦντες.
1081 1862 1257 1897 Memnon
1288 1873 1350 1908 ap.
1380 1862 1487 1899 Phot.
1525 1875 1559 1899 c.

110 1921 189 1957 224.
209 1930 251 1980 p.
267 1920 356 1963 238,
381 1929 415 1953 a.
438 1917 559 1954 Bekk.
596 1909 642 1954 ‘O
661 1913 792 1963 μέντοι
813 1911 1075 1982 Μιθριδατης
1095 1908 1194 1966 πρὸς
1217 1912 1418 1968 Τιγράνην
1424 1929 1561 1983 παρα-

109 1965 278 2040 γεγονὼς
288 1964 549 2038 ἆνελαμβανέ
565 1985 604 2010 τε
619 1964 753 2020 αὐτὸν,
783 1996 823 2000 -
841 1987 908 2010 και
928 1965 1026 2011 λαὸν
1044 1967 1245 2024 ἀθροίζειν
1266 1969 1557 2024 συνεβούλευεν,

108 2053 162 2059 --
173 2023 227 2076 ὡς
241 2023 364 2067 παλιν
384 2023 711 2095 ἆναμαχούμενον
728 2021 802 2078 τὴν
821 2028 948 2094 νίκην.
977 2023 1024 2068 ‘O
1045 2027 1088 2068 δὲ
1099 2041 1231 2068 παντα
1245 2030 1300 2083 τῷ
1316 2025 1559 2094 Μιθριδάτῃ

108 2084 320 2151 ἐπέτρεπεν.
341 2107 398 2114 —-
418 2078 582 2131 Αυτὸς
604 2083 654 2123 δὲ
679 2098 802 2137 προς
823 2078 908 2124 τὸν
930 2080 1146 2151 Πάρθον
1170 2069 1446 2151 Φραδᾶτην
1463 2091 1556 2134 (scr.

110 2137 320 2212 Φραατην)
343 2137 730 2207 διεπρεσβεύετο
750 2144 1000 2206 παραχωρεῖν
1025 2135 1134 2196 αὐτῷ
1156 2135 1230 2193 τὴν
1243 2142 1558 2194 Μεσοποταμίαν

106 2197 174 2238 καὶ
202 2191 276 2249 τὴν
298 2192 569 2262 Ἀδιαβηνὴν
572 2213 639 2237 και
666 2191 756 2245 τοὺς
787 2193 980 2250 μεγαλους
999 2183 1193 2246 αὐλῶνας.
1222 2202 1305 2237 Ι)“ιο.
1327 2201 1488 2246 XXXV,
1521 2207 1556 2242 3.

104 2250 274 2295 Μαθὼν
293 2269 314 2294 ο
340 2248 596 2324 Λρύκουλλος
614 2247 705 2305 τὴν
728 2254 1000 2317 πρεσβείαν
1020 2249 1111 2321 τὴν
1142 2249 1238 2295 ὖπό
1273 2269 1321 2294 τε
1353 2257 1438 2295 τοῦ
1471 2258 1557 2296 Τι-

54 2357 55 2361 *
102 2325 295 2364 γρανου
316 2325 398 2349 και
427 2312 513 2349 τοῦ
532 2307 868 2363 Μιθριδάτου
902 2305 1023 2364 πρὸς
1043 2306 1126 2351 τὸν
1159 2305 1302 2364 Ἀρσα
1314 2326 1405 2363 ’tm‘
1434 2325 1559 2363 πεμ-

102 2370 324 2418 maetam
351 2362 624 2406 ανταπέστειλέ
643 2380 753 2414 τινας
775 2365 819 2406 ἐκ
838 2368 918 2406 τῶν
943 2363 1159 2420 συμμάχων
1179 2384 1214 2407 κ.
1239 2383 1272 2407 τ.
1302 2370 1335 2407 λ.
1363 2371 1549 2410 Plutarch.

101 2428 138 2464 in
156 2428 301 2464 Lucull.
323 2439 356 2463 c.
377 2430 445 2472 30,
467 2426 518 2462 in.

211 2487 247 2526 §-
269 2489 302 2522 1.
333 2483 503 2520 secundis
522 2481 631 2518 rebus
657 2483 751 2526 suis)
780 2482 833 2518 De
862 2482 933 2519 hac
966 2484 1165 2520 verborum
1197 2488 1381 2524 structura
1419 2497 1453 2521 v.
1483 2485 1545 2522 ad.

99 2538 203 2576 Catil.
222 2551 256 2575 e.
277 2540 346 2583 XI,
367 2544 403 2578 4.
420 2561 467 2566 —
493 2539 588 2576 Dein
607 2539 656 2575 ita
675 2539 833 2575 refertur
857 2539 906 2576 ad
928 2551 1194 2587 praegressum
1216 2541 1459 2578 considerare
1480 2541 1545 2577 de-

94 2596 195 2642 bem,
217 2600 257 2633 ut
277 2597 312 2632 in
334 2598 459 2643 priore
483 2597 648 2632 membro
664 2597 830 2642 primum
851 2596 1101 2643 supplendum
1124 2598 1191 2642 sit3
1216 2598 1263 2633 cs.
1286 2597 1450 2639 Gronov.
1479 2596 1542 2635 ad.

93 2653 172 2688 Liv.
200 2652 379 2700 XXXIV,
407 2656 473 2698 19,
499 2655 537 2691 8.
559 2652 740 2690 Goerenz.
771 2652 822 2689 ad
846 2652 923 2690 Cic.
954 2653 1103 2689 Acadd.
1125 2653 1176 2698 ΙΙ,
1199 2657 1263 2699 13,
1283 2656 1341 2692 41.
1366 2664 1403 2700 p.
1422 2654 1484 2692 78.
1505 2654 1542 2690 b.

95 2728 145 2736 —
176 2708 282 2754 Quod
301 2711 630 2756 quaesitur-verba
658 2709 867 2747 subiectum
897 2710 1086 2745 continent
1116 2710 1305 2756 sequentis
1330 2710 1543 2761 interroga-

88 2766 201 2803 tionis
221 2765 447 2811 indirectae3
470 2766 684 2813 intelligitur
704 2770 827 2803 autem
849 2766 931 2803 belli
951 2768 1105 2803 societas
1130 2767 1303 2814 expetita.
1331 2787 1387 2793 —
1423 2764 1545 2810 Quae-
