1774 3002
140 146 224 190 366
579 171 582 173 -
624 149 663 187 c.
693 148 923 188 SALLUSTI
953 149 1105 188 CRISPI

281 277 347 321 17.
405 274 549 335 Saepe
581 274 873 321 celebritatem
903 274 1089 321 nominis
1118 274 1330 335 intellego
1353 274 1585 321 timentem.

142 417 220 489 γὰρ
243 418 346 463 εἶδεν
366 416 491 463 αυτὸν
510 419 531 463 ὁ
556 419 711 472 Σύλλας
731 417 941 488 προςιόντα
953 421 1020 463 καὶ
1041 418 1113 477 τὴν
1132 417 1319 490 στρατιὰν
1335 424 1589 476 παρεστῶσαν

142 474 338 545 εὐανδρία
358 494 398 519 τε
425 477 665 532 θαυμαστὴν
699 479 767 519 καὶ
796 473 863 518 διὰ
883 474 952 527 τὰς
982 477 1247 535 κατορθώσεις
1273 478 1495 551 ἐπῃρμένην
1521 495 1590 519 και

142 531 317 603 ἴλαρὰν,
315 553 340 576 α
330 531 551 602 ’ποπηδ’
525 552 550 588 η
563 548 648 585 σας
668 551 719 576 το
730 538 756 576 ῦ
777 535 944 601 ἵππου,
967 536 1033 577 καὶ
1047 536 1389 604 προςαγορευθεὶς,
1406 531 1458 583 ὡς
1473 530 1588 586 εἰκὸς,

142 588 397 660 αὐτοκράτωρ
413 587 810 660 ἆντιπροςηγόρευσεν
831 587 1102 657 αὖτοκρατορα
1122 589 1190 634 τὸν
1204 590 1429 661 ῌομπήϊον.
1440 617 1495 625 —
1510 592 1589 632 Και

140 642 263 690 ταλλα
286 648 370 690 δὲ’
348 666 399 702 ην
419 645 686 716 ὁμολογοῦντα
710 653 795 696 ταῖς
813 645 985 704 πρώταις
1001 647 1327 704 φιλοφροσύναις,
1357 645 1587 698 ὑπεξανι-

144 706 395 773 σταμένου
423 721 470 747 τε
479 703 780 773 προςιόντι
792 709 853 761 τῷ
862 708 1132 774 Πομπηΐῳ
1159 707 1348 760 καὶτῆς
1367 708 1590 758 κεφαλῆς

142 758 425 831 ἀπάγοντος
442 757 494 803 τὸ
517 758 770 830 ἱματιον,
754 779 781 803 α
799 757 898 816 πρὸς
916 759 1036 804 αλλον
1055 759 1101 804 οὐ
1103 749 1303 830 ραδίως”
1284 765 1431 817 εωρᾶτο
1449 777 1588 814 ποιων,

144 816 316 876 καίπερ’
302 816 429 861 όντων
446 823 605 861 πολλῶν
624 819 693 860 καὶ
714 814 883 873 αγαθῶν
909 819 998 875 περὶ
1018 816 1150 861 αυτόν.
1183 826 1231 861 cs.
1264 824 1378 860 eund.
1402 824 1441 858 in
1461 822 1586 859 Crass.

143 893 174 917 c.
196 883 230 927 6,
251 881 352 917 med.
389 882 552 928 Appian
583 881 627 917 B.
660 880 701 916 C.
723 881 749 926 l,
756 883 829 942 80.
851 891 888 926 p.
911 884 990 918 112.
1014 880 1232 928 Schweigh.
1292 876 1372 917 Καὶ
1392 873 1587 942 χρησιμω-

141 949 254 983 τατος
274 933 315 974 ἐν
329 938 410 982 τοῖς
427 931 594 987 μαλιστα
615 929 716 974 668‘
701 949 722 974 ο
743 927 845 999 ἀνὴρ
864 938 936 982 (sc.
958 931 1187 1006 Πομπήϊος)
1203 933 1354 987 ἐγένετο
1365 936 1420 1004 τῷ
1438 929 1589 988 Σύλλα,

141 987 240 1031 ’ὅθεν
260 987 382 1032 αὐτὸν
402 986 625 1039 ὁΣύλλας’
611 990 666 1031 ε’τι
689 986 882 1030 νεώτατον
900 986 995 1031 όντα
1014 985 1111 1045 ἦγεν
1134 990 1176 1031 ἐν
1195 993 1308 1046 τιμῇ,
1330 989 1399 1031 καὶ
1426 986 1588 1030 ἐπιόν-

143 1063 241 1100 τος,
277 1047 420 1099 φασιν,
458 1043 770 1087 ὑπανίστατο
791 1042 937 1103 μόνῳ.
998 1053 1124 1088 valer.
1147 1052 1246 1088 Max.
1266 1052 1313 1096 V,
1333 1054 1367 1097 2,
1388 1052 1424 1088 9.
1484 1049 1587 1086 Sulla

141 1109 297 1145 dictator
320 1109 493 1155 Pompeio
513 1110 619 1144 ctiam
638 1110 787 1155 privato
814 1112 959 1154 capul
986 1109 1266 1157 adaperuit,
1295 1107 1487 1143 etsella
1518 1115 1585 1141 as-

141 1167 389 1211 surreaeit‚
412 1169 454 1201 et
478 1175 591 1212 equo
615 1164 874 1200 descendit.
891 1185 946 1189 —
966 1165 1018 1200 Dc
1037 1165 1180 1200 ratione
1202 1164 1332 1211 dativi,
1353 1164 1492 1211 quippe
1514 1173 1587 1210 quo

142 1233 234 1258 casu
256 1225 415 1270 ponatur
437 1223 482 1267 is,
504 1222 542 1257 in
569 1222 675 1257 cuius
696 1221 877 1257 honorem
901 1221 1043 1268 aliquid
1064 1221 1122 1266 fit,
1146 1234 1181 1259 v.
1204 1221 1366 1258 Gramm.
1386 1221 1450 1256 lat.
1472 1223 1588 1255 nostr.

144 1282 178 1322 §.
200 1281 280 1318 127.
302 1282 336 1317 3.
358 1279 400 1314 Β.
422 1289 456 1314 a.
474 1278 653 1314 additam.
675 1283 709 1316 1.
731 1289 770 1325 p.
791 1280 874 1316 351.
907 1298 965 1304 —
999 1278 1160 1314 Honoris
1181 1289 1291 1314 usum
1310 1289 1333 1313 a
1353 1275 1458 1313 Sulla
1482 1276 1588 1312 Pom-

142 1337 229 1383 peio
251 1336 367 1372 habiti
389 1335 552 1384 explicat
571 1334 728 1372 Servius
748 1334 798 1371 ad
818 1334 925 1382 Virg.
948 1335 1045 1371 Aen.
1065 1334 1222 1380 Xl,5oo.
1258 1334 1463 1380 „Quattuor
1485 1337 1591 1369 erant

144 1392 245 1440 apud
267 1391 458 1428 Romanos
471 1421 480 1438 ,
507 1403 603 1440 quae
625 1391 673 1428 ad
693 1390 1016 1428 honorificentiam
1036 1392 1289 1439 pertinebant,
1320 1400 1411 1438 equo
1432 1390 1591 1435 desilire,

142 1454 255 1497 caput
273 1451 435 1498 aperire,
456 1451 513 1485 via
534 1449 721 1495 decedere,
746 1458 955 1495 assurgere.
1015 1449 1094 1484 Hoc
1127 1449 1237 1485 etiam
1256 1457 1464 1495 praecones
1484 1457 1591 1494 prae-

145 1510 275 1543 euntes
306 1507 547 1554 magistratus
574 1507 738 1542 clamare
767 1505 1026 1542 dicebantur.“
1057 1505 1106 1541 cs.
1135 1504 1283 1543 Seneca
1310 1505 1468 1552 Ep..64‚
1497 1506 1589 1539 extr.

145 1564 188 1601 Si
204 1565 387 1600 consulem
400 1563 524 1600 videro
546 1567 610 1599 aut
622 1566 850 1610 praetorem,
869 1565 1003 1608 omnia,
1022 1561 1150 1610 quibus
1173 1561 1291 1598 honor
1312 1561 1444 1597 haberi
1459 1560 1594 1596 honori

143 1623 242 1664 solet.
259 1620 413 1668 faciam,
435 1630 525 1668 equo
542 1621 718 1664 desiliam,
747 1622 860 1666 caput
880 1620 1110 1666 adaperiam,
1131 1620 1259 1655 semita
1283 1618 1424 1654 cedam.
1473 1616 1590 1653 Moris

144 1688 235 1726 equo
264 1677 453 1713 desiliendi
478 1677 651 1723 exempla
681 1677 767 1711 sunt
790 1675 890 1723 apud
912 1676 1040 1712 Valer.
1071 1675 1171 1711 Max.
1202 1675 1247 1720 II,
1268 1678 1304 1720 2,
1320 1676 1354 1712 4.
1377 1673 1473 1718 VIII,
1495 1678 1530 1717 5,
1555 1674 1592 1710 6.

146 1735 231 1772 coll.
253 1734 335 1770 Dio.
349 1733 454 1770 Cass.
469 1733 581 1778 XLV,
603 1735 660 1770 16.
681 1743 716 1779 p.
730 1734 813 1770 430.
830 1732 964 1778 Reim.,
986 1733 1075 1768 sella
1091 1731 1310 1779 assurqendi
1324 1730 1424 1779 apud
1436 1728 1589 1766 Sueton.

147 1791 258 1828 Caes.
280 1803 313 1828 c.
336 1793 416 1836 78.;
439 1790 486 1826 de
508 1790 710 1838 aperiendo
731 1790 850 1835 capite
872 1789 949 1836 agit
967 1787 1154 1824 Plutarch.
1178 1789 1215 1824 in
1238 1787 1404 1832 Quaestt.
1423 1786 1532 1822 Rom.
1555 1796 1588 1820 c.

148 1853 203 1887 10.
225 1848 408 1885 ed.·Hutt.
428 1847 515 1884 Vol.
535 1846 632 1882 VIII.
657 1857 696 1893 p.
720 1848 801 1883 316.
834 1846 885 1881 De
910 1846 1088 1881 universa
1106 1855 1146 1880 re
1169 1856 1206 1881 v.
1230 1844 1343 1880 etiam
1363 1844 1531 1890 Lipsium
1553 1842 1590 1877 in

146 1906 278 1942 Electt.
302 1905 328 1951 I,
348 1908 410 1943 23.
429 1916 468 1952 p.
488 1906 557 1943 427
579 1914 634 1950 sq.
656 1923 712 1929 —
731 1902 995 1950 Fragmentum
1015 1901 1254 1946 Debrossius,
1274 1899 1507 1949 pronominis
1534 1897 1592 1936 re-

148 1962 279 1999 ssexivi
303 1963 381 1998 vim
407 1972 480 1998 non
508 1964 726 2004 assecutus,
759 1960 850 1995 satis
882 1960 1006 2007 inepte
1043 1959 1168 1995 statuit
1198 1969 1245 1994 ex
1274 1958 1441 1999 oratione
1477 1956 1593 1992 fuisse

150 2019 283 2064 Catuli,
305 2030 379 2066 qua
399 2020 522 2066 legem
551 2017 744 2054 Gabiniam
773 2016 964 2053 dissuasit.
1024 2015 1191 2063 Pompeii
1213 2015 1332 2062 ipsius
1352 2015 1471 2053 verba
1491 2023 1591 2057 esse,

151 2076 253 2124 quod
275 2077 347 2112 iam
371 2075 518 2113 viderat
545 2075 693 2122 Lipsius
716 2075 739 2109 l.
763 2074 787 2108 l.
808 2084 845 2120 p.
866 2075 969 2118 428„
996 2072 1092 2109 vidit
1119 2072 1230 2108 etiam
1263 2071 1480 2108 Gerlachius
1505 2070 1592 2106 Vol.

149 2134 208 2170 111.
225 2145 261 2180 p.
271 2136 367 2177 116.⁷
390 2133 458 2169 sed
478 2142 635 2180 prorsus
657 2131 806 2167 sinistre
828 2132 873 2167 ab
894 2130 957 2165 illo
981 2129 1081 2166 dicta
1101 2139 1187 2165 esse
1210 2132 1350 2174 censet,
1371 2137 1512 2176 „quum
1532 2125 1594 2163 die

149 2194 318 2238 postem,
337 2200 446 2236 quam
468 2189 616 2236 rogatio
638 2188 792 2223 Manilia
815 2184 925 2232 [sici]
948 2187 1092 2234 perlata
1112 2186 1198 2232 suit,
1227 2186 1264 2222 in
1285 2187 1414 2223 urbem
1435 2184 1538 2223 venit
1557 2187 1593 2219 et

151 2247 370 2284 concionem
391 2246 560 2282 habuit.“
586 2244 668 2282 Sed
690 2256 802 2291 quum
819 2243 1037 2291 Plutarchus
1058 2244 1096 2279 in
1116 2243 1246 2291 Pomp.
1269 2254 1303 2279 c.
1319 2245 1392 2288 260,
1413 2252 1487 2290 quo
1508 2241 1592 2276 loco

151 2302 337 2341 Gerlaehii
358 2303 485 2350 opinio
510 2302 648 2345 nititur,
673 2301 815 2346 tradat,
844 2300 1061 2348 Pompeium
1089 2299 1162 2337 hac
1191 2299 1374 2336 concione
1396 2298 1436 2335 id
1466 2298 1593 2345 egisse

80 2371 81 2374 ’
153 2373 197 2399 3ο
212 2359 444 2408 perfecisse,
474 2363 512 2394 ut
530 2358 649 2394 maior
672 2358 769 2402 sibi,
793 2368 904 2404 quam
928 2358 1013 2404 ipsa
1039 2357 1234 2403 rogatione
1258 2355 1496 2392 constitutum
1518 2355 1597 2390 sue—

153 2422 222 2464 rat,
242 2420 410 2466 potestas
431 2416 591 2462 bellique
623 2418 823 2461 apparatus
856 2413 1145 2458 concederetur,
1171 2413 1252 2460 quis
1279 2412 1408 2460 paullo
1438 2411 1594 2447 circum·

155 2475 319 2523 spectior
346 2473 475 2509 credat
501 2471 551 2508 ad
571 2471 671 2508 hunc
696 2471 808 2506 finem
828 2471 856 2506 Γ
859 2471 1042 2518 ragmenti
1072 2471 1187 2506 verba
1209 2473 1380 2518 spectare
1400 2464 1596 2515 potuisse?

154 2552 209 2559 —
231 2531 391 2568 Occasio
421 2528 607 2578 gloriandi
634 2528 810 2575 Pompeio
841 2527 936 2563 haec
967 2526 1044 2563 suit.
1105 2526 1224 2570 Quum
1257 2525 1435 2562 Gabinius
1462 2522 1598 2571 rogati-

157 2599 266 2625 onem
304 2587 350 2623 de
386 2599 458 2623 uno
485 2588 708 2652 imperatore
742 2589 871 2621 contra
898 2584 1113 2631 praedones
1147 2581 1406 2619 constituendo
1442 2580 1598 2625 tulisset,

156 2645 370 2692 Pompeius,
392 2655 619 2692 quamquam
640 2644 678 2680 in
697 2654 742 2679 ea
761 2642 955 2689 rogatione
981 2652 1057 2677 non
1083 2640 1294 2676 nominatus
1324 2639 1382 2684 (v.
1402 2637 1469 2673 Dio
1492 2634 1598 2672 Cass.

156 2701 326 2747 XXXVI,
349 2705 383 2749 6,
404 2706 496 2738 extr.
518 2713 557 2749 p.
579 2701 670 2747 9o.‚)
693 2700 763 2737 sed
790 2699 910 2747 plebis
936 2708 1124 2735 consensu
1152 2697 1240 2734 huic
1261 2695 1415 2743 imperio
1436 2691 1599 2730 destina-

158 2763 230 2806 tus,
253 2760 335 2807 ipso
358 2759 625 2808 suffragiorum
648 2758 708 2794 die
731 2758 766 2793 in
793 2757 1004 2793 contionem
1024 2754 1174 2803 prodiit,
1202 2757 1238 2789 et
1258 2751 1424 2789 oratione
1449 2749 1597 2786 simula-
