1774 3002
175 159 239 200 ’94
669 166 706 202 C.
736 165 967 205 SALLUSTI
999 167 1150 207 CRISPI

318 293 387 334 62.
443 289 615 336 Insulas
652 291 896 337 fortunatas
936 292 1172 340 Sallustius
1209 292 1268 338 ait
1303 291 1490 339 inclutas
1528 307 1630 339 esse

182 370 360 416 Homeri
399 373 675 419 carminibus.

317 460 384 501 63.
443 456 689 518 Maurique,
723 472 884 503 vanum
913 473 1080 519 genus,
1111 462 1158 504 ut
1190 459 1276 504 alia
1301 459 1490 516 Africae,
1517 475 1630 506 con-

180 538 416 584 tendebant
452 540 710 601 .Antipodas
747 541 862 587 ultra
906 542 1185 602 Aethiopiam
1232 541 1351 602 cultu
1394 542 1629 589 Persarum

178 619 322 668 iustos
353 624 396 668 et
425 623 638 684 egregios
673 631 822 685 agere.

180 792 226 818 ea
249 781 404 828 respicit
436 786 565 818 auctor
597 782 825 818 monumenti
855 780 1024 830 Reginae
1056 794 1094 819 v.
1126 786 1162 821 9.
1202 784 1242 819 in
1276 784 1438 827 Iacobsii
1471 783 1626 821 Delectu

177 839 307 886 Epigr.
326 839 459 875 Graec.
479 839 548 885 IX,
569 841 628 877 42.
650 851 687 886 p.
708 843 806 885 352„
835 840 942 875 Plato
971 838 1149 886 Sympos.
1178 851 1218 887 p.
1243 842 1323 879 179.
1357 841 1400 877 E.
1439 840 1553 888 Gorg.
1585 853 1624 888 p.

177 898 260 934 523.
282 895 325 931 B.
383 897 438 933 Ex
460 897 599 933 Latinis
624 896 866 943 scriptoribus
890 898 938 932 cs.
961 896 1087 932 Horat.
1103 897 1224 943 Epod.
1241 897 1348 943 XVI,
1368 900 1414 936 41
1430 908 1526 944 sqq„
1548 896 1623 934 Cic.

177 952 225 988 de
246 953 353 988 Finn.
380 954 426 998 V,
458 956 521 998 19,
550 957 608 992 53.
654 954 834 1000 Pompon.
867 953 966 989 Mela
999 953 1069 999 III,
1089 958 1143 992 10.
1189 954 1281 990 Ptin.
1307 955 1351 991 H.
1383 955 1428 991 N.
1459 955 1546 999 VI„
1565 956 1626 1001 36.

175 1008 308 1045 Isidor.
329 1009 429 1055 XIV,
448 1013 490 1054 6,
512 1013 573 1055 8.;
596 1014 792 1056 praeterea
816 1024 850 1048 v.
873 1010 1005 1046 Mureti
1026 1011 1108 1046 VV.
1133 1011 1203 1046 LL.
1229 1011 1276 1055 V,
1303 1016 1336 1049 1.
1378 1011 1553 1048 Gataker.
1576 1010 1625 1047 ad

174 1066 352 1102 Antonin.
376 1067 428 1111 X,
450 1070 486 1105 8.
511 1078 548 1113 p.
569 1070 651 1105 295.
682 1068 852 1102 Perizon.
874 1067 923 1102 ad
945 1067 1092 1102 Aelian.
1117 1067 1186 1112 III,
1207 1070 1264 1105 18.

137 1141 141 1145 ι
290 1124 349 1159 Fr.
376 1126 434 1161 62.
483 1122 598 1172 [Cort.
620 1132 658 1170 p'.
682 1128 783 1162 1011.
838 1124 939 1159 Gerl.
961 1123 1023 1158 ed.
1043 1124 1132 1159 mai.
1166 1124 1242 1158 Inc.
1278 1126 1360 1162 213.
1397 1123 1459 1160 ed.
1482 1125 1572 1160 min.
1595 1125 1623 1168 I,

173 1183 232 1219 88.
255 1192 292 1227 p.
316 1182 449 1225 197,,2.
491 1180 600 1216 Debr.
623 1181 675 1224 II,
700 1184 756 1219 13.
779 1184 815 1216 et
839 1175 914 1226 15.]
960 1181 1108 1224 Verba,
1140 1191 1235 1226 quae
1256 1180 1369 1218 habet
1389 1179 1546 1217 Servius
1576 1181 1624 1217 ad

173 1237 281 1284 Virg.
298 1244 300 1246 '
319 1238 414 1273 A-en.
451 1237 498 1283 V,
533 1238 631 1282 735„
680 1237 944 1285 praecedentis
983 1236 1195 1284 Fragmenti
1238 1237 1488 1285 explicatione
1533 1237 1623 1274 satis

172 1294 286 1340 plana
313 1298 412 1329 sunt.

285 1352 346 1386 Fr.
367 1353 426 1389 63.
476 1349 592 1396 [Cort.
611 1361 651 1397 p.
671 1353 775 1389 1009.
797 1350 896 1386 Gerl.
917 1349 979 1386 ed.
999 1350 1085 1387 mai.
1106 1351 1183 1386 Inc.
1204 1352 1284 1389 164.
1313 1350 1376 1386 ed.
1398 1351 1487 1387 min.
1514 1350 1540 1395 Ι,
1559 1353 1620 1389 89.

172 1410 302 1453 p.l97‚
323 1410 359 1444 4.
381 1408 491 1444 Debr.
512 1407 554 1452 II,
575 1408 647 1452 16.]
688 1408 817 1443 Verba
838 1407 1006 1444 servavit
1026 1407 1207 1444 Priscian.
1227 1407 1327 1452 XIV,
1348 1410 1384 1452 4,
1401 1410 1461 1447 41.
1483 1417 1522 1454 p.
1537 1410 1620 1446 603.

173 1464 260 1507 Kr.,
296 1464 366 1501 sed
395 1465 490 1501 salso
521 1475 568 1500 ex
588 1463 767 1511 Iugurtha
791 1463 941 1508 laudat3
978 1464 1016 1498 in
1037 1474 1110 1510 quo
1131 1475 1245 1511 quum
1266 1475 1301 1500 c.
1319 1463 1453 1501 XVIII.
1480 1465 1622 1511 pariter

175 1520 222 1556 de
244 1521 397 1558 Africae
427 1522 602 1568 gentibus
632 1525 784 1567 agatur,
817 1521 1051 1556 PriscIanum
1077 1524 1180 1567 patet
1200 1531 1277 1556 non
1304 1521 1416 1556 altam
1441 1521 1490 1557 ob
1513 1531 1623 1556 caus-

174 1588 255 1613 sam
275 1577 371 1614 haec
393 1577 611 1614 confudisse
624 1605 633 1621 ,
655 1587 765 1623 quam
785 1577 886 1623 quod
912 1577 1036 1613 locum
1056 1578 1270 1613 memoriter
1286 1577 1416 1613 attulit.
1442 1576 1546 1612 Idem
1560 1587 1622 1613 ac-

170 1633 263 1669 cidit
287 1635 421 1679 Nonio,
445 1635 507 1680 qui
527 1634 591 1678 IV,
613 1636 696 1671 481.
717 1635 845 1680 p.416,
862 1636 922 1671 29.
935 1633 1052 1669 Merc.
1076 1644 1124 1669 ex
1142 1633 1321 1681 Iugurtha
1342 1632 1472 1670 affert:
1490 1633 1624 1670 Mauri

170 1702 303 1727 vanum
322 1700 449 1739 ⁸qenus.
486 1690 548 1726 Ad
569 1689 704 1726 eadem
723 1692 841 1726 verba
863 1689 1029 1736 respexit
1048 1691 1160 1726 etiam
1175 1689 1390 1726 Tertullian.
1408 1689 1455 1724 de
1468 1685 1619 1726 Anima.

170 1759 209 1795 p.
238 1750 327 1793 313;
358 1760 394 1785 v.
421 1748 481 1784 Fr.
508 1747 586 1783 Ine.
613 1749 673 1785 39.
728 1746 996 1793 Fragmentum
1023 1746 1185 1792 pertinet
1213 1746 1262 1782 ad
1290 1746 1542 1782 narrationem
1572 1746 1619 1782 de

172 1803 359 1850 Sertorio,
392 1816 415 1840 a
435 1803 612 1841 Cilicibus
637 1807 766 1839 eontra
792 1803 1018 1839 voluntatem
1048 1813 1155 1838 suam
1178 1803 1215 1837 ln
1237 1803 1509 1839 Mauretaniam
1535 1802 1620 1839 Tin-

171 1862 336 1908 gitanam
357 1865 489 1906 vecto,
520 1861 583 1897 ubi
606 1864 734 1908 gratus
757 1860 875 1895 factus
898 1859 1034 1895 incolis
1063 1859 1202 1895 auxilio
1232 1863 1363 1895 contra
1383 1859 1552 1896 Ascalim
1584 1864 1619 1894 et

172 1918 419 1964 Paccianum,
450 1929 478 1955 a.
496 1917 600 1954 Sulla
623 1917 799 1961 missum,
823 1917 896 1952 lato
909 1944 919 1960 ,
948 1915 997 1951 de
1017 1920 1140 1952 terrae
1159 1919 1297 1952 natura
1316 1915 1544 1962 Africaeque
1565 1916 1618 1951 in-

172 1975 265 2011 colis
295 1975 533 2022 quaesivisse
561 1974 730 2018 videtur3
763 1984 874 2020 quam
904 1983 983 2008 rem
1014 1971 1236 2008 Gerlachius
1271 1972 1356 2007 Vol.
1384 1972 1512 2021 III.·p.
1539 1975 1618 2010 138.

170 2035 272 2067 recte
293 2032 434 2068 iudicat
455 2043 500 2068 eo
521 2030 777 2077 comprobari,
809 2028 910 2076 quod
931 2028 1153 2065 Plutarchus
1175 2031 1212 2066 in
1237 2028 1405 2065 Sertorio
1422 2040 1455 2064 c.
1473 2031 1524 2073 9.,
1558 2029 1619 2075 qui

172 2089 277 2123 locus
306 2092 402 2124 totus
427 2093 483 2124 est
504 2088 551 2123 de
581 2087 821 2134 expeditione
841 2086 1116 2130 Mauretaniea,
1147 2086 1284 2122 Antaei
1312 2096 1462 2131 quoque
1497 2086 1620 2132 sepul-

171 2155 294 2188 crum,
318 2146 366 2180 ibi
387 2145 590 2189 conditum,
613 2145 824 2180 accuratius
847 2144 893 2178 ab
915 2143 978 2178 illo
999 2143 1294 2189 pervestigatum
1315 2153 1402 2178 esse
1423 2141 1545 2179 tradit.
1564 2161 1619 2166 -—

170 2200 254 2236 Alia
275 2211 353 2238 vox
374 2211 598 2247 quamquam
626 2200 672 2236 de
698 2198 900 2235 hominibus
919 2203 977 2234 est
997 2198 1203 2245 capienda,
1238 2202 1362 2234 tamen
1387 2208 1463 2234 non
1484 2198 1533 2234 ita
1552 2209 1619 2245 po-

171 2257 242 2292 sita
268 2257 435 2302 videtur,
467 2262 509 2292 ut
526 2268 573 2291 ex
605 2255 847 2292 antecedente
864 2264 980 2301 qenus
1001 2266 1094 2290 voce
1113 2265 1251 2302 yenera
1279 2255 1327 2290 sit
1353 2254 1616 2302 supplendum,

171 2314 239 2349 sed
279 2315 511 2350 substantive
546 2313 639 2348 alios
674 2312 881 2347 homines
911 2312 992 2347 sive
1024 2312 1116 2347 alios
1150 2312 1338 2348 incolas
1356 2311 1519 2347 >Africae
1553 2311 1617 2346 de—

171 2371 315 2418 signat,
345 2370 392 2407 de
414 2381 487 2417 quo
509 2369 681 2408 neutrius¹
694 2368 850 2415 pluralis
879 2379 950 2403 usu
978 2379 1017 2403 v.
1045 2372 1221 2404 annotata
1242 2367 1292 2404 ad
1311 2368 1392 2414 lug.
1415 2380 1450 2404 c.
1467 2366 1562 2410 XIII,
1583 2370 1616 2405 6.

169 2437 209 2474 p.
229 2429 286 2466 69.
319 2447 375 2452 -
405 2427 458 2463 De
482 2425 699 2462 accusativo
721 2425 923 2470 Anlipodas
946 2436 982 2461 v.
1008 2424 1058 2460 ad
1077 2425 1158 2473 lug.
1179 2436 1213 2460 c.
1232 2424 1329 2470 XIX,
1347 2427 1386 2463 6.
1411 2443 1468 2450 ——-
1493 2422 1616 2460 Cultus

171 2483 262 2530 quid
283 2484 329 2520 sit
349 2484 488 2520 dictum
509 2482 558 2519 ad
578 2482 657 2529 Iug.
682 2481 876 2525 LXXVIII,
897 2483 931 2517 4.
953 2492 992 2528 p.
1013 2484 1094 2519 413.
1116 2501 1171 2506 -—
1203 2480 1410 2517 Persarum
1433 2480 1470 2515 in
1487 2479 1616 2515 Africa

169 2538 438 2577 habitationem
469 2544 598 2576 auctor
624 2538 846 2574 memoravit
874 2538 984 2573 etiam
1006 2538 1086 2584 lug.
1106 2537 1239 2582 xvffl,
1263 2539 1299 2574 4.
1321 2541 1357 2572 et
1378 2539 1436 2574 11.
1471 2555 1529 2560 ——
1563 2535 1615 2571 De

169 2595 344 2634 adiectivo
383 2607 468 2634 cum
506 2596 622 2633 verbo
656 2594 855 2631 coniuncto
895 2606 930 2630 v.
965 2598 1141 2630 annotata
1177 2594 1227 2631 ad
1254 2593 1335 2640 lug.
1355 2592 1559 2637 XXXVIII,
1582 2595 1615 2628 1.

166 2663 207 2700 p.
226 2655 310 2693 216.
332 2658 367 2690 et
387 2653 590 2690 Grammat.
611 2653 677 2689 lat.
695 2654 810 2687 nostr.
831 2653 867 2693 §-
887 2653 967 2695 124,
987 2653 1023 2688 4.
1045 2654 1173 2687 annot.
1195 2651 1228 2689 7.
1247 2660 1286 2697 p.
1306 2651 1389 2688 325.

284 2711 344 2746 Fr.
373 2712 432 2749 64.
487 2708 602 2758 [fort.
631 2719 670 2756 p.
697 2710 780 2746 955.
813 2707 912 2742 Gerl.
941 2708 1000 2743 ed.
1030 2709 1119 2743 mai.
1148 2707 1175 2750 Ι,
1202 2709 1262 2746 48.
1295 2705 1358 2741 ed.
1386 2705 1474 2741 min.
1503 2705 1531 2749 I,
1556 2706 1616 2743 90.

167 2776 209 2814 p.
225 2767 306 2812 197,
323 2770 358 2806 6.
381 2767 493 2807 Debr,
517 2766 558 2810 ΙΙ,
575 2763 654 2813 m]
694 2765 791 2801 Gen.
812 2764 857 2807 X,
877 2767 937 2802 26.
962 2765 1084 2800 Verba
1104 2768 1234 2799 nactus
1251 2782 1308 2788 —
1325 2762 1486 2798 secundo
1506 2761 1618 2798 habet
