1774 3002
141 151 223 195 10⁶
625 156 664 194 c.
695 157 926 195 SALLUSTI
956 157 1106 197 CRISPI

279 283 348 327 79.
401 280 473 327 Ad
511 279 748 342 Olympum
775 284 907 343 atque
941 283 1187 330 Phaselida.
1498 297 1519 309 ²

276 368 345 410 80.
400 363 486 411 Iter
523 365 655 411 vortit
689 366 745 411 ad
769 365 988 427 Corycum
1018 368 1195 423 urbem,
1222 367 1427 413 inclutam
1455 382 1591 428 specu

139 449 272 509 atque
305 462 508 504 nemore,
545 448 586 493 in
625 463 713 510 quo
750 464 927 496 crocum
959 450 1170 512 gignitur.

139 594 292 648 πρῶτος
310 595 390 634 τῶν
406 593 597 633 πλείστων
617 591 787 646 ἐγένετο,
817 596 985 648 Κᾶρας
1011 591 1265 647 ἐξελάσας,
1294 593 1362 635 καὶ
1380 588 1470 642 τοὺς
1501 593 1591 634 ἑαυ-

138 652 208 690 τοῦ
227 651 374 698 παῖδας
394 645 589 703 ἡγεμόνας
609 647 909 717 ἐγκαταστήσας.
953 648 1015 692 Τό
1039 667 1087 692 τε
1107 646 1372 718 λῃστικόν,
1403 646 1456 699 ὧς
1477 647 1592 700 εἰκὸς,

139 702 363 760 καθῄρει
392 706 445 746 ἐκ
471 708 555 758 τῆς
581 702 865 759 θαλάσσης,
893 704 1039 759 ἐφόσον
1058 703 1246 762 ἠδύνατο.
1293 713 1347 748 De
1367 710 1522 748 Caribus
1543 713 1590 747 cs.

140 767 251 802 etiam
276 765 318 802 C.
339 766 382 803 Ο.
404 766 551 802 Miilleri
576 766 800 814 Aeginetica
817 779 856 815 p.
876 768 935 806 33.

253 822 313 859 Fr.
346 825 405 862 79.
445 820 561 871 [Cort.
582 834 620 870 p.
641 826 725 862 955.
756 823 855 860 Gerl.
882 823 944 861 ed.
971 825 1056 860 mai.
1082 825 1109 869 I,
1141 827 1200 864 56.
1227 822 1290 862 ed.
1321 823 1409 860 min.
1437 823 1512 860 Inc.
1533 825 1591 863 79.

138 892 176 927 p.
200 881 282 924 139,
301 881 360 918 24.
383 879 495 916 Debr.
518 879 562 924 ΙΙ,
583 880 661 924 85.]
701 880 848 924 Verba,
872 892 968 927 quae
992 882 1164 929 leguntur
1185 880 1287 928 apud
1307 881 1486 917 Priscian.
1509 879 1592 924 XV,

138 941 174 980 2,
202 939 237 975 9.
265 947 303 983 p.
329 939 412 975 618.
439 937 526 981 Kr.,
564 940 692 983 aperte
721 940 892 984 spectant
917 938 966 974 ad
993 938 1131 974 bellum
1160 938 1376 985 piraticum,
1409 948 1481 984 quo
1504 937 1593 985 illae
1622 983 1629 988 .

140 994 253 1029 urbes
275 1004 298 1028 a
318 992 480 1030 Servilio
502 997 634 1039 captae
657 997 755 1029 sunt.
786 993 834 1028 cs.
858 993 933 1030 Cic.
955 995 993 1031 in
1011 995 1122 1030 Verr.
1142 995 1171 1039 1,
1191 998 1250 1038 21,
1270 996 1328 1032 56.
1352 985 1594 1030 P.'Servilius

142 1048 224 1099 Oly
233 1059 269 1084 m
273 1060 384 1096 pum
413 1051 469 1093 vi,
507 1050 644 1096 copiis,
683 1049 853 1097 consilio,
888 1051 1018 1087 virtute
1046 1052 1160 1098 cepit,
1189 1050 1316 1086 urbem
1345 1048 1532 1098 anteactam
1561 1053 1597 1085 et

139 1105 303 1142 omnibus
322 1105 433 1142 rebus
453 1109 600 1142 auctam
619 1109 654 1142 et
671 1109 853 1142 ornatam.
894 1106 946 1142 id.
969 1107 1017 1143 ib.
1038 1107 1100 1152 IV,
1115 1110 1173 1151 10,
1188 1110 1246 1144 21.
1271 1105 1498 1142 Phaselis
1517 1106 1592 1151 illa,

138 1173 249 1210 quam
277 1163 375 1210 cepit
401 1161 447 1199 P.
471 1161 667 1210 Servilius,
695 1173 770 1199 non
795 1162 926 1210 fuerat
950 1163 1040 1200 urbs
1064 1167 1172 1199 antea
1201 1162 1350 1200 Cilicum
1372 1167 1408 1199 et
1419 1160 1593 1209 'praedo-

138 1230 247 1260 num‚·
276 1218 383 1267 Lycii
406 1219 529 1265 illam,
561 1219 696 1256 Graeci
712 1218 896 1266 homines,
925 1219 1140 1256 incolebant.
1190 1218 1266 1255 Sed
1283 1219 1382 1267 quod
1397 1224 1480 1255 erat
1499 1221 1591 1255 eius-

138 1276 236 1313 modi
257 1275 356 1320 loco,
386 1278 495 1323 atque
516 1277 567 1312 ita
581 1277 749 1323 proiecta
768 1277 807 1312 in
826 1276 957 1322 altum,
985 1279 1026 1313 uc
1044 1279 1079 1312 et
1097 1279 1274 1313 exeuntes
1294 1285 1314 1312 e
1335 1275 1460 1313 Cilicia
1475 1285 1594 1323 prae-

139 1333 253 1370 dones
278 1341 392 1380 saepe
411 1332 463 1368 ad
478 1342 561 1369 eam
580 1334 790 1369 necessario
810 1332 1036 1378 devenirent,
1057 1336 1102 1378 et,
1122 1344 1235 1380 quum
1253 1342 1294 1369 se
1313 1342 1364 1368 ecc
1383 1331 1485 1368 hisce
1508 1333 1596 1368 locis

138 1390 367 1438 reciperent,
394 1389 519 1425 eodem
539 1389 799 1437 deferrentur,
829 1390 1039 1426 asciverunt
1054 1389 1124 1425 sibi
1139 1389 1231 1426 illud
1247 1387 1421 1438 oppidum
1431 1389 1595 1436 piratae,

133 1448 259 1494 primo
293 1445 531 1492 commercio,
565 1446 696 1482 deinde
724 1447 833 1482 etiam
860 1447 1045 1483 societate.
1089 1446 1190 1482 Flor.
1211 1445 1272 1490 ΠΙ,
1295 1447 1331 1490 6,
1344 1448 1387 1494 ,5.
1420 1444 1597 1482 Servilius

140 1503 383 1539 validzssimas
418 1502 528 1539 urbes
546 1503 784 1550 praedonum
811 1505 847 1540 et
879 1503 1019 1540 diutina
1044 1502 1198 1550 praeda
1223 1501 1450 1549 abundantes
1471 1501 1588 1538 Pha-

138 1559 263 1595 selin
296 1561 340 1595 el
376 1557 598 1607 Olympon
634 1560 772 1596 evertit.
830 1560 986 1607 Eutrop.
1014 1559 1078 1604 VI,
1099 1563 1137 1598 3.
1168 1559 1276 1596 Oros.
1296 1558 1345 1603 V,
1363 1561 1421 1597 23.
1449 1576 1507 1584 -—
1541 1559 1595 1596 De

143 1615 320 1652 universo
342 1614 578 1662 praedonum
597 1616 694 1652 bello
717 1616 765 1651 cs.
785 1615 971 1653 Plutarch.
990 1616 1160 1663 Pompei.
1182 1627 1215 1653 c.
1233 1617 1396 1654 24-29,

255 1671 316 1707 Fr.
344 1674 403 1710 80.
454 1668 569 1717 [Cort.
597 1683 636 1718 p.
665 1675 747 1710 955.
779 1672 878 1708 Gerl.
912 1671 974 1707 ed.
1003 1671 1091 1707 mai.
1122 1672 1150 1716 Ι,
1175 1675 1233 1709 55.
1265 1670 1326 1707 ed.
1355 1671 1445 1707 min.
1473 1671 1519 1718 11,
1536 1675 1596 1711 84.

140 1740 180 1777 p.
199 1730 282 1773 205,
303 1730 362 1766 24.
384 1727 496 1764 Debr.
517 1728 563 1776 ΙΙ,
583 1728 660 1772 88.]
704 1728 832 1764 Verba
852 1727 962 1764 affert
977 1727 1120 1764 Nonius
1142 1727 1202 1773 111,
1221 1730 1281 1767 72.
1300 1738 1340 1774 Ρ.
1357 1730 1440 1772 202,
1449 1729 1482 1765 7.
1500 1729 1596 1765 Mer-

141 1796 232 1829 oen,
255 1783 326 1821 sed
345 1785 500 1831 turpiter
521 1784 560 1820 in
579 1783 692 1821 codd.
715 1783 942 1831 depravata3
973 1787 1146 1831 corrupte
1169 1783 1268 1819 enim
1279 1786 1484 1831 pastusque
1505 1785 1597 1833 legi-

141 1845 199 1879 tur
225 1851 294 1889 pro
321 1850 437 1888 specu
463 1843 593 1889 atque,
626 1851 671 1877 ac
699 1844 898 1888 praeterea
925 1844 1023 1878 totus
1051 1841 1157 1877 locus
1187 1840 1284 1877 falso
1313 1840 1474 1876 secundo
1502 1841 1596 1878 libro

142 1898 326 1935 tribuitur.
375 1896 455 1935 Sed
475 1898 596 1946 primi
623 1908 710 1934 esse
732 1897 807 1934 iam
831 1897 958 1934 Carrio
982 1896 1095 1944 vidit,
1134 1907 1247 1944 quum
1267 1897 1482 1933 Priscianus
1511 1898 1595 1943 XV,

144 1959 181 2000 2,
202 1957 239 1993 9.
259 1965 299 2001 p.
322 1956 406 1993 618.
425 1954 489 1991 Kr.
521 1965 569 1990 ex
587 1955 712 2002 primo
735 1953 862 1990 laudet
888 1954 941 1990 ad
967 1953 1165 2002 Corycum,
1200 1963 1298 2001 quae
1316 1954 1433 1990 verba
1457 1953 1496 1990 in
1516 1953 1596 1991 Sal-

144 2011 244 2048 lustii
266 2010 356 2046 edd.
377 2022 445 2058 pro
468 2022 570 2048 novo
589 2011 812 2058 Fragmento
832 2009 996 2048 exhibita
1015 2008 1131 2056 [Cort.
1153 2021 1191 2058 p.
1207 2012 1290 2050 955.
1313 2009 1411 2046 Gerl.
1430 2009 1491 2046 ed.
1506 2011 1596 2047 mai.

142 2069 169 2114 Ι,
193 2070 253 2106 57.
285 2067 345 2104 ed.
374 2067 463 2103 min.
487 2068 515 2112 Ι,
538 2069 596 2106 71.
630 2079 668 2114 Ρ.
691 2069 773 2112 196,
793 2070 831 2106 3.
861 2067 973 2104 Debr.
1005 2066 1048 2111 11,
1069 2067 1146 2111 78.]
1175 2066 1379 2103 omittenda
1409 2065 1597 2112 duximus,

144 2124 285 2170 quippe
308 2124 382 2159 iam
404 2123 479 2159 hoc
511 2124 594 2171 ipso
613 2124 839 2171 Fragmento
871 2126 1058 2160 contenta.
1108 2122 1202 2159 Tum
1220 2133 1269 2158 ex
1288 2134 1355 2167 co,
1386 2123 1488 2171 quod
1509 2123 1599 2160 alia-

143 2191 226 2216 rum
249 2179 396 2216 urbium
416 2180 455 2215 in
470 2180 604 2216 eadem
624 2180 864 2227 expeditione
887 2192 910 2217 a
929 2179 1090 2218 Servilio
1111 2182 1408 2227 expugnatarum
1424 2179 1464 2215 in
1476 2180 1597 2227 primo

144 2237 238 2273 libro
261 2235 401 2271 mentio
424 2235 485 2281 fit,
510 2237 749 2283 probabiliter
770 2237 928 2284 colligas
948 2235 1085 2283 Coryci
1108 2246 1256 2283 quoque
1282 2236 1598 2284 oppugnationem

144 2304 168 2330 a
192 2295 404 2329 ceterarum
425 2303 551 2328 rerum
580 2294 793 2329 narratione
817 2303 892 2329 non
913 2293 1031 2329 fuisse
1052 2293 1236 2329 avulsam.
1285 2291 1365 2329 Sed
1391 2303 1550 2340 prorsus
1575 2303 1599 2328 a

144 2360 236 2388 vero
267 2349 459 2385 aberravit
479 2347 606 2385 Carrio
635 2348 735 2397 haec
760 2350 880 2385 verba
909 2360 994 2386 cum
1020 2349 1087 2394 iis,
1120 2359 1216 2396 quae
1238 2349 1267 2385 F
1269 2352 1462 2397 ragmento
1489 2349 1518 2393 Ι,
1538 2350 1597 2388 77.

144 2405 343 2454 posuimus
356 2434 366 2450 ,
395 2405 432 2442 in
452 2398 567 2442 uhum
588 2405 877 2452 coniungendo,
909 2406 968 2442 cui
990 2406 1086 2441 sacto
1108 2410 1148 2445 ut
1166 2409 1320 2442 externa
1339 2403 1479 2442 caussa
1497 2406 1599 2441 nulla

145 2461 336 2510 praesidio
365 2466 443 2507 est,
481 2462 533 2498 ita
558 2462 706 2498 interna
730 2463 824 2498 ratio
854 2465 1012 2509 prorsus
1044 2463 1186 2508 obstat3
1221 2474 1307 2499 nam
1339 2461 1524 2499 Servilius
1553 2472 1599 2496 ex

144 2518 253 2555 Italia
272 2518 466 2565 profectus
488 2530 564 2555 non
587 2518 760 2555 continuo
787 2529 939 2555 cursum
958 2518 1008 2555 ad
1028 2517 1195 2555 Ciliciam
1212 2523 1275 2555 aut
1299 2517 1395 2554 adeo
1418 2516 1468 2553 ad
1485 2516 1601 2564 Cory-

150 2586 236 2611 cum
257 2573 412 2619 direxit,
444 2579 484 2611 ut
505 2575 566 2611 ille
585 2576 683 2620 vult,
716 2574 785 2611 sed
804 2575 1023 2622 priusquam
1043 2576 1249 2622 piratarum
1277 2573 1517 2621 receptacula
1535 2573 1601 2609 ad—

147 2632 308 2668 oriretur
322 2659 331 2675 ,
353 2631 448 2667 mari
469 2631 666 2678 aliquoties
688 2642 773 2668 cum
795 2631 841 2668 iis
865 2631 1053 2677 conflixit;
1083 2632 1131 2668 cf.
1152 2631 1181 2667 F
1183 2632 1251 2667 lor.
1271 2630 1330 2678 111,
1351 2633 1387 2676 6,
1407 2633 1444 2668 4.
1463 2628 1603 2667 Missus

145 2689 186 2724 in
215 2697 277 2724 eos
306 2686 352 2723 P.
388 2686 566 2725 Servilius
596 2689 761 2736 quamvis
791 2688 886 2724 leves
917 2691 951 2724 ee
976 2688 1133 2736 fuyaces
1163 2696 1412 2735 myoparonas
1434 2688 1544 2734 yravi
1569 2689 1605 2723 et

147 2743 289 2787 Martia
317 2743 436 2780 classe
464 2744 648 2791 turbaret,
693 2755 767 2781 non
797 2746 991 2785 incruenta
1015 2746 1166 2782 victoria
1191 2747 1355 2795 superat.
1401 2742 1492 2780 Sed
1518 2752 1604 2781 nec
