1774 3002
128 120 212 163 234
556 124 558 126 ’
635 127 675 164 C.
709 127 940 166 SALLUSTI
970 129 1121 168 CRISPI

772 273 861 307 CAP.
890 275 947 307 ΙΙΙ.

220 340 346 373 Bellum
369 342 623 375 Macedonicum
649 342 752 375 fluctu
778 343 935 376 Curionis
970 355 1104 388 procos.
1142 350 1289 388 gestum.
1316 363 1361 368 —
1386 344 1575 388 Descriptio

128 401 275 434 Danubii
301 407 331 435 et
355 402 613 438 Germanorum.

751 513 943 520 ---.-

262 590 330 633 54.
385 579 534 649 Atque
563 604 663 634 eum
686 589 817 635 Curio
848 590 1070 636 laudatum
1099 601 1419 653 accensumque
1440 605 1576 651 prae-

126 669 312 715 miorum
348 686 449 731 spe,
479 673 739 734 quibuscum
771 673 1036 733 optavisset,
1070 674 1132 720 ire
1169 674 1300 720 iubet.

122 807 283 854 fecundo
313 811 429 854 mari,
457 812 543 856 quia
583 812 634 847 vis
656 812 816 857 piscium
837 812 1013 846 immensa
1033 812 1190 848 Pontum
1213 821 1410 859 erumpens
1435 814 1469 846 et
1487 809 1573 846 obli-

123 865 204 910 quis
231 865 354 900 subter
369 866 490 902 undas
507 869 614 903 saxis
640 869 819 903 eoeterrita
842 868 972 904 omisso
990 869 1141 905 alterius
1169 869 1284 905 litoris
1305 869 1412 915 flexu
1431 866 1498 902 hos
1526 866 1577 901 ad

116 925 251 967 portus
275 922 464 968 desertum
485 925 582 959 unde
605 925 730 971 primo
751 926 962 970 quaestuosi
984 929 1017 960 et
1036 925 1209 971 opulenti.
1238 926 1299 962 ubi
1326 936 1364 961 v.
1383 923 1574 960 Orellium.

124 978 252 1013 Paullo
289 979 394 1015 aliter
427 984 463 1014 ct
496 981 619 1016 minus
643 985 818 1016 accurate
841 980 962 1015 Amm.
986 981 1154 1018 Marcell.
1183 980 1297 1026 XXII,
1315 984 1351 1027 8,
1373 985 1466 1017 extr.
1525 978 1575 1014 Et

121 1038 263 1070 constat
281 1035 328 1070 ab
350 1037 483 1071 ultimis
503 1038 621 1073 nostri
647 1037 782 1083 finibus
812 1037 928 1073 maris
947 1039 1156 1085 ayminatim
1184 1038 1236 1073 ad
1263 1038 1362 1074 huno
1392 1045 1574 1072 secessum

116 1092 297 1137 pariendi
319 1094 442 1138 qratia
467 1098 595 1139 petere
613 1095 757 1140 pisces,
787 1098 827 1129 ut
854 1104 1038 1139 aquarum
1067 1095 1244 1130 suavitate
1270 1094 1455 1130 salubrius
1475 1092 1574 1138 fetus

121 1147 292 1195 educant,
323 1150 360 1184 in
379 1151 623 1196 receptaculis
642 1151 753 1195 cavis,
775 1160 870 1196 quae
891 1156 976 1186 sunt
998 1151 1048 1186 ibi
1074 1150 1301 1195 densissima,
1319 1150 1444 1186 securi
1464 1159 1573 1190 vora-

120 1204 216 1240 cium
231 1204 448 1241 belluarum.

234 1261 293 1296 Fr.
316 1263 373 1298 54.
395 1261 507 1307 [Cort.
529 1273 568 1308 p.
585 1264 664 1300 979.
689 1263 787 1299 Gcrl.
810 1263 872 1298 ed.
894 1263 981 1298 mai.
1006 1262 1064 1307 111,
1086 1266 1144 1302 36.
1174 1262 1235 1298 ed.
1264 1263 1352 1298 min.
1373 1262 1433 1305 ΙΙΙ,
1454 1265 1514 1299 25.
1534 1274 1572 1308 p.

120 1318 202 1362 217,
226 1321 262 1355 2.
303 1318 414 1354 Debr.
435 1319 497 1364 ΙΙΙ,
520 1319 618 1363 111.]
677 1320 956 1366 Fragmentum,
987 1319 1089 1366 quod
1111 1320 1208 1356 Non.
1232 1319 1295 1363 lv,
1322 1321 1405 1358 334.
1429 1329 1465 1365 p.
1487 1321 1570 1364 358,

121 1376 177 1412 14.
194 1374 311 1410 Merc.
327 1375 582 1419 conservavit,
604 1386 672 1421 per
694 1387 735 1412 se
758 1377 849 1412 satis
867 1377 1068 1412 obscurum
1083 1375 1157 1412 hoc
1177 1379 1278 1412 certe
1297 1377 1443 1423 probat,
1459 1374 1571 1411 etiam

119 1432 222 1468 tertio
254 1431 347 1467 libro
381 1431 427 1467 de
461 1431 633 1468 Curionis
660 1434 773 1469 rebus
806 1433 924 1480 gestis
948 1433 984 1468 in
1007 1432 1232 1468 Macedonia
1267 1436 1303 1468 et
1332 1431 1570 1468 conterminis

119 1488 228 1524 terris
249 1499 272 1524 a
295 1487 472 1525 Sallustio
498 1488 636 1524 dictum
655 1490 785 1525 fuisse.
829 1488 938 1525 Curio
961 1493 1084 1525 autem
1102 1500 1214 1536 quum
1236 1499 1270 1524 a.
1294 1490 1352 1527 75.
1375 1500 1410 1524 a.
1430 1487 1515 1524 Chr.
1531 1499 1569 1524 n.

119 1545 157 1580 in
174 1545 410 1592 provinciam
442 1545 597 1581 abiisset
625 1546 681 1590 (v.
707 1546 756 1581 ad
777 1547 837 1582 Fr.
863 1546 906 1590 11,
932 1547 1022 1590 41.)‚
1052 1546 1246 1592 probabile
1275 1549 1344 1591 est,
1373 1555 1469 1592 quae
1497 1544 1570 1581 hoc

119 1602 212 1638 libro
237 1601 284 1637 de
306 1612 351 1637 eo
373 1606 522 1638 narrata
543 1605 642 1646 sunt,
665 1602 714 1638 ad
735 1603 816 1638 eius
838 1602 984 1648 imperii
1007 1613 1144 1638 annum
1170 1604 1326 1646 tertium,
1348 1602 1374 1637 i.
1397 1613 1429 1639 e.
1453 1602 1513 1640 73.
1533 1613 1569 1639 a.

119 1657 204 1694 Chr.
228 1669 279 1702 n.,
301 1658 544 1704 pertinuisse.
606 1658 715 1702 Quod
735 1658 784 1695 ad
809 1660 1009 1695 verborum
1030 1670 1183 1694 sensum
1208 1659 1348 1706 attinet,
1370 1657 1462 1694 nihil
1486 1668 1567 1693 arn-

117 1715 217 1763 plius
240 1718 362 1761 potest
382 1715 531 1758 coniici,
554 1725 666 1760 quam
685 1715 837 1750 militem
858 1715 1033 1761 aliquem,
1054 1716 1128 1761 qui,
1149 1714 1338 1761 quomodo
1361 1715 1485 1760 aliqua
1506 1725 1567 1750 res

119 1771 322 1808 admodum
343 1770 463 1807 ardua
492 1781 577 1806 cum
608 1782 753 1807 summo
775 1771 1029 1807 Romanorum
1057 1771 1306 1807 emolumento
1334 1774 1466 1817 posset
1484 1781 1568 1816 per-

117 1829 192 1873 fici,
218 1829 278 1864 vel
300 1828 508 1865 invenisset
527 1838 639 1870 casu,
669 1828 731 1863 vel
755 1827 933 1864 audacter
960 1828 1175 1874 speculatus
1198 1831 1318 1872 esset,
1350 1827 1390 1863 id
1409 1827 1569 1873 impera-

118 1886 188 1922 tori
211 1876 420 1929 nuntiasse,
452 1895 574 1931 quem,
593 1895 638 1919 eo
663 1884 790 1920 nunt10
820 1884 933 1921 valde
959 1885 1147 1928 laetatum,
1169 1884 1272 1920 illum
1297 1884 1504 1931 impulisse,
1531 1887 1569 1919 ut

117 1942 322 1989 assumptis
353 1941 467 1978 sociis
496 1941 559 1977 vel
589 1941 708 1977 visam
742 1952 821 1977 rem
852 1941 1062 1977 accuratius
1091 1941 1322 1987 exploraret,
1357 1941 1419 1978 vel
1442 1939 1568 1976 audax

119 2000 262 2036 facinus
285 2002 435 2034 strenue
455 2002 739 2044 exsequeretur.
798 1997 1053 2042 Debrossium,
1082 1998 1144 2044 qui
1168 1997 1352 2033 divinavit
1378 1997 1481 2033 illum
1502 1997 1568 2034 mi-

119 2058 220 2093 litem
251 2055 425 2102 Ligurem
456 2055 596 2098 fuisse,
629 2054 696 2099 (de
731 2066 803 2101 quo
835 2058 892 2090 est
917 2055 976 2090 Fr.
997 2054 1072 2089 Inc.
1093 2050 1174 2102 20.)
1213 2054 1275 2100 qui
1304 2053 1498 2089 transitum
1530 2054 1566 2089 in

120 2117 242 2149 monte
268 2113 365 2147 Bora
387 2111 583 2156 invenerit,
616 2111 836 2147 Gerlachius
857 2110 1020 2146 V01.111.
1045 2122 1083 2156 p.
1107 2115 1188 2148 102.
1213 2114 1248 2145 et
1271 2122 1308 2156 p.
1330 2113 1409 2148 131.
1432 2110 1566 2146 summi

119 2169 302 2206 acuminis
327 2167 438 2203 laude
471 2171 628 2212 niactat;
660 2168 780 2211 nobis,
813 2167 1069 2203 auctoritatem
1103 2166 1295 2203 Ciceronis
1323 2166 1371 2202 de
1392 2165 1494 2203 Orat.
1522 2165 1565 2210 II,

118 2230 153 2270 4,
177 2227 234 2264 17.
255 2225 497 2271 sequentibus
513 2252 521 2268 ‚
546 2225 693 2271 ineptus
725 2224 882 2262 videtur.
914 2244 968 2249 ——
1001 2222 1172 2259 Ceterum
1196 2227 1368 2269 corrupte
1398 2222 1436 2258 in
1457 2222 1566 2258 Nonii

119 2281 233 2319 codd.
270 2281 383 2327 Cupio
405 2285 462 2316 est
488 2291 556 2326 pro
581 2281 700 2324 Curio,
725 2280 825 2327 quod
845 2290 981 2315 nomen
1001 2280 1156 2316 feliciter
1179 2279 1338 2316 restituit
1359 2279 1509 2325 Lipsius
1529 2279 1568 2315 in

62 2380 64 2383 ¹
120 2339 270 2385 Antiqq.
291 2338 407 2373 Lectt.
429 2337 474 2372 II.
496 2348 530 2372 c.
551 2339 587 2373 4.
622 2356 670 2362 -—
720 2337 856 2383 Optare
879 2336 1021 2371 Nonius
1051 2340 1151 2372 recte
1184 2336 1345 2382 explicat
1366 2336 1518 2383 etiqere,
1545 2347 1568 2372 a

120 2403 194 2443 qua
212 2395 315 2430 verbi
335 2396 517 2441 potestate
541 2393 690 2429 ductum
719 2397 775 2429 est
799 2393 1023 2428 vocabulum
1043 2394 1218 2439 optionis:
1247 2393 1295 2428 cs.
1322 2393 1404 2430 Liv.
1423 2391 1487 2436 Vl,
1506 2395 1564 2436 25,

118 2458 155 2491 5.
195 2452 389 2495 Camillus,
407 2450 604 2496 permisso,
630 2452 671 2485 ut
689 2459 739 2485 εει·
758 2450 901 2496 colleqis
921 2453 1133 2495 optaret,
1163 2459 1268 2496 quem
1287 2450 1408 2492 vellet,
1437 2451 1567 2484 contra

119 2519 222 2556 spem
238 2508 397 2544 omnium
417 2506 461 2542 L.
484 2506 641 2543 Furium
661 2506 867 2552 optavit,-
895 2510 930 2540 et
956 2517 990 2541 v.
1009 2505 1289 2541 Drakenborch.
1313 2505 1362 2541 ad
1380 2503 1488 2547 XLII,
1507 2506 1567 2548 32,

123 2570 155 2604 1.
194 2566 235 2601 In
256 2564 328 2600 hoc
351 2575 466 2600 sensu
494 2567 660 2609 apertum
685 2567 741 2597 est
767 2561 977 2608 quibuscum
1004 2563 1198 2608 optavisset
1224 2573 1290 2608 per
1313 2560 1567 2598 attractionem

123 2622 263 2658 dictum
293 2631 379 2656 esse
402 2631 470 2666 pro
491 2630 572 2656 cum
587 2620 642 2664 iis,
667 2629 757 2666 quos
779 2619 983 2665 optavisset,
1009 2629 1104 2664 quae
1127 2617 1276 2654 dicendi
1307 2617 1414 2659 ratio,
1444 2619 1483 2651 ut
1511 2626 1567 2651 re-

123 2678 278 2714 lativum
298 2677 568 2723 praepositioni
602 2676 795 2722 iungatur,
839 2685 887 2710 ex
923 2685 996 2720 qua
1032 2674 1364 2712 demonstrativum
1400 2671 1566 2719 pendere

125 2735 307 2778 debebat,
347 2732 447 2781 apud
479 2733 629 2770 Latinos
668 2731 787 2768 rarior
825 2730 975 2779 quidem
1009 2735 1088 2777 est,
1126 2730 1196 2767 sed
1226 2741 1301 2766 non
1329 2739 1484 2775 prorsus
1514 2730 1569 2765 in-
