1774 3002
479 150 810 191 HISTORIARUM
835 149 1149 188 FRAGMENTA.
1204 150 1292 187 LIB.
1322 151 1349 187 Ι.
1579 146 1633 190 21

212 293 214 295 ’
283 292 288 306 2
327 278 400 320 m.
439 273 548 330 Quis
581 275 713 321 rebus
749 274 875 320 Sulla
907 274 1126 335 suspectis
1153 272 1444 336 maxumeque
1468 274 1635 321 ferocia

196 356 319 417 regis
347 356 603 404 Mithridatis
628 358 671 403 in
702 360 899 419 tempore
928 357 1142 404 bellaturi.
1206 395 1208 397 .

196 497 431 540 exarserunt,
450 494 578 542 quibus
596 494 707 531 Italia
727 495 952 531 vehementer
970 494 1113 542 afflicta
1133 497 1168 531 et
1186 494 1246 530 ad
1264 495 1531 531 vastitatem
1551 498 1630 531 mi-

195 551 446 587 serabilem
470 551 878 600 desertionemque
898 551 1138 599 perducta
1167 554 1248 587 est.
1293 551 1341 586 οῖ.
1363 550 1464 587 Flor.
1484 552 1550 596 III,
1577 555 1631 597 18,

196 610 253 644 11.
276 606 371 651 >Nec
388 607 628 654 Hannibalis,
654 618 723 645 nec
744 608 889 657 Pyrrhi
908 607 983 655 fuit
1000 611 1100 643 lanta
1120 609 1268 643 vastitas
1275 622 1288 648 ;
1318 611 1355 642 et
1374 608 1472 644 Vell.
1492 608 1543 653 11,
1574 610 1631 653 17,

197 666 231 700 l.
249 681 307 689 -—
341 663 558 700 Gerlachius
578 665 664 701 Vol.
683 665 744 700 ΠΙ.
765 676 804 711 p.
825 667 905 703 135.
927 664 974 700 de
996 663 1160 701 Sullanis
1180 664 1516 711 proscriptionibus
1536 665 1630 702 haec

196 718 295 755 dicta
317 723 439 766 putat;
464 720 533 756 sed
551 722 687 768 quippe
705 722 886 768 particula
901 721 1039 767 pariter
1059 725 1168 768 atque
1189 722 1299 756 totius
1317 722 1521 757 sententiae
1538 723 1630 757 ratio

194 775 280 825 huic
302 777 538 822 explicationi
559 779 677 813 obest.
711 777 936 814 Debrossius
957 777 1157 813 somniavit
1177 777 1223 812 de
1244 788 1335 813 cura
1353 781 1500 824 patrum
1524 789 1632 825 repa-

196 831 302 867 randi
321 832 462 868 Italiam
480 834 588 869 bellis
608 834 781 871 civilibus
804 838 1000 869 vastatam.

306 888 368 924 Fr.
390 892 450 927 20.
490 887 613 937 [Cort.
631 901 668 937 p.
690 893 773 928 936.
814 890 911 926 Gerl.
931 889 994 925 ed.
1016 889 1105 925 mai.
1127 890 1160 932 Ι,
1186 892 1243 927 12.
1261 888 1323 924 ed.
1346 890 1437 925 min.
1457 890 1493 934 Ι,
1512 893 1573 929 20.
1592 902 1632 938 p.

196 947 275 988 184,
299 947 355 983 10.
386 945 496 981 Debr.
516 946 560 990 Π,
581 944 633 994 4.]
669 946 786 983 Huius
805 946 833 982 F
835 947 1018 992 ragmenti
1037 946 1124 981 olim
1145 945 1398 981 tantummodo
1419 947 1534 982 verba
1551 958 1632 983 ma-

193 1002 423 1048 ximeque—
437 1000 606 1037 belluina-i
618 1003 769 1049 cognita
783 1006 889 1038 erant
903 1012 951 1037 ex
967 1002 1110 1038 Donato
1130 1001 1178 1036 ad
1196 1001 1282 1037 Ter.
1295 1001 1445 1038 Phorm.
1463 1002 1506 1046 ΙΙ,
1525 1005 1560 1048 4,
1573 1005 1632 1042 24.

194 1057 342 1093 Plenius
360 1060 481 1093 exstat
499 1058 536 1093 in
553 1057 638 1094 cod.
656 1058 751 1094 Gud.
766 1058 958 1102 Arusiani,
983 1069 1022 1094 v.
1038 1060 1076 1094 in
1096 1061 1269 1104 tempore,
1289 1069 1327 1104 p.
1347 1061 1432 1096 241.
1450 1058 1633 1103 Lindem.,

126 1126 129 1129 ¹
195 1113 294 1149 unde
313 1117 413 1160 patet
430 1112 644 1151 Sallustium
660 1114 762 1151 finita
781 1115 867 1151 belli
889 1115 1038 1150 marsici
1058 1115 1270 1150 narratione
1288 1114 1336 1150 ad
1355 1115 1564 1152 insecutum
1583 1116 1634 1152 ci-

194 1170 267 1206 vile
292 1180 334 1206 se
354 1171 557 1207 contulisse
579 1171 860 1218 exponendum,
883 1172 991 1207 cuius
1012 1171 1115 1207 initia
1135 1182 1221 1207 cum
1240 1171 1491 1208 Mithridatico
1510 1172 1632 1220 primo

194 1226 391 1262 coniuncta
422 1230 522 1263 sunt.
558 1227 723 1264 Perbene
753 1229 865 1275 igitur
886 1228 1068 1263 Linkerus
1091 1227 1138 1263 de
1165 1227 1254 1264 Sall.
1277 1228 1434 1263 Historr.
1461 1229 1633 1264 Prooem.

193 1294 232 1330 p.
258 1285 317 1321 60.
359 1283 673 1330 ‚‚Fragmentnm‚
704 1285 840 1332 inquit,
875 1284 1021 1320 videtur
1043 1284 1093 1320 ad
1120 1295 1155 1319 a.
1182 1286 1242 1322 88.
1269 1284 1530 1330 τεῐοῐεηάωῃ,
1559 1296 1632 1332 quo

194 1339 310 1383 Sulla,
331 1348 444 1386 quum
459 1339 616 1376 Marium
633 1344 669 1376 et
684 1341 891 1388 Sulpicium
909 1341 1050 1376 Romae
1067 1351 1190 1376 rerum
1207 1341 1343 1387 potitos
1359 1341 1516 1385 videret,
1533 1341 1633 1378 unde

193 1396 311 1442 ipsius
333 1395 506 1431 condicio
533 1399 663 1432 contra
683 1397 935 1434 Mithridatem
956 1397 1125 1433 bellaturi
1146 1407 1221 1431 non
1240 1400 1386 1443 poterat
1413 1408 1488 1433 non
1507 1398 1635 1445 iniqua

193 1451 312 1495 effici,
351 1456 548 1498 antequam
567 1452 616 1488 ad
647 1455 785 1490 bellum
807 1453 1129 1500 proficisceretur,
1152 1453 1235 1489 illos
1256 1454 1396 1500 pellere
1422 1457 1531 1501 atque
1552 1455 1634 1502 ipse

193 1509 319 1543 omnia
339 1507 461 1543 denuo
486 1509 709 1545 constituere
729 1510 944 1547 decrevit.“
963 1529 1022 1538 --
1051 1509 1260 1546 Verborum
1280 1510 1465 1547 structura
1484 1522 1560 1546 non
1580 1512 1634 1547 in-

195 1563 340 1599 tellecta
365 1564 583 1601 Gerlachius
612 1566 649 1601 in
676 1566 739 1602 ed.
767 1567 856 1602 min.
885 1577 954 1613 pro
975 1565 1080 1603 Sulla
1106 1566 1266 1602 coniecit
1284 1567 1525 1604 scribendum
1545 1579 1633 1604 esse

194 1619 336 1665 Sullae,
357 1631 431 1667 qua
450 1622 649 1657 mutatione
675 1634 750 1659 non
770 1634 866 1670 opus
886 1626 962 1667 est,
992 1634 1104 1669 quum
1123 1624 1311 1671 suspicere
1330 1625 1486 1660 verbum
1507 1635 1530 1660 a
1553 1623 1634 1661 Sal-

194 1676 302 1712 lustio
330 1688 415 1713 cum
443 1679 659 1717 accusativo
691 1683 950 1723 construatur3
980 1679 1028 1716 cf.
1055 1680 1133 1725 lug.
1159 1690 1193 1715 c.
1213 1679 1329 1724 LXX,
1366 1685 1401 1718 1.
1442 1681 1632 1717 Bomilcar

191 1735 381 1780 suspectus
403 1734 500 1780 re9i‚
530 1736 661 1782 etipse
679 1745 761 1772 eum
780 1737 994 1783 suspiciens.
1036 1735 1173 1771 Verbis
1192 1737 1304 1783 igitur
1324 1736 1374 1772 ita
1393 1737 1632 1783 comparatis,

193 1793 233 1824 ut
250 1788 355 1825 Sulla
374 1790 580 1826 subiectum
601 1792 659 1836 sit,
681 1793 788 1828 cuius
803 1791 1060 1839 praedicatum
1076 1791 1315 1837 interciderit,
1336 1793 1533 1840 fragmenti
1550 1804 1634 1829 sen-

194 1857 260 1882 sus
279 1849 358 1881 est:
378 1855 471 1893 quas
484 1856 547 1882 res
565 1859 675 1895 quum
695 1848 799 1885 Sulla
818 1850 1022 1896 suspiceret
1043 1848 1125 1884 sive
1139 1852 1334 1895 suspectas
1342 1848 1494 1884 haberet
1510 1851 1631 1885 maxi-

193 1911 319 1948 meque
337 1900 481 1948 ferocia
497 1905 632 1951 mreyis
644 1904 880 1941 Mithridatis.
910 1905 1063 1941 Obiecta
1082 1905 1163 1950 regi
1177 1904 1321 1951 ferocia
1341 1915 1454 1951 quum
1478 1905 1525 1940 de
1546 1916 1634 1941 con-

195 1958 494 2003 temptuximperii
510 1957 667 1995 Romani
688 1965 725 1995 et
743 1960 988 1996 immoderata
1006 1960 1104 1996 fines
1116 1960 1331 2006 proferendi
1354 1960 1555 2006 cupiditate
1579 1961 1634 1997 in-

198 2013 310 2059 telligi
330 2017 470 2059 potest,
490 2017 566 2049 tum
588 2014 769 2062 imprimis
790 2020 960 2062 spectare
981 2016 1130 2051 videtur
1150 2016 1199 2051 ad
1219 2017 1417 2053 immanem·
1436 2017 1634 2053 crudelita-

198 2072 267 2103 tem
280 2096 291 2112 ,
314 2080 389 2115 qua
407 2066 473 2104 Μ’.
494 2069 696 2116 Aquillium
715 2072 863 2108 necavit
875 2082 886 2116 ;
915 2072 963 2108 cf.
989 2072 1087 2107 Vell.
1105 2072 1149 2116 ΙΙ,
1171 2075 1227 2117 18,
1248 2076 1285 2110 2.
1310 2071 1387 2110 Cic.
1404 2084 1443 2119 p.
1459 2075 1485 2109 1.
1506 2074 1633 2110 Manil.

196 2136 230 2161 c.
252 2127 294 2169 5,
317 2128 376 2163 11.
433 2124 603 2162 roseum
622 2137 743 2175 reyem
761 2129 911 2164 inultum
928 2137 1008 2164 esse
1023 2129 1232 2175 patiemini,
1256 2130 1321 2176 qui
1335 2130 1492 2176 leqamm
1501 2131 1637 2178 populi

197 2180 356 2217 Romani
372 2182 600 2219 consularem
619 2185 825 2220 vinculis
843 2195 897 2220 ac
917 2184 1196 2221 verberibus
1223 2188 1360 2232 atque
1382 2188 1502 2222 omni
1518 2196 1632 2233 sup-

189 2237 342 2283 plicio
361 2240 687 2275 excruciatum
706 2242 918 2276 necavit?
958 2240 1120 2287 Appian.
1142 2241 1186 2277 Β.
1208 2240 1330 2277 Mithr.
1350 2253 1385 2278 c.
1412 2245 1471 2280 21.
1491 2254 1531 2288 p.
1549 2243 1633 2281 671.

197 2292 260 2328 ed.
276 2292 489 2340 Schweigh.
534 2285 633 2332 Μετ’
656 2287 704 2332 ού
731 2287 832 2332 πολὺ
852 2291 922 2333 καὶ
942 2289 1110 2333 Μάνιον
1126 2286 1323 2345 Ἀκύλιον,
1341 2290 1412 2334 τὸν
1433 2295 1547 2347 τῆςδε
1566 2297 1635 2346 τῆς

195 2345 399 2398 πρεσβείας
424 2345 493 2386 καὶ
518 2349 632 2388 τοῦδε
654 2352 724 2389 τοῦ
744 2347 916 2400 πολέμου
933 2346 1100 2401 μάλιστα
1129 2348 1254 2390 αἴτιον
1268 2379 1281 2401 ,
1312 2345 1411 2390 ἑλὼν
1429 2349 1635 2402 δεδεμένον

197 2400 276 2440 ἐπὶ
304 2398 421 2441 ὄνου
446 2400 725 2469 περιήγετο,
755 2403 1002 2459 κηρύσσοντα
1019 2408 1099 2453 τοῖς
1118 2400 1263 2458 ὁρῶσιν
1285 2401 1345 2446 ὅτι
1370 2402 1534 2455 Μάνιος
1561 2406 1633 2457 εἴη,

195 2456 306 2510 μέχρι
324 2456 368 2497 ἐν
385 2461 584 2514 Περγαμῳ
603 2464 687 2502 τοῦ
714 2458 955 2513 στόματος
978 2455 1131 2501 αὐτοῦ
1160 2458 1497 2514 κατεχώνευσε
1515 2477 1632 2515 χρυ-

196 2513 247 2552 σί
252 2528 327 2565 ον,
357 2514 602 2565 δωροδοκίαν
622 2512 711 2568 -ὂὶμα
724 2512 938 2569 Ῥωμαίοις
964 2511 1176 2566 ὀνειδίζων.
1222 2521 1300 2559 Sed
1330 2523 1443 2558 multo
1473 2523 1633 2558 maxime

197 2572 253 2608 ad*
274 2573 455 2610 ferociam
485 2575 643 2621 pertinet
667 2577 805 2614 caedes
833 2578 973 2613 civium
999 2577 1252 2613 Romanorum
1279 2589 1347 2625 per
1368 2582 1482 2615 totam
1503 2579 1634 2615 Asiam

197 2639 272 2664 uno
288 2628 354 2669 ,die
374 2630 484 2675 facta,
510 2630 555 2666 de
577 2643 650 2678 quo
670 2633 832 2670 nefando
853 2633 1076 2669 Mithridatis
1096 2634 1262 2670 facinore
1283 2635 1330 2671 cs.
1350 2635 1447 2670 Flor.
1468 2635 1527 2678 111,
1547 2639 1582 2678 5,
1602 2636 1634 2670 7.

198 2683 357 2722 Saevitia
386 2688 494 2733 quasi
517 2689 645 2725 virtute
668 2690 851 2726 utebatur.
889 2689 986 2726 Nam
1014 2690 1102 2737 quid
1128 2692 1289 2727 atrocius
1313 2702 1387 2727 uno
1411 2692 1489 2727 eius
1510 2691 1634 2734 edicto,

200 2751 312 2787 quum
332 2752 476 2787 omnes,
504 2745 568 2791 qui
583 2746 622 2780 in
642 2745 729 2782 Asia
747 2746 891 2793 forent,
920 2745 1113 2782 Romanae
1131 2749 1280 2783 civitatis
1300 2747 1461 2783 homines
1480 2747 1638 2793 interfici
