1774 3002
0 0 279 135 Γυμννψ
290 0 335 10 w*-

0 140 9 148 ,,

135 296 179 331 15
191 279 415 328 concionis
436 279 581 324 locum
610 278 827 323 memores
857 274 1082 321 libertatis.
1103 297 1105 299 ·
1143 273 1313 319 Deinde
1341 271 1418 330 (ne
1446 284 1535 315 vos
1569 269 1628 314 ad

187 363 334 411 virilia
357 363 434 409 illa
466 376 644 417 vocem,
681 375 771 422 quo
800 360 1005 406 tribunos
1028 356 1194 418 plebei,
1229 356 1362 402 modo
1399 354 1629 416 patricium

189 445 514 507 magistratum,
539 446 674 491 libera
688 445 745 491 ab
768 441 1020 488 auctoribus
1037 438 1230 500 patriciis
1250 438 1466 500 suffragia
1482 437 1630 483 maio-

190 543 264 576 res
290 530 695 590 vostriparavere)
722 540 857 589 quum
887 525 958 571 vis
985 523 1148 579 omnis,
1180 521 1394 578 Quirites,
1428 522 1471 567 in
1500 520 1631 567 vobis

191 613 269 668 sit,
308 614 353 658 et
395 627 510 673 quae
552 614 675 665 iussa
716 624 832 656 nunc
870 623 950 668 pro
988 607 1086 653 aliis
1129 605 1348 661 toleratis,
1383 620 1465 665 pro
1503 603 1631 650 vobis

190 669 329 756 agere
346 697 424 741 aut
447 710 568 741 non
554 710 692 756 agere
718 695 835 739 certe
854 690 1057 751 possitis,
1083 690 1232 736 Iovem
1254 691 1329 735 aut
1349 687 1481 734 alium
1501 701 1632 748 quem

455 147 784 192 H1STOR1ARUM
811 149 1125 188 FRAGMENTA.
1184 147 1272 184 ΗΒ.
1305 147 1366 183 111.
1542 137 1629 182 ff

193 831 268 869 σθε
293 821 505 875 uincimus·
529 820 581 878 ἦν
608 827 884 895 προςαγγελθῇ
902 840 940 865 τι
965 819 1166 893 wecheport.
1207 815 1313 867 Εἶτ’,
1329 815 1519 864 ἀπελθὸν
1544 819 1634 861 em-

193 895 282 933 στος
296 880 411 937 ὑμῖν
427 877 545 924 οὐδὲν
563 884 757 936 φροντίζει
779 880 868 935 περὶ
899 874 1052 931 mirano,
1074 875 1166 920 ἀλλ’
1195 873 1291 921 οὐδὲ
1312 878 1518 931 μέμνηται.

304 948 419 988 §.15-
443 941 727 981 DeindeIoven
749 947 814 978 auc
839 943 951 978 alitam
975 950 1083 988 quem
1108 939 1631 985 demnconsultoremeoespe·

198 1001 583 1046 elammrAlterum,
611 999 712 1046 quod
731 1002 863 1035 censet
887 998 1025 1041 Macer,
1042 1009 1111 1044 per
1130 997 1461 1044 interrogationem
1480 996 1633 1035 elatum,

193 1059 292 1095 hunc
313 1057 428 1094 habet
445 1056 686 1093 sententiam:
715 1055 812 1092 Dein
830 1057 906 1100 (sc.
926 1056 1096 1099 censeo),
1117 1066 1229 1101 quum
1250 1056 1289 1090 in
1311 1058 1439 1091 vestra
1453 1062 1566 1088 mauu
1586 1052 1635 1087 sit

195 1114 303 1152 vobis
332 1114 427 1161 ipsis
454 1113 673 1156 consulere,
702 1122 750 1148 ne
776 1115 988 1159 exspectate
1019 1110 1142 1148 Iovem
1167 1115 1234 1148 aut
1262 1111 1375 1147 alitem
1401 1119 1509 1156 quem
1526 1109 1635 1145 deum

195 1168 449 1208 oensuunrm.
477 1164 533 1206 Ita
559 1173 661 1204 recte
691 1168 916 1206 Debrossius
945 1167 1043 1203 hanc
1069 1168 1267 1215 periodum
1297 1166 1506 1210 constituit,
1536 1176 1634 1212 quae

195 1228 283 1264 otim
310 1231 449 1274 puncto
476 1228 562 1273 post
580 1227 731 1272 possitus
760 1225 979 1268 finiebatur,
1014 1225 1305 1272 interrogatione
1332 1225 1369 1259 in
1392 1222 1634 1270 sequentibus

197 1284 354 1320 sublata.
396 1284 437 1319 In
467 1281 683 1330 parenthesi
710 1283 815 1318 varie
851 1282 1034 1317 turbatum
1066 1282 1143 1318 suit.
1190 1280 1268 1324 Quo
1297 1281 1396 1316 enim
1423 1291 1538 1326 quum
1558 1289 1635 1314 non

197 1339 446 1386 intelligerent
473 1338 656 1382 editores,
694 1339 759 1375 alii
796 1337 885 1375 inde
923 1338 1089 1373 lecerunt
1107 1349 1246 1385 quum,
1279 1338 1342 1374 alii
1374 1337 1477 1384 quis,
1505 1339 1637 1371 contra

198 1395 312 1432 fidem
337 1396 524 1432 codicum.
562 1394 707 1432 Rursus
735 1395 798 1431 alii
822 1394 928 1430 aliter
948 1404 1043 1430 voce
1061 1395 1167 1430 modo
1188 1395 1370 1430 laborant.
1409 1392 1635 1431 ciacconius

200 1452 321 1496 enim,
344 1452 431 1499 quis
459 1462 527 1499 pro
555 1462 627 1498 quo
649 1451 840 1495 scribens,
867 1450 973 1486 modo
993 1450 1194 1487 delendum
1216 1455 1368 1495 censet,
1401 1449 1540 1486 Orellio
1559 1460 1636 1485 non

198 1509 352 1544 multum
385 1508 650 1552 dissentiente;
685 1527 742 1533 —-
774 1508 934 1544 Ursinus
970 1508 1099 1543 maluit
1133 1507 1218 1555 quis
1243 1507 1408 1544 tribunos
1427 1506 1487 1554 pl.
1516 1506 1636 1550 nwdo,

198 1565 303 1602 modu
321 1576 366 1612 p.
394 1577 467 1606 πω
495 1584 544 1591 -
581 1563 727 1600 Cottius
755 1576 831 1601 non
856 1564 1023 1611 geminat
1041 1564 1194 1611 quidem
1212 1564 1454 1611 particulam,
1477 1562 1548 1599 sed
1566 1573 1637 1610 pro

200 1622 392 1669 genlinata
417 1619 675 1668 accipiendam
702 1626 855 1666 censet3
876 1640 935 1646 --
952 1619 1180 1658 Debrossius
1196 1632 1268 1668 quo
1288 1620 1495 1657 tribunis
1518 1620 1641 1667 plebei

198 1678 461 1715 mandando
485 1678 686 1725 pac-idam
711 1688 807 1726 may.
832 1677 1008 1724 scripsit3
1035 1698 1093 1703 —
1127 1677 1293 1715 Gronov.
1313 1677 1500 1714 Observv.
1526 1677 1551 1718 L
1573 1680 1634 1714 Ξ).

197 1747 236 1782 p.
257 1737 339 1774 15⁷.
360 1746 433 1783 quo
452 1746 527 1782 ,per
556 1735 691 1770 tmesin
717 1745 742 1770 a
759 1735 865 1772 modo
893 1734 1103 1771 seiunctum
1126 1739 1262 1781 putans
1285 1745 1353 1781 pro
1373 1734 1552 1781 quomodo
1575 1743 1637 1770 ca-

198 1791 253 1839 pit
260 1801 272 1836 ;
299 1810 359 1818 -—
384 1792 543 1829 Orellius
575 1790 737 1837 denique
770 1792 875 1828 modo
902 1790 954 1827 ad
983 1791 1250 1838 praecedentia
1275 1790 1428 1827 trahens
1455 1790 1640 1827 demta-tat

200 1849 481 1894 interpretatur,
511 1846 599 1894 quia
616 1847 762 1894 patricii
784 1849 831 1884 ab
853 1859 898 1883 eo
919 1849 1139 1894 magistratu
1159 1848 1335 1894 omnique
1362 1847 1445 1882 eius
1469 1847 1548 1882 iure
1570 1857 1638 1882 ex-

201 1903 296 1940 clusi
313 1908 455 1940 essent.
482 1904 587 1940 Haec
602 1904 728 1939 omnia
742 1905 853 1940 salsa.
882 1904 1044 1939 Primum
1064 1903 1267 1940 tenendum
1288 1907 1347 1939 est
1368 1914 1439 1950 quo
1454 1903 1504 1938 ad
1518 1903 1640 1940 virilia

201 1960 428 1996 inarctatum
443 1971 519 1995 non
529 1970 615 1996 esse
622 1970 843 2006 pronomen,
860 1959 930 1995 sed
946 1959 1179 2003 adverbium,
1190 1971 1264 2006 quo
1279 1959 1410 1996 relatio
1425 1959 1640 2006 generalior

203 2015 387 2063 quaedam
406 2016 612 2060 conficitur,
635 2026 746 2062 quarn
766 2027 833 2062 per
857 2016 1082 2052 adiectivam
1106 2017 1262 2052 formam
1285 2027 1369 2053 cum
1386 2016 1640 2062 praecedente

204 2072 353 2109 nomine
383 2075 663 2120 congruentem.
710 2073 828 2109 Huius
857 2071 1009 2109 dicendi
1038 2073 1209 2119 generis,
1237 2084 1311 2120 quo
1341 2084 1502 2109 caussae
1529 2076 1640 2119 atque

204 2130 436 2165 instrumenti
454 2130 554 2165 notio
575 2130 798 2176 generaliter
820 2130 1050 2176 exprimitur,
1072 2130 1204 2166 similis
1221 2133 1281 2166 est
1300 2130 1408 2173 ratio,
1429 2140 1527 2176 quae
1546 2140 1639 2165 eon-

204 2185 358 2232 spicitur
376 2187 415 2222 in
432 2197 508 2233 qua
529 2190 566 2222 et
585 2196 631 2222 ea
650 2185 856 2231 adverbiis,
878 2186 1012 2233 quibus
1031 2187 1141 2223 locus
1165 2187 1236 2230 ita,
1265 2190 1305 2223 ut
1333 2187 1435 2223 nulla
1461 2186 1512 2222 ad
1531 2197 1641 2233 prae-

203 2241 372 2278 cedentis
397 2242 619 2280 substantivi
638 2253 758 2289 genus
776 2247 887 2290 atque
912 2253 1107 2279 numerum
1126 2243 1257 2279 relatio
1277 2243 1336 2288 sit,
1356 2242 1567 2287 indicatur3
1589 2243 1639 2279 cf.

205 2299 299 2346 Nep.
318 2298 346 2342 1,
366 2302 403 2343 3,
423 2303 455 2337 1.
491 2298 679 2336 Pontem
706 2299 797 2347 fecit
823 2301 861 2336 in
888 2299 1017 2336 Histro
1041 2301 1214 2347 flumine,
1239 2311 1328 2347 qua
1356 2301 1483 2347 copias
1510 2299 1639 2335 vadu-

203 2354 829 2400 cerei.1d.xvn1‚·8‚4.Duae
861 2359 970 2392 erant
993 2357 1115 2401 viae,
1142 2367 1233 2403 qua
1258 2357 1311 2392 ad
1337 2357 1642 2393 adversarior-mn

203 2411 793 2458 hibernaculapossetpmeraei,
835 2412 927 2450 Sall.
947 2412 1028 2460 lug.
1049 2412 1250 2457 XXXVHI,
1270 2416 1308 2452 6.
1342 2413 1511 2450 Locum
1529 2412 1640 2449 hosti-

202 2468 271 2504 bus
297 2467 507 2504 introeundi
530 2468 644 2512 dedit,
672 2478 818 2515 eaque
837 2469 1018 2506 Nmm'dae
1045 2471 1169 2506 cuncti
1184 2471 1379 2516 irrupere,
1400 2470 1461 2505 ubi
1482 2481 1518 2505 v.
1540 2469 1640 2505 Cort.

205 2524 334 2571 Neque
353 2515 428 2560 alia
448 2523 597 2560 dicendi
614 2524 760 2560 ratione
776 2526 913 2570 nititur,
935 2526 1036 2572 quod
1044 2526 1286 2572 proaquibus
1295 2527 1407 2562 etiam
1418 2526 1505 2572 poni
1518 2528 1642 2572 potest

204 2581 322 2624 unde,
354 2591 423 2627 pro
442 2581 546 2627 apud
563 2590 654 2627 quos
673 2581 784 2617 etiam
805 2582 888 2626 ubi,
915 2593 984 2628 pro
1003 2583 1055 2618 ad
1073 2592 1135 2619 eos
1155 2582 1267 2618 etiam
1287 2582 1390 2627 illuc,
1417 2586 1454 2617 et
1482 2583 1643 2628 plurima

204 2635 316 2672 huius
343 2638 494 2683 generis
523 2637 608 2673 alia.
671 2637 794 2681 Quare
817 2649 887 2685 quo
917 2638 966 2674 ad
994 2638 1114 2674 virilia
1144 2639 1206 2674 illa
1234 2639 1389 2674 relatum
1419 2649 1493 2674 non
1518 2639 1643 2674 minus

205 2697 304 2728 reete
323 2692 450 2737 habet,
470 2703 581 2739 quarn
601 2693 638 2727 in
657 2694 861 2730 vernacula
881 2705 943 2730 um
968 2695 1061 2731 euch
1080 2694 1179 2730 nicht
1204 2705 1251 2730 zu
1261 2695 1381 2741 jmen
1400 2694 1644 2741 mannhaften

209 2747 350 2785 Thaoen
369 2749 665 2798 «mszufordern,
692 2750 915 2787 modurch
939 2750 1002 2788 ihr
1029 2755 1113 2795 etc„
1136 2761 1206 2798 pro
1225 2750 1346 2787 durch
1363 2751 1541 2788 melche
1567 2750 1641 2785 ihr.
