1774 3002
152 127 238 172 250
574 109 577 111 “
638 129 937 170 e.·SA1.1.usT1
965 131 1117 171 clusin

152 259 277 319 parte
317 257 500 304 militum
541 258 761 303 auctumni
799 258 1042 318 gravitate,
1087 275 1231 323 neque
1277 276 1334 306 ex
1373 262 1597 321 postrema

149 343 281 403 fuga,
326 357 459 402 quum
505 357 664 387 severo
711 341 852 387 edicto
902 343 1172 400 iuberentur,
1221 345 1323 391 ullis
1368 345 1424 391 ad
1465 345 1596 406 signa

147 426 455 481 redeuntibus,
487 426 530 471 et
566 425 640 487 qui
670 425 819 472 relicui
843 429 986 484 erant,
1017 442 1098 489 per
1123 443 1294 475 summa
1317 429 1484 491 flagitia
1511 429 1595 477 de-

148 588 255 625 libus.
294 587 347 622 De
368 598 441 623 usu
461 587 682 634 antiquioris
702 587 844 623 formae
866 568 1095 634 detractare,
1117 589 1154 624 in
1175 590 1288 626 codd.
1319 602 1433 638 saepe
1461 593 1595 628 obscu-

152 649 278 692 ratae,
308 643 650 681 v.'Drakenborch.
680 643 729 679 ad
759 644 840 680 Liv.
869 643 1047 690 XXXVI,
1077 650 1137 690 15,
1169 650 1209 690 9„
1234 647 1408 684 Garaton.
1438 648 1487 684 ad
1517 648 1594 685 Cic.
1652 667 1654 669 ·

150 701 311 748 Philipp.
334 700 442 745 XIV,
464 704 519 739 14.
543 701 629 736 Vol.
652 701 696 736 ΙΙ.
725 712 765 747 p.
793 703 875 739 589.
898 701 960 737 ed.
988 702 1187 747 Wernsd.·,
1209 708 1245 739 et
1277 715 1372 751 quae
1398 706 1595 741 annotavi-

151 769 233 794 mus
254 757 303 794 ad
323 758 403 805 lug.
435 768 469 792 c.
498 757 594 803 LIII,
613 761 650 796 8.
678 768 716 804 p.
743 759 824 795 294.
852 777 908 783 —
935 755 1008 794 Pro
1038 758 1077 795 C.
1103 758 1349 804 nomnium,
1374 765 1412 797 ut
1440 761 1476 797 in
1507 762 1594 798 cod.

152 816 236 851 Vat.
257 819 334 859 est,
356 814 576 850 Gerlachius
597 814 634 849 in
657 814 719 850 ed.
741 815 829 850 min.
850 814 1019 861 imperite
1041 819 1076 850 et
1095 826 1193 852 vana
1212 817 1436 854 miserabilis
1458 818 1595 854 doctri-

148 883 220 907 nae
241 871 487 908 ostentatione
510 871 660 917 scripsit
683 871 727 907 G.
754 870 1000 911 Thoram'um;
1020 872 1161 908 scilicet
1181 885 1291 920 quum
1309 874 1482 910 alicunde
1504 876 1595 911 arri-

148 930 295 976 puisset
317 929 449 965 Gaium
473 928 604 972 scribi,
628 939 701 963 non
724 928 869 972 Caium,
892 933 1014 964 tamen
1035 929 1223 976 ignoravit
1246 932 1329 967 Gaii
1348 932 1506 967 nominis
1530 943 1594 967 no-

148 990 221 1021 tam
245 986 327 1021 sive
349 985 613 1032 compendium
635 983 662 1020 C
683 996 789 1029 esse,
817 996 892 1020 non
913 985 955 1020 G.
976 987 1024 1022 cs.
1049 985 1199 1030 Quintil.
1225 987 1262 1030 1,
1292 990 1332 1032 7,
1360 990 1418 1026 28.
1440 988 1595 1025 Schnei-

149 1042 229 1078 deri
247 1042 408 1078 Gramm.
429 1043 491 1077 lat.
514 1042 598 1077 Vol.
619 1042 654 1087 I,
676 1045 711 1079 l.
733 1053 766 1088 pv
791 1044 861 1079 232
882 1053 963 1089 sqq.
985 1043 1144 1089 Kriigeri
1170 1044 1333 1080 Gramm.
1351 1046 1412 1080 lat.
1434 1048 1468 1087 §-
1489 1049 1591 1090 13‚2.

145 1111 184 1147 p.
205 1102 238 1138 9.
264 1098 435 1135 Ceterum
458 1097 499 1134 C.
518 1097 745 1134 Thoranium
767 1098 927 1134 eundem
948 1110 1034 1135 esse
1048 1128 1056 1143 ,
1087 1101 1147 1146 qui
1172 1101 1319 1147 triginta
1340 1102 1446 1136 annis
1466 1106 1550 1149 post
1571 1113 1593 1138 a

146 1156 353 1192 triumviris
373 1155 606 1202 proscriptus
623 1159 659 1191 et
683 1155 897 1191 interfectus
920 1160 977 1191 est
1001 1160 1093 1192 teste
1119 1157 1294 1203 Appiano
1316 1158 1359 1193 B.
1381 1158 1421 1194 C.
1449 1159 1510 1202 lv,
1534 1163 1590 1197 12.

146 1213 276 1249 Valer.
295 1213 397 1248 Max.
420 1211 486 1251 IX,
510 1216 574 1256 ΙΙ,
604 1215 637 1249 5.
662 1211 771 1248 Oros.
797 1213 856 1257 VI,
879 1215 950 1257 18.,
970 1212 1134 1248 Bimardi
1157 1218 1192 1249 et
1212 1213 1404 1251 chrossii
1425 1219 1482 1250 est
1503 1226 1592 1251 con-

148 1270 310 1314 iectura,
338 1269 562 1316 Kreyssigio
595 1279 743 1315 quoque
762 1270 932 1315 probata.
955 1289 1009 1294 —
1034 1268 1240 1306 Praesente
1261 1271 1296 1306 in
1319 1271 1405 1307 cod.
1427 1272 1511 1307 Vat.
1538 1274 1593 1308 vi-

145 1327 240 1363 tiose
262 1327 440 1372 scriptum
454 1329 644 1373 presente.
666 1345 723 1350 —-
741 1325 844 1361 Idem
863 1336 931 1372 pro
947 1324 1137 1373 facillume
1158 1328 1351 1374 vulgarem
1374 1329 1592 1374 superlativi

147 1385 305 1419 formam
319 1383 498 1431 facillime
517 1382 680 1418 exhibet.
708 1399 762 1405 -
783 1383 855 1418 Pro
875 1386 1135 1427 noscerentur,
1154 1385 1305 1420 miserat
1333 1386 1369 1421 in
1392 1385 1477 1421 cod.
1509 1386 1590 1422 Vat.

150 1440 290 1487 duplici
321 1440 461 1476 librarii
500 1449 627 1475 errore
662 1443 855 1475 exaratum
890 1444 947 1475 est
971 1438 1590 1486 NOSCERENTUMMISERANT,

149 1498 226 1544 quo'
248 1496 331 1532 VV.
354 1496 429 1532 DD.
459 1493 596 1532 frustra
626 1507 666 1532 se
694 1500 893 1532 torserunt.
924 1496 1017 1531 Nam
1047 1507 1158 1543 quum
1180 1498 1420 1543 opinarentur
1439 1499 1591 1545 plenum

151 1556 306 1590 verbum
329 1564 414 1589 esse
435 1557 648 1598 noscerent,
671 1553 841 1588 lacunam
868 1553 1050 1599 suspicati
1081 1557 1184 1598 sunt,
1214 1555 1321 1590 cuius
1352 1556 1410 1591 re‘r
1431 1566 1494 1591 um
1515 1556 1592 1603 syl-

147 1612 231 1647 laba
249 1622 297 1645 ex
315 1610 523 1656 intercepto
539 1610 723 1645 vocabulo
737 1609 891 1645 residua
908 1609 1170 1645 documentum
1185 1615 1295 1648 esset.
1322 1611 1446 1656 Quare
1465 1612 1592 1648 Dousa

147 1668 298 1714 scripsit
317 1671 513 1703 noscerent
532 1691 634 1702 .....
656 1677 714 1701 um
736 1667 932 1706 ntiserant;
950 1665 1147 1702 Putschius
1168 1671 1362 1704 noscerent
1377 1694 1473 1704 .....
1491 1679 1589 1705 com·

146 1725 343 1764 miserant;
369 1722 671 1767 Freinshemius,
693 1723 851 1769 propIus
882 1722 929 1757 ad
959 1733 1089 1758 verum
1119 1723 1328 1768 accedens,
1347 1729 1589 1761 noscerentur

146 1783 193 1818 in
213 1781 370 1818 urbem
399 1781 562 1817 miserat.
604 1778 681 1815 Sed
709 1790 785 1815 non
817 1779 1037 1815 lacunosum
1060 1789 1146 1814 esse
1177 1781 1298 1816 locum
1328 1785 1364 1816 et
1391 1780 1588 1817 Bimardus

147 1837 289 1874 dudum
303 1837 477 1882 -viderat,
496 1841 533 1872 et
552 1836 701 1883 cognito
724 1835 856 1872 codice
881 1836 1063 1872 Vaticano
1084 1836 1231 1872 abunde
1253 1837 1382 1884 patuit.
1406 1837 1535 1882 Quare
1553 1838 1590 1872 in

145 1893 312 1931 Bimardi
337 1894 549 1930 certissima
573 1892 835 1929 emendatione
865 1891 1180 1940 acquiescendum
1215 1898 1292 1936 est,-
1321 1904 1431 1940 quam
1453 1895 1589 1930 nollem

147 1951 411 1999 Kreyssigium
432 1952 482 1987 ita
501 1951 704 1997 probasse,
729 1954 765 1985 ut
785 1950 946 1986 certiora
967 1961 1009 1985 se
1033 1953 1254 1996 exspectare
1277 1950 1430 1986 diceret.
1449 1963 1500 1976 —
1522 1949 1590 1987 Ce-

146 2013 264 2044 terum
291 2011 391 2044 recte
420 2007 647 2044 Niebuhrius
677 2017 760 2042 cum
791 2006 969 2042 Bimardo
997 2006 1210 2053 perspexit,
1241 2005 1282 2043 C.
1311 2005 1539 2043 Thoranium
1567 2019 1590 2043 a

146 2067 188 2102 P.
210 2065 366 2101 Varinio
388 2075 463 2100 non
481 2064 637 2100 Romam
657 2063 706 2099 ad
727 2068 918 2107 senatum,
940 2062 979 2099 id
1007 2063 1108 2110 quod
1125 2062 1270 2107 Dousa,
1298 2063 1589 2109 Freinshemius,

146 2122 323 2158 Brossius
348 2125 382 2157 et
402 2122 614 2157 Meisnerus
636 2120 964 2165 existimaverunt,
995 2119 1064 2156 sed
1091 2119 1141 2155 ad
1168 2120 1302 2156 milites
1331 2120 1522 2157 Romanos
1541 2131 1590 2171 ex

147 2179 236 2225 fuga
258 2178 453 2224 dispersos
475 2179 629 2213 missum
651 2188 757 2221 esse,
778 2180 818 2213 ut
836 2177 927 2221 hos,
954 2187 1027 2223 quo
1048 2177 1086 2212 in
1109 2180 1206 2212 statu
1230 2187 1291 2212 res
1314 2181 1461 2222 essent,
1481 2187 1589 2224 prae-

147 2245 235 2271 sens
256 2234 445 2270 edoceret.
467 2233 670 2270 KREYSS.

261 2294 296 2334 S.
319 2293 356 2328 3.
383 2294 419 2327 et
444 2292 581 2334 tamen)
608 2290 686 2325 Hae
714 2290 919 2336 particulae
950 2289 1159 2326 referuntur
1192 2301 1264 2325 non
1294 2289 1343 2325 ad
1373 2290 1455 2336 ipsa
1492 2300 1586 2336 quae

78 2364 81 2367 >
145 2347 379 2395 praecedunt
403 2349 541 2391 verba,
579 2346 648 2383 sed
686 2346 736 2382 ad
772 2346 992 2382 sententiam
1030 2347 1291 2383 concessivam
1331 2347 1368 2382 in
1409 2350 1484 2382 tota
1522 2357 1588 2392 pe-

147 2405 254 2441 riodo
285 2405 474 2440 latentem.
521 2403 602 2448 Qua
631 2414 743 2449 quum
772 2403 863 2438 nihil
892 2402 995 2438 aliud
1025 2404 1276 2447 contineatur,
1301 2413 1411 2450 quam
1431 2402 1526 2446 -hoc,
1550 2402 1586 2437 in

147 2472 291 2498 summa
321 2461 477 2497 militum
509 2459 664 2507 ignavia
694 2459 785 2495 nihil
824 2469 941 2506 grave
974 2463 1104 2495 contra
1131 2470 1264 2496 servos
1295 2459 1375 2507 geri
1404 2458 1584 2506 potuisse,

148 2519 262 2554 verba
285 2522 320 2554 el
346 2521 465 2554 tamen
486 2521 557 2552 etc.
589 2516 637 2551 ita
667 2516 891 2562 inferuntur,
918 2520 956 2551 ut
985 2517 1209 2562 cogitatione
1233 2514 1482 2563 supplendum
1514 2514 1583 2550 sit:

144 2585 370 2622 quamquam
390 2584 453 2611 res
470 2575 520 2610 ita
541 2582 581 2609 se
599 2572 765 2608 habebat.
787 2572 970 2619 Apposite
989 2572 1234 2620 Kreyssigius
1253 2571 1486 2619 comparavit
1505 2571 1583 2617 lug.

147 2642 181 2667 c.
200 2630 374 2675 XXXIX,
395 2635 430 2668 2.
454 2634 489 2667 et
507 2630 607 2675 LIV,
627 2632 663 2667 2.
686 2630 745 2665 ubi
765 2640 798 2664 v.
822 2639 918 2675 quae
940 2630 1218 2665 annotavimus.
1243 2649 1290 2655 —-
1316 2629 1404 2664 Cum
1427 2636 1584 2673 praepo-

147 2687 231 2724 sitio
260 2687 297 2722 in
319 2686 405 2723 cod.
428 2688 514 2723 Vat.
544 2686 681 2722 vitiose
708 2686 881 2722 scribitur
908 2696 1034 2732 quom,
1059 2696 1153 2732 quas
1177 2686 1332 2721 voculas
1356 2681 1540 2719 interdum
1563 2694 1585 2718 a

146 2744 306 2782 librariis
330 2744 507 2779 confusas
530 2754 617 2779 esse
638 2742 780 2778 notavit
803 2741 925 2778 Hand.
947 2741 993 2776 de
1018 2742 1174 2778 Particc.
1200 2742 1262 2777 lat.
1282 2739 1368 2776 Vol.
1393 2739 1436 2775 u,
1455 2751 1490 2786 p.
1504 2741 1584 2778 171.
