<?xml version="1.0" encoding="UTF-8"?>
<!DOCTYPE html PUBLIC "-//W3C//DTD XHTML 1.0 Transitional//EN"
    "http://www.w3.org/TR/xhtml1/DTD/xhtml1-transitional.dtd">
<html xmlns="http://www.w3.org/1999/xhtml" xml:lang="en" lang="en">
 <head>
  <title>
</title>
<meta http-equiv="Content-Type" content="text/html;charset=utf-8" />
  <meta name='ocr-system' content='tesseract 3.04.00' />
  <meta name='ocr-capabilities' content='ocr_page ocr_carea ocr_par ocr_line ocrx_word'/>
</head>
<body>
  <div class='ocr_page' id='page_1' title='image "./operaquaesupersu03salluoft_0354.png"; bbox 0 0 1774 3002; ppageno 0'>
   <div class='ocr_carea' id='block_1_1' title="bbox 149 178 1140 224">
    <p class='ocr_par' dir='ltr' id='par_1_1' title="bbox 149 178 1140 224">
     <span class='ocr_line' id='line_1_1' title="bbox 149 178 1140 224; baseline 0.002 -4"><span class='ocrx_word' id='word_1_1' title='bbox 149 178 234 220; x_wconf 81' lang='lat'>304</span> <span class='ocrx_word' id='word_1_2' title='bbox 656 183 696 221; x_wconf 89' lang='lat' dir='ltr'>C.</span> <span class='ocrx_word' id='word_1_3' title='bbox 726 184 956 224; x_wconf 90' lang='lat' dir='ltr'>SALLUSTI</span> <span class='ocrx_word' id='word_1_4' title='bbox 988 185 1140 224; x_wconf 89' lang='lat' dir='ltr'>CRISPI</span> 
     </span>
    </p>
   </div>
   <div class='ocr_carea' id='block_1_2' title="bbox 286 307 1516 540">
    <p class='ocr_par' dir='ltr' id='par_1_2' title="bbox 286 307 1516 540">
     <span class='ocr_line' id='line_1_2' title="bbox 286 307 1212 368; baseline 0.006 -16"><span class='ocrx_word' id='word_1_5' title='bbox 286 312 327 353; x_wconf 86' lang='lat'>3.</span> <span class='ocrx_word' id='word_1_6' title='bbox 383 307 448 353; x_wconf 88' lang='lat' dir='ltr'>Ita</span> <span class='ocrx_word' id='word_1_7' title='bbox 469 311 614 355; x_wconf 86' lang='lat' dir='ltr'>castra</span> <span class='ocrx_word' id='word_1_8' title='bbox 639 309 735 356; x_wconf 90' lang='lat' dir='ltr'>sine</span> <span class='ocrx_word' id='word_1_9' title='bbox 765 311 950 357; x_wconf 86' lang='lat' dir='ltr'>volnere</span> <span class='ocrx_word' id='word_1_10' title='bbox 975 311 1212 368; x_wconf 83' lang='lat' dir='ltr'>introitum.</span> 
     </span>
     <span class='ocr_line' id='line_1_3' title="bbox 286 390 1155 456; baseline 0.005 -19"><span class='ocrx_word' id='word_1_11' title='bbox 286 396 327 438; x_wconf 89' lang='lat'>4.</span> <span class='ocrx_word' id='word_1_12' title='bbox 384 390 513 437; x_wconf 88' lang='lat' dir='ltr'>Cultu</span> <span class='ocrx_word' id='word_1_13' title='bbox 545 394 745 453; x_wconf 87' lang='lat' dir='ltr'>corporis</span> <span class='ocrx_word' id='word_1_14' title='bbox 773 398 928 440; x_wconf 85' lang='lat' dir='ltr'>ornata</span> <span class='ocrx_word' id='word_1_15' title='bbox 954 395 1155 456; x_wconf 83' lang='lat' dir='ltr'>egregio.</span> 
     </span>
     <span class='ocr_line' id='line_1_4' title="bbox 287 475 1516 540; baseline 0.003 -20"><span class='ocrx_word' id='word_1_16' title='bbox 287 478 326 520; x_wconf 89' lang='lat'>5.</span> <span class='ocrx_word' id='word_1_17' title='bbox 380 475 538 521; x_wconf 84' lang='lat' dir='ltr'>Tenuit</span> <span class='ocrx_word' id='word_1_18' title='bbox 564 476 776 524; x_wconf 83' lang='lat' dir='ltr'>Lucullus</span> <span class='ocrx_word' id='word_1_19' title='bbox 813 479 1070 536; x_wconf 79' lang='lat' dir='ltr'>thesaurOS‚</span> <span class='ocrx_word' id='word_1_20' title='bbox 1103 479 1327 525; x_wconf 83' lang='lat' dir='ltr'>custodias</span> <span class='ocrx_word' id='word_1_21' title='bbox 1353 479 1516 540; x_wconf 84' lang='lat' dir='ltr'>regias.</span> 
     </span>
    </p>
   </div>
   <div class='ocr_carea' id='block_1_3' title="bbox 149 634 1599 2114">
    <p class='ocr_par' dir='ltr' id='par_1_3' title="bbox 149 634 1599 2109">
     <span class='ocr_line' id='line_1_5' title="bbox 150 634 1597 683; baseline 0.004 -12"><span class='ocrx_word' id='word_1_22' title='bbox 150 634 222 672; x_wconf 88' lang='lat' dir='ltr'>nisi</span> <span class='ocrx_word' id='word_1_23' title='bbox 247 635 429 683; x_wconf 82' lang='lat' dir='ltr'>singulari</span> <span class='ocrx_word' id='word_1_24' title='bbox 459 636 504 672; x_wconf 89' lang='lat' dir='ltr'>de</span> <span class='ocrx_word' id='word_1_25' title='bbox 531 649 668 674; x_wconf 80' lang='lat' dir='ltr'>caussa</span> <span class='ocrx_word' id='word_1_26' title='bbox 699 638 833 674; x_wconf 85' lang='lat' dir='ltr'>saetam</span> <span class='ocrx_word' id='word_1_27' title='bbox 862 651 948 675; x_wconf 81' lang='lat' dir='ltr'>esse</span> <span class='ocrx_word' id='word_1_28' title='bbox 972 640 1167 677; x_wconf 83' lang='lat' dir='ltr'>mulierum</span> <span class='ocrx_word' id='word_1_29' title='bbox 1187 641 1224 676; x_wconf 87' lang='lat' dir='ltr'>in</span> <span class='ocrx_word' id='word_1_30' title='bbox 1243 641 1414 677; x_wconf 89' lang='lat' dir='ltr'>Historiis</span> <span class='ocrx_word' id='word_1_31' title='bbox 1442 641 1597 676; x_wconf 89' lang='lat' dir='ltr'>mentio-</span> 
     </span>
     <span class='ocr_line' id='line_1_6' title="bbox 149 694 1597 738; baseline 0.004 -10"><span class='ocrx_word' id='word_1_32' title='bbox 149 704 248 738; x_wconf 89' lang='lat' dir='ltr'>nem,</span> <span class='ocrx_word' id='word_1_33' title='bbox 272 704 347 729; x_wconf 89' lang='lat' dir='ltr'>non</span> <span class='ocrx_word' id='word_1_34' title='bbox 369 694 538 729; x_wconf 77' lang='lat' dir='ltr'>absimile</span> <span class='ocrx_word' id='word_1_35' title='bbox 559 695 641 730; x_wconf 92' lang='lat' dir='ltr'>veri</span> <span class='ocrx_word' id='word_1_36' title='bbox 662 699 719 731; x_wconf 86' lang='lat' dir='ltr'>est</span> <span class='ocrx_word' id='word_1_37' title='bbox 745 694 961 732; x_wconf 75' lang='lat' dir='ltr'>Sallustium</span> <span class='ocrx_word' id='word_1_38' title='bbox 989 697 1085 733; x_wconf 85' lang='lat' dir='ltr'>haec</span> <span class='ocrx_word' id='word_1_39' title='bbox 1109 698 1143 733; x_wconf 89' lang='lat' dir='ltr'>in</span> <span class='ocrx_word' id='word_1_40' title='bbox 1171 697 1354 734; x_wconf 84' lang='lat' dir='ltr'>tradenda</span> <span class='ocrx_word' id='word_1_41' title='bbox 1372 697 1597 734; x_wconf 83' lang='lat' dir='ltr'>Mithridatis</span> 
     </span>
     <span class='ocr_line' id='line_1_7' title="bbox 150 750 1598 802; baseline 0.003 -17"><span class='ocrx_word' id='word_1_42' title='bbox 150 750 358 786; x_wconf 83' lang='lat' dir='ltr'>incredibili</span> <span class='ocrx_word' id='word_1_43' title='bbox 385 751 602 788; x_wconf 84' lang='lat' dir='ltr'>crudelitate.</span> <span class='ocrx_word' id='word_1_44' title='bbox 623 756 709 798; x_wconf 91' lang='lat' dir='ltr'>post</span> <span class='ocrx_word' id='word_1_45' title='bbox 733 751 878 788; x_wconf 84' lang='lat' dir='ltr'>cladem</span> <span class='ocrx_word' id='word_1_46' title='bbox 901 753 950 789; x_wconf 81' lang='lat' dir='ltr'>ad</span> <span class='ocrx_word' id='word_1_47' title='bbox 972 752 1105 791; x_wconf 87' lang='lat' dir='ltr'>Cabira</span> <span class='ocrx_word' id='word_1_48' title='bbox 1131 759 1323 802; x_wconf 78' lang='lat' dir='ltr'>acceptam</span> <span class='ocrx_word' id='word_1_49' title='bbox 1349 755 1513 791; x_wconf 87' lang='lat' dir='ltr'>exercita</span> <span class='ocrx_word' id='word_1_50' title='bbox 1530 766 1598 802; x_wconf 93' lang='lat' dir='ltr'>po-</span> 
     </span>
     <span class='ocr_line' id='line_1_8' title="bbox 150 806 1598 859; baseline 0.002 -15"><span class='ocrx_word' id='word_1_51' title='bbox 150 808 288 844; x_wconf 84' lang='lat' dir='ltr'>suisse.</span> <span class='ocrx_word' id='word_1_52' title='bbox 333 806 387 842; x_wconf 92' lang='lat' dir='ltr'>Ne</span> <span class='ocrx_word' id='word_1_53' title='bbox 410 807 568 844; x_wconf 89' lang='lat' dir='ltr'>Romani</span> <span class='ocrx_word' id='word_1_54' title='bbox 591 809 688 844; x_wconf 89' lang='lat' dir='ltr'>enim</span> <span class='ocrx_word' id='word_1_55' title='bbox 710 810 913 855; x_wconf 83' lang='lat' dir='ltr'>sororibus,</span> <span class='ocrx_word' id='word_1_56' title='bbox 935 812 1113 848; x_wconf 86' lang='lat' dir='ltr'>uxoribus</span> <span class='ocrx_word' id='word_1_57' title='bbox 1134 815 1170 847; x_wconf 90' lang='lat' dir='ltr'>et</span> <span class='ocrx_word' id='word_1_58' title='bbox 1191 812 1409 849; x_wconf 85' lang='lat' dir='ltr'>concubinis</span> <span class='ocrx_word' id='word_1_59' title='bbox 1431 812 1509 849; x_wconf 89' lang='lat' dir='ltr'>suis</span> <span class='ocrx_word' id='word_1_60' title='bbox 1532 822 1598 859; x_wconf 87' lang='lat' dir='ltr'>po-</span> 
     </span>
     <span class='ocr_line' id='line_1_9' title="bbox 150 865 1594 916; baseline 0.003 -16"><span class='ocrx_word' id='word_1_61' title='bbox 150 865 326 909; x_wconf 82' lang='lat' dir='ltr'>tirentur,</span> <span class='ocrx_word' id='word_1_62' title='bbox 354 875 486 901; x_wconf 87' lang='lat' dir='ltr'>omnes</span> <span class='ocrx_word' id='word_1_63' title='bbox 508 866 663 902; x_wconf 83' lang='lat' dir='ltr'>interfici</span> <span class='ocrx_word' id='word_1_64' title='bbox 693 866 802 902; x_wconf 90' lang='lat' dir='ltr'>iussit</span> <span class='ocrx_word' id='word_1_65' title='bbox 827 868 885 910; x_wconf 83' lang='lat' dir='ltr'>(v.</span> <span class='ocrx_word' id='word_1_66' title='bbox 906 867 1092 904; x_wconf 85' lang='lat' dir='ltr'>Memnon.</span> <span class='ocrx_word' id='word_1_67' title='bbox 1116 879 1177 915; x_wconf 88' lang='lat' dir='ltr'>ap.</span> <span class='ocrx_word' id='word_1_68' title='bbox 1197 868 1303 905; x_wconf 87' lang='lat' dir='ltr'>Phol.</span> <span class='ocrx_word' id='word_1_69' title='bbox 1333 868 1420 906; x_wconf 87' lang='lat' dir='ltr'>cod.</span> <span class='ocrx_word' id='word_1_70' title='bbox 1441 871 1524 907; x_wconf 84' lang='grc'><strong>224.</strong></span> <span class='ocrx_word' id='word_1_71' title='bbox 1557 880 1594 916; x_wconf 88' lang='lat' dir='ltr'>p.</span> 
     </span>
     <span class='ocr_line' id='line_1_10' title="bbox 150 921 1595 973; baseline 0.001 -13"><span class='ocrx_word' id='word_1_72' title='bbox 150 924 232 966; x_wconf 80' lang='lat'>235,</span> <span class='ocrx_word' id='word_1_73' title='bbox 254 933 288 957; x_wconf 91' lang='lat' dir='ltr'>a.</span> <span class='ocrx_word' id='word_1_74' title='bbox 313 925 371 960; x_wconf 86' lang='lat'>15.</span> <span class='ocrx_word' id='word_1_75' title='bbox 393 921 514 959; x_wconf 85' lang='lat' dir='ltr'>Bekk.</span> <span class='ocrx_word' id='word_1_76' title='bbox 536 923 700 970; x_wconf 87' lang='lat' dir='ltr'>Appian.</span> <span class='ocrx_word' id='word_1_77' title='bbox 724 923 766 958; x_wconf 88' lang='lat' dir='ltr'>B.</span> <span class='ocrx_word' id='word_1_78' title='bbox 788 923 950 961; x_wconf 87' lang='lat' dir='ltr'>Mithrid.</span> <span class='ocrx_word' id='word_1_79' title='bbox 973 936 1006 960; x_wconf 93' lang='lat' dir='ltr'>c.</span> <span class='ocrx_word' id='word_1_80' title='bbox 1027 928 1087 970; x_wconf 89' lang='grc'>82,</span> <span class='ocrx_word' id='word_1_81' title='bbox 1109 927 1234 970; x_wconf 64' lang='lat' dir='ltr'>extu),</span> <span class='ocrx_word' id='word_1_82' title='bbox 1257 926 1351 962; x_wconf 87' lang='lat' dir='ltr'>inter</span> <span class='ocrx_word' id='word_1_83' title='bbox 1372 936 1466 973; x_wconf 89' lang='lat' dir='ltr'>quas</span> <span class='ocrx_word' id='word_1_84' title='bbox 1486 926 1595 969; x_wconf 81' lang='lat' dir='ltr'>etiam</span> 
     </span>
     <span class='ocr_line' id='line_1_11' title="bbox 150 978 1597 1029; baseline 0.002 -15"><span class='ocrx_word' id='word_1_85' title='bbox 150 978 312 1014; x_wconf 69' lang='lat' dir='ltr'>Monimo</span> <span class='ocrx_word' id='word_1_86' title='bbox 332 979 400 1014; x_wconf 86' lang='lat' dir='ltr'>suit</span> <span class='ocrx_word' id='word_1_87' title='bbox 419 979 577 1023; x_wconf 81' lang='lat' dir='ltr'>Milesia,</span> <span class='ocrx_word' id='word_1_88' title='bbox 609 979 884 1026; x_wconf 80' lang='lat' dir='ltr'>pulchritudine</span> <span class='ocrx_word' id='word_1_89' title='bbox 906 982 1079 1028; x_wconf 79' lang='lat' dir='ltr'>insignis.</span> <span class='ocrx_word' id='word_1_90' title='bbox 1126 983 1179 1017; x_wconf 86' lang='lat' dir='ltr'>De</span> <span class='ocrx_word' id='word_1_91' title='bbox 1205 983 1311 1018; x_wconf 92' lang='lat' dir='ltr'>cuius</span> <span class='ocrx_word' id='word_1_92' title='bbox 1334 983 1597 1029; x_wconf 80' lang='lat' dir='ltr'>tragica·s0rte</span> 
     </span>
     <span class='ocr_line' id='line_1_12' title="bbox 151 1035 1598 1085; baseline 0.003 -15"><span class='ocrx_word' id='word_1_93' title='bbox 151 1047 264 1082; x_wconf 89' lang='lat' dir='ltr'>quum</span> <span class='ocrx_word' id='word_1_94' title='bbox 277 1035 524 1071; x_wconf 85' lang='lat' dir='ltr'>Plutarchus&#39;</span> <span class='ocrx_word' id='word_1_95' title='bbox 517 1048 553 1072; x_wconf 85' lang='lat' dir='ltr'>in</span> <span class='ocrx_word' id='word_1_96' title='bbox 570 1037 695 1073; x_wconf 89' lang='lat' dir='ltr'>Lucul.</span> <span class='ocrx_word' id='word_1_97' title='bbox 719 1048 751 1071; x_wconf 87' lang='lat' dir='ltr'>c.</span> <span class='ocrx_word' id='word_1_98' title='bbox 772 1039 827 1074; x_wconf 89' lang='grc'>18.</span> <span class='ocrx_word' id='word_1_99' title='bbox 846 1037 932 1073; x_wconf 84' lang='lat' dir='ltr'>data</span> <span class='ocrx_word' id='word_1_100' title='bbox 949 1049 1065 1084; x_wconf 88' lang='lat' dir='ltr'>opera</span> <span class='ocrx_word' id='word_1_101' title='bbox 1085 1039 1314 1085; x_wconf 88' lang='lat' dir='ltr'>exposuerit,</span> <span class='ocrx_word' id='word_1_102' title='bbox 1334 1038 1511 1076; x_wconf 84' lang='lat' dir='ltr'>Sallustio</span> <span class='ocrx_word' id='word_1_103' title='bbox 1534 1050 1598 1074; x_wconf 87' lang='lat' dir='ltr'>au-</span> 
     </span>
     <span class='ocr_line' id='line_1_13' title="bbox 152 1091 1596 1141; baseline 0.002 -14"><span class='ocrx_word' id='word_1_104' title='bbox 152 1097 254 1128; x_wconf 86' lang='lat' dir='ltr'>ctore</span> <span class='ocrx_word' id='word_1_105' title='bbox 270 1091 308 1127; x_wconf 90' lang='lat' dir='ltr'>id</span> <span class='ocrx_word' id='word_1_106' title='bbox 327 1103 412 1128; x_wconf 91' lang='lat' dir='ltr'>eum</span> <span class='ocrx_word' id='word_1_107' title='bbox 431 1094 569 1130; x_wconf 88' lang='lat' dir='ltr'>lecissc</span> <span class='ocrx_word' id='word_1_108' title='bbox 588 1093 773 1140; x_wconf 87' lang='lat' dir='ltr'>suspicor,</span> <span class='ocrx_word' id='word_1_109' title='bbox 796 1095 902 1130; x_wconf 90' lang='lat' dir='ltr'>cuius</span> <span class='ocrx_word' id='word_1_110' title='bbox 919 1096 1037 1131; x_wconf 80' lang='lat' dir='ltr'>verba</span> <span class='ocrx_word' id='word_1_111' title='bbox 1056 1095 1252 1131; x_wconf 88' lang='lat' dir='ltr'>commode</span> <span class='ocrx_word' id='word_1_112' title='bbox 1275 1096 1489 1132; x_wconf 88' lang='lat' dir='ltr'>deMonime</span> <span class='ocrx_word' id='word_1_113' title='bbox 1512 1096 1596 1141; x_wconf 86' lang='lat' dir='ltr'>capi</span> 
     </span>
     <span class='ocr_line' id='line_1_14' title="bbox 149 1140 1598 1202; baseline 0.002 -18"><span class='ocrx_word' id='word_1_114' title='bbox 149 1153 322 1196; x_wconf 84' lang='lat' dir='ltr'>possunt.</span> <span class='ocrx_word' id='word_1_115' title='bbox 381 1149 434 1185; x_wconf 85' lang='lat' dir='ltr'>Ita</span> <span class='ocrx_word' id='word_1_116' title='bbox 455 1155 579 1186; x_wconf 85' lang='lat' dir='ltr'>autem</span> <span class='ocrx_word' id='word_1_117' title='bbox 601 1149 648 1185; x_wconf 87' lang='lat' dir='ltr'>de</span> <span class='ocrx_word' id='word_1_118' title='bbox 671 1150 734 1186; x_wconf 86' lang='lat' dir='ltr'>illa</span> <span class='ocrx_word' id='word_1_119' title='bbox 753 1151 974 1188; x_wconf 84' lang='lat' dir='ltr'>Plutarchus</span> <span class='ocrx_word' id='word_1_120' title='bbox 995 1140 1246 1188; x_wconf 81' lang='grc' dir='ltr'><strong><em>1.1.;Ἠσαν</em></strong></span> <span class='ocrx_word' id='word_1_121' title='bbox 1267 1147 1310 1188; x_wconf 82' lang='grc' dir='ltr'>δὲ</span> <span class='ocrx_word' id='word_1_122' title='bbox 1328 1143 1423 1202; x_wconf 74' lang='grc' dir='ltr'><strong><em>μετὰ</em></strong></span> <span class='ocrx_word' id='word_1_123' title='bbox 1441 1150 1598 1188; x_wconf 76' lang='grc' dir='ltr'><strong><em>πολλῶν</em></strong></span> 
     </span>
     <span class='ocr_line' id='line_1_15' title="bbox 151 1197 1596 1272; baseline 0.001 -30"><span class='ocrx_word' id='word_1_124' title='bbox 151 1208 223 1251; x_wconf 86' lang='lat' dir='ltr'>(sc.</span> <span class='ocrx_word' id='word_1_125' title='bbox 250 1205 472 1256; x_wconf 81' lang='grc' dir='ltr'><strong><em>γυναικῶν)</em></strong></span> <span class='ocrx_word' id='word_1_126' title='bbox 501 1197 672 1254; x_wconf 77' lang='grc' dir='ltr'><strong><em>ἀδελφαί</em></strong></span> <span class='ocrx_word' id='word_1_127' title='bbox 695 1218 734 1243; x_wconf 88' lang='grc' dir='ltr'><strong><em>τε</em></strong></span> <span class='ocrx_word' id='word_1_128' title='bbox 764 1200 837 1244; x_wconf 87' lang='grc' dir='ltr'><strong><em>δυο</em></strong></span> <span class='ocrx_word' id='word_1_129' title='bbox 862 1207 931 1245; x_wconf 87' lang='grc' dir='ltr'><strong><em>τοῦ</em></strong></span> <span class='ocrx_word' id='word_1_130' title='bbox 958 1204 1147 1258; x_wconf 87' lang='grc' dir='ltr'><strong><em>βασιλέως</em></strong></span> <span class='ocrx_word' id='word_1_131' title='bbox 1164 1228 1222 1235; x_wconf 83' lang='grc'><strong>-</strong></span> <span class='ocrx_word' id='word_1_132' title='bbox 1240 1204 1314 1245; x_wconf 87' lang='grc' dir='ltr'>καὶ</span> <span class='ocrx_word' id='word_1_133' title='bbox 1327 1220 1490 1272; x_wconf 72' lang='grc' dir='ltr'><strong><em>γαμέται</em></strong></span> <span class='ocrx_word' id='word_1_134' title='bbox 1509 1200 1596 1255; x_wconf 84' lang='grc' dir='ltr'><strong><em>δυο,</em></strong></span> 
     </span>
     <span class='ocr_line' id='line_1_16' title="bbox 152 1257 1596 1326; baseline 0.001 -26"><span class='ocrx_word' id='word_1_135' title='bbox 152 1259 342 1326; x_wconf 83' lang='grc' dir='ltr'><strong><em>Βερενίκη</em></strong></span> <span class='ocrx_word' id='word_1_136' title='bbox 362 1257 433 1311; x_wconf 80' lang='grc' dir='ltr'><strong><em>μὲν</em></strong></span> <span class='ocrx_word' id='word_1_137' title='bbox 453 1258 497 1300; x_wconf 80' lang='grc' dir='ltr'>ἐκ</span> <span class='ocrx_word' id='word_1_138' title='bbox 516 1262 632 1309; x_wconf 83' lang='grc' dir='ltr'><em>Χίου,</em></span> <span class='ocrx_word' id='word_1_139' title='bbox 656 1260 865 1312; x_wconf 87' lang='grc' dir='ltr'><strong><em>Μονίμη</em></strong></span> <span class='ocrx_word' id='word_1_140' title='bbox 887 1259 937 1301; x_wconf 82' lang='grc' dir='ltr'>δὲ</span> <span class='ocrx_word' id='word_1_141' title='bbox 964 1265 1209 1314; x_wconf 84' lang='grc' dir='ltr'><strong><em>Μιλησία.</em></strong></span> <span class='ocrx_word' id='word_1_142' title='bbox 1272 1259 1426 1314; x_wconf 81' lang='grc' dir='ltr'><strong><em>Ταύτης</em></strong></span> <span class='ocrx_word' id='word_1_143' title='bbox 1445 1257 1467 1302; x_wconf 82' lang='grc' dir='ltr'>ὁ</span> <span class='ocrx_word' id='word_1_144' title='bbox 1489 1264 1596 1302; x_wconf 86' lang='grc' dir='ltr'><strong><em>πλεῖ-</em></strong></span> 
     </span>
     <span class='ocr_line' id='line_1_17' title="bbox 150 1307 1598 1386; baseline 0.001 -30"><span class='ocrx_word' id='word_1_145' title='bbox 150 1329 238 1365; x_wconf 85' lang='grc' dir='ltr'><strong><em>στος</em></strong></span> <span class='ocrx_word' id='word_1_146' title='bbox 257 1307 310 1369; x_wconf 78' lang='grc' dir='ltr'><strong><em>ἦν</em></strong></span> <span class='ocrx_word' id='word_1_147' title='bbox 338 1313 451 1370; x_wconf 85' lang='grc' dir='ltr'><strong><em>λόγος</em></strong></span> <span class='ocrx_word' id='word_1_148' title='bbox 469 1315 512 1357; x_wconf 80' lang='grc' dir='ltr'><strong><em>ἐν</em></strong></span> <span class='ocrx_word' id='word_1_149' title='bbox 531 1321 612 1364; x_wconf 85' lang='grc' dir='ltr'><strong><em>τοῖς</em></strong></span> <span class='ocrx_word' id='word_1_150' title='bbox 619 1315 828 1369; x_wconf 82' lang='grc' dir='ltr'><strong><em>Έλλησιν,</em></strong></span> <span class='ocrx_word' id='word_1_151' title='bbox 858 1315 919 1358; x_wconf 78' lang='grc' dir='ltr'>ὅτι</span> <span class='ocrx_word' id='word_1_152' title='bbox 939 1321 1008 1358; x_wconf 89' lang='grc' dir='ltr'><strong><em>τοῦ</em></strong></span> <span class='ocrx_word' id='word_1_153' title='bbox 1035 1317 1225 1371; x_wconf 85' lang='grc' dir='ltr'><strong><em>βασιλέως</em></strong></span> <span class='ocrx_word' id='word_1_154' title='bbox 1243 1322 1455 1386; x_wconf 76' lang='grc' dir='ltr'><strong><em>πειρῶντος</em></strong></span> <span class='ocrx_word' id='word_1_155' title='bbox 1473 1311 1598 1370; x_wconf 68' lang='grc' dir='ltr'><strong><em>αὐτὴν</em></strong></span> 
     </span>
     <span class='ocr_line' id='line_1_18' title="bbox 154 1368 1598 1443; baseline 0.001 -30"><span class='ocrx_word' id='word_1_156' title='bbox 154 1368 386 1440; x_wconf 76' lang='grc' dir='ltr'><strong><em>-ἆντέσχε,</em></strong></span> <span class='ocrx_word' id='word_1_157' title='bbox 406 1372 538 1428; x_wconf 82' lang='grc' dir='ltr'><strong><em>μέχρις</em></strong></span> <span class='ocrx_word' id='word_1_158' title='bbox 556 1373 604 1415; x_wconf 85' lang='grc' dir='ltr'><strong><em>οὑ</em></strong></span> <span class='ocrx_word' id='word_1_159' title='bbox 627 1389 767 1443; x_wconf 87' lang='grc' dir='ltr'><strong><em>γαμων</em></strong></span> <span class='ocrx_word' id='word_1_160' title='bbox 773 1373 965 1440; x_wconf 81' lang='grc' dir='ltr'><strong><em>ἐγένοντο</em></strong></span> <span class='ocrx_word' id='word_1_161' title='bbox 984 1378 1213 1441; x_wconf 81' lang='grc' dir='ltr'><strong><em>συνθῆκαι,</em></strong></span> <span class='ocrx_word' id='word_1_162' title='bbox 1221 1374 1289 1416; x_wconf 82' lang='grc' dir='ltr'>καὶ</span> <span class='ocrx_word' id='word_1_163' title='bbox 1308 1371 1495 1443; x_wconf 77' lang='grc' dir='ltr'><strong><em>διάδημα</em></strong></span> <span class='ocrx_word' id='word_1_164' title='bbox 1495 1373 1598 1441; x_wconf 82' lang='grc' dir='ltr'><strong><em>πέμ--</em></strong></span> 
     </span>
     <span class='ocr_line' id='line_1_19' title="bbox 151 1424 1598 1499; baseline 0 -29"><span class='ocrx_word' id='word_1_165' title='bbox 151 1441 234 1483; x_wconf 83' lang='grc' dir='ltr'>ψας</span> <span class='ocrx_word' id='word_1_166' title='bbox 261 1424 362 1497; x_wconf 73' lang='grc' dir='ltr'><strong><em>αὐτῇ</em></strong></span> <span class='ocrx_word' id='word_1_167' title='bbox 398 1432 632 1484; x_wconf 82' lang='grc' dir='ltr'><strong><em>βασίλισσαν</em></strong></span> <span class='ocrx_word' id='word_1_168' title='bbox 659 1427 949 1499; x_wconf 78' lang='grc' dir='ltr'><strong><em>ἀνηγόρευσεν.</em></strong></span> <span class='ocrx_word' id='word_1_169' title='bbox 971 1428 1114 1498; x_wconf 73' lang='grc' dir='ltr'><strong><em>Αὕτη</em></strong></span> <span class='ocrx_word' id='word_1_170' title='bbox 1141 1430 1210 1472; x_wconf 82' lang='grc' dir='ltr'>καὶ</span> <span class='ocrx_word' id='word_1_171' title='bbox 1230 1426 1352 1496; x_wconf 78' lang='grc' dir='ltr'><strong><em>παρὰ</em></strong></span> <span class='ocrx_word' id='word_1_172' title='bbox 1381 1428 1450 1473; x_wconf 87' lang='grc' dir='ltr'><strong><em>τὸν</em></strong></span> <span class='ocrx_word' id='word_1_173' title='bbox 1477 1427 1598 1471; x_wconf 68' lang='grc' dir='ltr'><strong><em>ἄλλον</em></strong></span> 
     </span>
     <span class='ocr_line' id='line_1_20' title="bbox 150 1481 1597 1558; baseline -0.001 -29"><span class='ocrx_word' id='word_1_174' title='bbox 150 1485 292 1542; x_wconf 86' lang='grc' dir='ltr'><strong><em>χρόνον</em></strong></span> <span class='ocrx_word' id='word_1_175' title='bbox 311 1481 484 1555; x_wconf 80' lang='grc' dir='ltr'><strong><em>ἆνιαρῶς</em></strong></span> <span class='ocrx_word' id='word_1_176' title='bbox 497 1484 582 1554; x_wconf 83' lang='grc' dir='ltr'><strong><em>εἶχε</em></strong></span> <span class='ocrx_word' id='word_1_177' title='bbox 607 1488 675 1529; x_wconf 82' lang='grc' dir='ltr'>καὶ</span> <span class='ocrx_word' id='word_1_178' title='bbox 694 1484 913 1558; x_wconf 71' lang='grc' dir='ltr'><strong><em>ἀπεθρήνει</em></strong></span> <span class='ocrx_word' id='word_1_179' title='bbox 940 1483 1030 1554; x_wconf 82' lang='grc' dir='ltr'><strong><em>τὴν</em></strong></span> <span class='ocrx_word' id='word_1_180' title='bbox 1056 1491 1140 1529; x_wconf 85' lang='grc' dir='ltr'><strong><em>τοῦ</em></strong></span> <span class='ocrx_word' id='word_1_181' title='bbox 1175 1485 1399 1556; x_wconf 79' lang='grc' dir='ltr'><strong><em>σώματος</em></strong></span> <span class='ocrx_word' id='word_1_182' title='bbox 1425 1482 1597 1541; x_wconf 73' lang='grc' dir='ltr'><strong><em>εὐμορ-</em></strong></span> 
     </span>
     <span class='ocr_line' id='line_1_21' title="bbox 152 1539 1598 1613; baseline 0 -29"><span class='ocrx_word' id='word_1_183' title='bbox 152 1546 286 1613; x_wconf 84' lang='grc' dir='ltr'><strong><em>φίαν,</em></strong></span> <span class='ocrx_word' id='word_1_184' title='bbox 314 1539 366 1593; x_wconf 84' lang='grc' dir='ltr'>ὦς</span> <span class='ocrx_word' id='word_1_185' title='bbox 389 1541 580 1597; x_wconf 81' lang='grc' dir='ltr'><strong><em>δεσπότην</em></strong></span> <span class='ocrx_word' id='word_1_186' title='bbox 599 1545 671 1597; x_wconf 84' lang='grc' dir='ltr'><strong><em>μὲν</em></strong></span> <span class='ocrx_word' id='word_1_187' title='bbox 691 1539 770 1586; x_wconf 76' lang='grc' dir='ltr'><strong><em>ἄντ’</em></strong></span> <span class='ocrx_word' id='word_1_188' title='bbox 782 1540 939 1609; x_wconf 84' lang='grc' dir='ltr'><strong><em>ανδρός</em></strong></span> <span class='ocrx_word' id='word_1_189' title='bbox 956 1539 1077 1600; x_wconf 77' lang='grc' dir='ltr'><strong><em>αὐτῇ,</em></strong></span> <span class='ocrx_word' id='word_1_190' title='bbox 1101 1541 1286 1613; x_wconf 73' lang='grc' dir='ltr'><strong><em>φρουρὰν</em></strong></span> <span class='ocrx_word' id='word_1_191' title='bbox 1314 1543 1359 1586; x_wconf 78' lang='grc' dir='ltr'>δὲ</span> <span class='ocrx_word' id='word_1_192' title='bbox 1383 1543 1598 1611; x_wconf 75' lang='grc' dir='ltr'><strong><em>βαρβάρων</em></strong></span> 
     </span>
     <span class='ocr_line' id='line_1_22' title="bbox 152 1596 1597 1673; baseline -0.001 -32"><span class='ocrx_word' id='word_1_193' title='bbox 152 1596 242 1642; x_wconf 79' lang='grc' dir='ltr'><strong><em>ἆντι</em></strong></span> <span class='ocrx_word' id='word_1_194' title='bbox 259 1617 390 1667; x_wconf 88' lang='grc' dir='ltr'><strong><em>γαμου</em></strong></span> <span class='ocrx_word' id='word_1_195' title='bbox 400 1617 477 1641; x_wconf 83' lang='grc' dir='ltr'>και</span> <span class='ocrx_word' id='word_1_196' title='bbox 497 1602 609 1642; x_wconf 87' lang='grc' dir='ltr'><strong><em>οἴκου</em></strong></span> <span class='ocrx_word' id='word_1_197' title='bbox 620 1597 930 1671; x_wconf 82' lang='grc' dir='ltr'><strong><em>προξενήσασαν.</em></strong></span> <span class='ocrx_word' id='word_1_198' title='bbox 966 1601 1045 1641; x_wconf 86' lang='grc' dir='ltr'>Καὶ</span> <span class='ocrx_word' id='word_1_199' title='bbox 1067 1598 1116 1654; x_wconf 84' lang='grc' dir='ltr'>δὴ</span> <span class='ocrx_word' id='word_1_200' title='bbox 1136 1617 1206 1642; x_wconf 83' lang='grc' dir='ltr'><strong><em>του</em></strong></span> <span class='ocrx_word' id='word_1_201' title='bbox 1189 1602 1414 1655; x_wconf 80' lang='grc' dir='ltr'><strong><em>Βακχίδοῡ</em></strong></span> <span class='ocrx_word' id='word_1_202' title='bbox 1432 1598 1597 1673; x_wconf 72' lang='grc' dir='ltr'><strong><em>προς-τᾶ-</em></strong></span> 
     </span>
     <span class='ocr_line' id='line_1_23' title="bbox 151 1651 1598 1725; baseline -0.001 -27"><span class='ocrx_word' id='word_1_203' title='bbox 151 1660 289 1709; x_wconf 80' lang='grc' dir='ltr'><strong><em>ξαντος</em></strong></span> <span class='ocrx_word' id='word_1_204' title='bbox 309 1652 446 1706; x_wconf 86' lang='grc' dir='ltr'><strong><em>αυταῖς</em></strong></span> <span class='ocrx_word' id='word_1_205' title='bbox 467 1651 740 1710; x_wconf 83' lang='grc' dir='ltr'><strong><em>αποθνήσκειν</em></strong></span> <span class='ocrx_word' id='word_1_206' title='bbox 754 1655 810 1708; x_wconf 79' lang='grc' dir='ltr'>ὦς</span> <span class='ocrx_word' id='word_1_207' title='bbox 829 1654 972 1713; x_wconf 77' lang='grc' dir='ltr'><strong><em>ἑκαστῃ</em></strong></span> <span class='ocrx_word' id='word_1_208' title='bbox 985 1659 1121 1711; x_wconf 82' lang='grc' dir='ltr'><strong><em>δοκοίη</em></strong></span> <span class='ocrx_word' id='word_1_209' title='bbox 1133 1658 1285 1725; x_wconf 86' lang='grc' dir='ltr'><strong><em>ραστον</em></strong></span> <span class='ocrx_word' id='word_1_210' title='bbox 1299 1656 1401 1700; x_wconf 82' lang='grc' dir='ltr'><strong><em>εἶναι</em></strong></span> <span class='ocrx_word' id='word_1_211' title='bbox 1419 1657 1488 1699; x_wconf 80' lang='grc' dir='ltr'>καὶ</span> <span class='ocrx_word' id='word_1_212' title='bbox 1506 1654 1598 1698; x_wconf 77' lang='grc' dir='ltr'><strong><em>ἄλυ-</em></strong></span> 
     </span>
     <span class='ocr_line' id='line_1_24' title="bbox 152 1709 1591 1782; baseline -0.001 -27"><span class='ocrx_word' id='word_1_213' title='bbox 152 1711 334 1766; x_wconf 87' lang='grc' dir='ltr'><strong><em>πότατον,</em></strong></span> <span class='ocrx_word' id='word_1_214' title='bbox 367 1726 721 1782; x_wconf 87' lang='grc' dir='ltr'><strong><em>περισπασασα</em></strong></span> <span class='ocrx_word' id='word_1_215' title='bbox 742 1718 827 1768; x_wconf 82' lang='grc' dir='ltr'>τῆς</span> <span class='ocrx_word' id='word_1_216' title='bbox 848 1717 1072 1766; x_wconf 83' lang='grc' dir='ltr'><strong><em>κεφαλῆς</em></strong></span> <span class='ocrx_word' id='word_1_217' title='bbox 1097 1709 1146 1755; x_wconf 83' lang='grc' dir='ltr'>τὸ</span> <span class='ocrx_word' id='word_1_218' title='bbox 1175 1711 1397 1782; x_wconf 83' lang='grc' dir='ltr'><strong><em>διαδημα</em></strong></span> <span class='ocrx_word' id='word_1_219' title='bbox 1429 1717 1485 1770; x_wconf 78' lang='grc' dir='ltr'>τῷ</span> <span class='ocrx_word' id='word_1_220' title='bbox 1504 1729 1591 1780; x_wconf 83' lang='grc' dir='ltr'><strong><em>τρα-</em></strong></span> 
     </span>
     <span class='ocr_line' id='line_1_25' title="bbox 153 1755 1597 1841; baseline -0.001 -29"><span class='ocrx_word' id='word_1_221' title='bbox 153 1768 260 1828; x_wconf 77' lang='grc' dir='ltr'><strong><em>χήλῳ</em></strong></span> <span class='ocrx_word' id='word_1_222' title='bbox 278 1774 448 1827; x_wconf 82' lang='grc' dir='ltr'><strong><em>περιῆψε</em></strong></span> <span class='ocrx_word' id='word_1_223' title='bbox 467 1770 535 1812; x_wconf 86' lang='grc' dir='ltr'>καὶ</span> <span class='ocrx_word' id='word_1_224' title='bbox 563 1766 783 1841; x_wconf 71' lang='grc' dir='ltr'><strong><em>ἀνήρτησεν</em></strong></span> <span class='ocrx_word' id='word_1_225' title='bbox 810 1768 965 1822; x_wconf 76' lang='grc' dir='ltr'><strong><em>ἑαυτήν.</em></strong></span> <span class='ocrx_word' id='word_1_226' title='bbox 1029 1765 1150 1837; x_wconf 78' lang='grc' dir='ltr'><strong><em>Ταχὺ</em></strong></span> <span class='ocrx_word' id='word_1_227' title='bbox 1160 1765 1199 1810; x_wconf 84' lang='grc' dir='ltr'>δ’</span> <span class='ocrx_word' id='word_1_228' title='bbox 1232 1755 1597 1839; x_wconf 76' lang='grc' dir='ltr'><strong><em>ἆπορῤαγέντος,Ὦ</em></strong></span> 
     </span>
     <span class='ocr_line' id='line_1_26' title="bbox 153 1820 1595 1899; baseline -0.001 -30"><span class='ocrx_word' id='word_1_229' title='bbox 153 1828 445 1899; x_wconf 80' lang='grc' dir='ltr'><strong><em>κατηραμένον,</em></strong></span> <span class='ocrx_word' id='word_1_230' title='bbox 466 1828 598 1881; x_wconf 71' lang='grc' dir='ltr'>ἔφη,’</span> <span class='ocrx_word' id='word_1_231' title='bbox 576 1844 709 1883; x_wconf 85' lang='grc' dir='ltr'><strong><em>ρακος,</em></strong></span> <span class='ocrx_word' id='word_1_232' title='bbox 731 1825 824 1870; x_wconf 84' lang='grc' dir='ltr'><strong><em>ουδὲ</em></strong></span> <span class='ocrx_word' id='word_1_233' title='bbox 849 1823 947 1881; x_wconf 87' lang='grc' dir='ltr'><strong><em>πρὸς</em></strong></span> <span class='ocrx_word' id='word_1_234' title='bbox 972 1823 1085 1867; x_wconf 84' lang='grc' dir='ltr'><strong><em>τοῦτό</em></strong></span> <span class='ocrx_word' id='word_1_235' title='bbox 1090 1842 1170 1880; x_wconf 94' lang='grc' dir='ltr'><strong><em>μοι</em></strong></span> <span class='ocrx_word' id='word_1_236' title='bbox 1193 1825 1383 1894; x_wconf 86' lang='grc' dir='ltr'><strong><em>χρήσιμον</em></strong></span> <span class='ocrx_word' id='word_1_237' title='bbox 1403 1827 1492 1894; x_wconf 73' lang='grc' dir='ltr'>ἔσῃς</span> <span class='ocrx_word' id='word_1_238' title='bbox 1512 1820 1595 1866; x_wconf 66' lang='lat' dir='ltr'>Kc}-</span> 
     </span>
     <span class='ocr_line' id='line_1_27' title="bbox 154 1874 1597 1951; baseline -0.002 -25"><span class='ocrx_word' id='word_1_239' title='bbox 154 1890 260 1926; x_wconf 84' lang='grc' dir='ltr'><strong><em>κεῖνο</em></strong></span> <span class='ocrx_word' id='word_1_240' title='bbox 282 1884 355 1938; x_wconf 82' lang='grc' dir='ltr'><strong><em>μὲν</em></strong></span> <span class='ocrx_word' id='word_1_241' title='bbox 373 1880 569 1939; x_wconf 78' lang='grc' dir='ltr'><strong><em>ἆπέρριψε</em></strong></span> <span class='ocrx_word' id='word_1_242' title='bbox 589 1881 879 1940; x_wconf 81' lang='grc' dir='ltr'><strong><em>προςπτύσασα,</em></strong></span> <span class='ocrx_word' id='word_1_243' title='bbox 899 1887 954 1940; x_wconf 73' lang='grc' dir='ltr'>τῷ</span> <span class='ocrx_word' id='word_1_244' title='bbox 974 1882 1017 1924; x_wconf 78' lang='grc' dir='ltr'>δὲ</span> <span class='ocrx_word' id='word_1_245' title='bbox 1034 1874 1211 1951; x_wconf 82' lang='grc' dir='ltr'><strong><em>Βακχίδῃ</em></strong></span> <span class='ocrx_word' id='word_1_246' title='bbox 1230 1879 1304 1937; x_wconf 83' lang='grc' dir='ltr'><strong><em>τὴν</em></strong></span> <span class='ocrx_word' id='word_1_247' title='bbox 1318 1879 1478 1951; x_wconf 84' lang='grc' dir='ltr'><strong><em>σφαγὴν</em></strong></span> <span class='ocrx_word' id='word_1_248' title='bbox 1495 1897 1597 1935; x_wconf 43' lang='grc' dir='ltr'><strong><em>παρ*</em></strong></span> 
     </span>
     <span class='ocr_line' id='line_1_28' title="bbox 156 1934 1599 2007; baseline -0.002 -24"><span class='ocrx_word' id='word_1_249' title='bbox 156 1942 274 1996; x_wconf 87' lang='grc' dir='ltr'><strong><em>ε’σχεν.</em></strong></span> <span class='ocrx_word' id='word_1_250' title='bbox 300 1947 347 1982; x_wconf 80' lang='lat' dir='ltr'>cl.</span> <span class='ocrx_word' id='word_1_251' title='bbox 378 1947 544 1994; x_wconf 85' lang='lat' dir='ltr'>Appian.</span> <span class='ocrx_word' id='word_1_252' title='bbox 578 1946 621 1983; x_wconf 91' lang='grc' dir='ltr'>Β.</span> <span class='ocrx_word' id='word_1_253' title='bbox 641 1947 764 1982; x_wconf 89' lang='lat' dir='ltr'>Mithr.</span> <span class='ocrx_word' id='word_1_254' title='bbox 787 1958 819 1982; x_wconf 92' lang='lat' dir='ltr'>c.</span> <span class='ocrx_word' id='word_1_255' title='bbox 842 1950 902 1984; x_wconf 82' lang='grc'>21.</span> <span class='ocrx_word' id='word_1_256' title='bbox 952 1935 1150 1982; x_wconf 78' lang='grc' dir='ltr'><strong><em>Ἐπανιὼν</em></strong></span> <span class='ocrx_word' id='word_1_257' title='bbox 1170 1939 1213 1981; x_wconf 79' lang='grc' dir='ltr'>δὲ</span> <span class='ocrx_word' id='word_1_258' title='bbox 1231 1939 1275 1981; x_wconf 76' lang='grc' dir='ltr'>ἐκ</span> <span class='ocrx_word' id='word_1_259' title='bbox 1294 1943 1364 2007; x_wconf 85' lang='grc' dir='ltr'>τῆς</span> <span class='ocrx_word' id='word_1_260' title='bbox 1374 1934 1523 1988; x_wconf 84' lang='grc' dir='ltr'><strong><em>Ἰωνίας</em></strong></span> <span class='ocrx_word' id='word_1_261' title='bbox 1542 1961 1599 1968; x_wconf 89' lang='grc'>--·</span> 
     </span>
     <span class='ocr_line' id='line_1_29' title="bbox 154 1991 1599 2066; baseline -0.003 -26"><span class='ocrx_word' id='word_1_262' title='bbox 154 1999 418 2054; x_wconf 81' lang='grc' dir='ltr'><strong><em>παρθένον</em></strong></span> <span class='ocrx_word' id='word_1_263' title='bbox 447 2015 496 2040; x_wconf 88' lang='grc' dir='ltr'><strong><em>τε</em></strong></span> <span class='ocrx_word' id='word_1_264' title='bbox 525 1996 782 2066; x_wconf 70' lang='grc' dir='ltr'><strong><em>εὔμορφον</em></strong></span> <span class='ocrx_word' id='word_1_265' title='bbox 808 1994 945 2039; x_wconf 77' lang='grc' dir='ltr'><strong><em>ίδών’</em></strong></span> <span class='ocrx_word' id='word_1_266' title='bbox 926 2013 964 2046; x_wconf 86' lang='grc' dir='ltr'><strong><em>ες</em></strong></span> <span class='ocrx_word' id='word_1_267' title='bbox 983 1993 1053 2046; x_wconf 75' lang='grc' dir='ltr'>τὰς</span> <span class='ocrx_word' id='word_1_268' title='bbox 1072 2001 1266 2051; x_wconf 83' lang='grc' dir='ltr'><strong><em>γυναῖκας</em></strong></span> <span class='ocrx_word' id='word_1_269' title='bbox 1284 1991 1508 2046; x_wconf 71' lang='grc' dir='ltr'><strong><em>ἀνεδέξατο</em></strong></span> <span class='ocrx_word' id='word_1_270' title='bbox 1531 1994 1599 2036; x_wconf 82' lang='grc' dir='ltr'>καὶ</span> 
     </span>
     <span class='ocr_line' id='line_1_30' title="bbox 155 2044 1597 2114; baseline -0.003 -17"><span class='ocrx_word' id='word_1_271' title='bbox 155 2057 194 2096; x_wconf 80' lang='grc' dir='ltr'><strong><em>εἴ</em></strong></span> <span class='ocrx_word' id='word_1_272' title='bbox 208 2072 263 2114; x_wconf 79' lang='grc' dir='ltr'>τῳ</span> <span class='ocrx_word' id='word_1_273' title='bbox 283 2050 437 2108; x_wconf 84' lang='grc' dir='ltr'><strong><em>σπουδὴ</em></strong></span> <span class='ocrx_word' id='word_1_274' title='bbox 457 2055 525 2097; x_wconf 85' lang='grc' dir='ltr'>καὶ</span> <span class='ocrx_word' id='word_1_275' title='bbox 546 2051 590 2098; x_wconf 83' lang='grc' dir='ltr'>τὸ</span> <span class='ocrx_word' id='word_1_276' title='bbox 608 2052 734 2109; x_wconf 76' lang='grc' dir='ltr'><strong><em>ὄνομα</em></strong></span> <span class='ocrx_word' id='word_1_277' title='bbox 752 2055 972 2107; x_wconf 81' lang='grc' dir='ltr'><strong><em>πυθέσθαι,</em></strong></span> <span class='ocrx_word' id='word_1_278' title='bbox 999 2054 1207 2107; x_wconf 83' lang='grc' dir='ltr'><strong><em>Μονίμη</em></strong></span> <span class='ocrx_word' id='word_1_279' title='bbox 1231 2044 1559 2106; x_wconf 84' lang='grc' dir='ltr'><strong><em>Φιλοποιμένος</em></strong></span> <span class='ocrx_word' id='word_1_280' title='bbox 1532 2068 1597 2105; x_wconf 87' lang='grc' dir='ltr'>ην.</span> 
     </span>
    </p>
   </div>
   <div class='ocr_carea' id='block_1_4' title="bbox 158 2168 1599 2847">
    <p class='ocr_par' dir='ltr' id='par_1_4' title="bbox 158 2168 1599 2847">
     <span class='ocr_line' id='line_1_31' title="bbox 271 2168 1596 2221; baseline -0.004 -11"><span class='ocrx_word' id='word_1_281' title='bbox 271 2174 331 2210; x_wconf 90' lang='lat' dir='ltr'>Fr.</span> <span class='ocrx_word' id='word_1_282' title='bbox 351 2178 385 2211; x_wconf 84' lang='lat'>5.</span> <span class='ocrx_word' id='word_1_283' title='bbox 409 2174 538 2218; x_wconf 85' lang='lat' dir='ltr'>[Deest</span> <span class='ocrx_word' id='word_1_284' title='bbox 558 2174 659 2221; x_wconf 88' lang='lat' dir='ltr'>apud</span> <span class='ocrx_word' id='word_1_285' title='bbox 683 2172 780 2210; x_wconf 88' lang='lat' dir='ltr'>Cort.</span> <span class='ocrx_word' id='word_1_286' title='bbox 803 2172 853 2209; x_wconf 86' lang='lat' dir='ltr'>ed</span> <span class='ocrx_word' id='word_1_287' title='bbox 866 2173 975 2209; x_wconf 73' lang='lat' dir='ltr'>Debr.</span> <span class='ocrx_word' id='word_1_288' title='bbox 996 2191 1052 2197; x_wconf 90' lang='lat'>—</span> <span class='ocrx_word' id='word_1_289' title='bbox 1074 2171 1170 2207; x_wconf 89' lang='lat' dir='ltr'>Gerl.</span> <span class='ocrx_word' id='word_1_290' title='bbox 1193 2170 1254 2206; x_wconf 88' lang='lat' dir='ltr'>ed.</span> <span class='ocrx_word' id='word_1_291' title='bbox 1275 2171 1362 2207; x_wconf 89' lang='lat' dir='ltr'>mai.</span> <span class='ocrx_word' id='word_1_292' title='bbox 1382 2170 1446 2215; x_wconf 92' lang='lat' dir='ltr'>IV,</span> <span class='ocrx_word' id='word_1_293' title='bbox 1456 2172 1515 2207; x_wconf 83' lang='lat'>41.</span> <span class='ocrx_word' id='word_1_294' title='bbox 1535 2168 1596 2205; x_wconf 85' lang='lat' dir='ltr'>ed.</span> 
     </span>
     <span class='ocr_line' id='line_1_32' title="bbox 159 2226 1599 2278; baseline -0.003 -12"><span class='ocrx_word' id='word_1_295' title='bbox 159 2230 248 2266; x_wconf 91' lang='lat' dir='ltr'>min.</span> <span class='ocrx_word' id='word_1_296' title='bbox 273 2230 337 2274; x_wconf 83' lang='lat' dir='ltr'>IV,</span> <span class='ocrx_word' id='word_1_297' title='bbox 359 2233 417 2268; x_wconf 83' lang='lat'>44.</span> <span class='ocrx_word' id='word_1_298' title='bbox 439 2243 475 2277; x_wconf 89' lang='lat' dir='ltr'>p.</span> <span class='ocrx_word' id='word_1_299' title='bbox 501 2235 582 2275; x_wconf 84' lang='grc'><strong>228,</strong></span> <span class='ocrx_word' id='word_1_300' title='bbox 605 2228 678 2278; x_wconf 85' lang='grc'><strong><em>18.]</em></strong></span> <span class='ocrx_word' id='word_1_301' title='bbox 720 2231 841 2267; x_wconf 91' lang='lat' dir='ltr'>Locus</span> <span class='ocrx_word' id='word_1_302' title='bbox 861 2233 982 2266; x_wconf 84' lang='lat' dir='ltr'>exstat</span> <span class='ocrx_word' id='word_1_303' title='bbox 1003 2227 1104 2275; x_wconf 90' lang='lat' dir='ltr'>apud</span> <span class='ocrx_word' id='word_1_304' title='bbox 1125 2227 1290 2274; x_wconf 87' lang='lat' dir='ltr'>Pompei.</span> <span class='ocrx_word' id='word_1_305' title='bbox 1335 2226 1539 2263; x_wconf 85' lang='lat' dir='ltr'>Comment.</span> <span class='ocrx_word' id='word_1_306' title='bbox 1560 2226 1599 2264; x_wconf 88' lang='lat' dir='ltr'>in</span> 
     </span>
     <span class='ocr_line' id='line_1_33' title="bbox 158 2284 1598 2333; baseline -0.003 -10"><span class='ocrx_word' id='word_1_307' title='bbox 158 2288 239 2323; x_wconf 87' lang='lat' dir='ltr'>Art.</span> <span class='ocrx_word' id='word_1_308' title='bbox 263 2287 356 2322; x_wconf 89' lang='lat' dir='ltr'>Don.</span> <span class='ocrx_word' id='word_1_309' title='bbox 376 2298 414 2333; x_wconf 92' lang='lat' dir='ltr'>p.</span> <span class='ocrx_word' id='word_1_310' title='bbox 437 2291 518 2325; x_wconf 85' lang='grc'><strong><em>190.</em></strong></span> <span class='ocrx_word' id='word_1_311' title='bbox 536 2287 601 2323; x_wconf 88' lang='lat' dir='ltr'>ed.</span> <span class='ocrx_word' id='word_1_312' title='bbox 624 2286 793 2323; x_wconf 89' lang='lat' dir='ltr'>Lindem.</span> <span class='ocrx_word' id='word_1_313' title='bbox 835 2287 1068 2332; x_wconf 82' lang='lat' dir='ltr'>Quamquam</span> <span class='ocrx_word' id='word_1_314' title='bbox 1087 2285 1145 2321; x_wconf 87' lang='lat' dir='ltr'>Fr.</span> <span class='ocrx_word' id='word_1_315' title='bbox 1169 2285 1228 2330; x_wconf 90' lang='lat' dir='ltr'>Ill,</span> <span class='ocrx_word' id='word_1_316' title='bbox 1249 2286 1308 2322; x_wconf 78' lang='grc'>42.</span> <span class='ocrx_word' id='word_1_317' title='bbox 1333 2284 1504 2328; x_wconf 74' lang='lat' dir='ltr'>castella,</span> <span class='ocrx_word' id='word_1_318' title='bbox 1532 2293 1598 2319; x_wconf 78' lang='lat' dir='ltr'>cu-</span> 
     </span>
     <span class='ocr_line' id='line_1_34' title="bbox 158 2339 1597 2387; baseline -0.003 -7"><span class='ocrx_word' id='word_1_319' title='bbox 158 2344 296 2381; x_wconf 76' lang='lat' dir='ltr'>stadiae</span> <span class='ocrx_word' id='word_1_320' title='bbox 323 2343 580 2380; x_wconf 77' lang='lat' dir='ltr'>thesaurorum</span> <span class='ocrx_word' id='word_1_321' title='bbox 610 2347 881 2387; x_wconf 79' lang='lat' dir='ltr'>memorantur,</span> <span class='ocrx_word' id='word_1_322' title='bbox 916 2346 1039 2378; x_wconf 81' lang='lat' dir='ltr'>tame-n</span> <span class='ocrx_word' id='word_1_323' title='bbox 1068 2342 1185 2377; x_wconf 90' lang='lat' dir='ltr'>nostri</span> <span class='ocrx_word' id='word_1_324' title='bbox 1214 2341 1287 2377; x_wconf 90' lang='lat' dir='ltr'>loci</span> <span class='ocrx_word' id='word_1_325' title='bbox 1314 2340 1387 2377; x_wconf 88' lang='lat' dir='ltr'>alia</span> <span class='ocrx_word' id='word_1_326' title='bbox 1411 2343 1468 2376; x_wconf 83' lang='lat' dir='ltr'>est</span> <span class='ocrx_word' id='word_1_327' title='bbox 1492 2339 1597 2375; x_wconf 78' lang='lat' dir='ltr'>ratio.</span> 
     </span>
     <span class='ocr_line' id='line_1_35' title="bbox 160 2397 1599 2448; baseline -0.004 -11"><span class='ocrx_word' id='word_1_328' title='bbox 160 2400 351 2438; x_wconf 82' lang='lat' dir='ltr'>Custodiae</span> <span class='ocrx_word' id='word_1_329' title='bbox 369 2401 494 2448; x_wconf 67' lang='lat' dir='ltr'>regiae</span> <span class='ocrx_word' id='word_1_330' title='bbox 513 2402 612 2436; x_wconf 86' lang='lat' dir='ltr'>enim</span> <span class='ocrx_word' id='word_1_331' title='bbox 639 2399 700 2435; x_wconf 90' lang='lat' dir='ltr'>hic</span> <span class='ocrx_word' id='word_1_332' title='bbox 724 2400 814 2435; x_wconf 83' lang='lat' dir='ltr'>nihil</span> <span class='ocrx_word' id='word_1_333' title='bbox 833 2399 1020 2447; x_wconf 89' lang='lat' dir='ltr'>pertinent</span> <span class='ocrx_word' id='word_1_334' title='bbox 1038 2398 1087 2434; x_wconf 88' lang='lat' dir='ltr'>ad</span> <span class='ocrx_word' id='word_1_335' title='bbox 1110 2397 1320 2443; x_wconf 84' lang='lat' dir='ltr'>thesauros,</span> <span class='ocrx_word' id='word_1_336' title='bbox 1339 2397 1408 2433; x_wconf 88' lang='lat' dir='ltr'>sed</span> <span class='ocrx_word' id='word_1_337' title='bbox 1427 2404 1599 2432; x_wconf 76' lang='lat' dir='ltr'>carceres</span> 
     </span>
     <span class='ocr_line' id='line_1_36' title="bbox 161 2451 1598 2504; baseline -0.003 -12"><span class='ocrx_word' id='word_1_338' title='bbox 161 2457 380 2504; x_wconf 83' lang='lat' dir='ltr'>designant,</span> <span class='ocrx_word' id='word_1_339' title='bbox 416 2457 549 2504; x_wconf 87' lang='lat' dir='ltr'>quibus</span> <span class='ocrx_word' id='word_1_340' title='bbox 580 2455 813 2492; x_wconf 87' lang='lat' dir='ltr'>Mithridates</span> <span class='ocrx_word' id='word_1_341' title='bbox 849 2457 984 2492; x_wconf 89' lang='lat' dir='ltr'>multos</span> <span class='ocrx_word' id='word_1_342' title='bbox 1016 2466 1063 2490; x_wconf 87' lang='lat' dir='ltr'>ex</span> <span class='ocrx_word' id='word_1_343' title='bbox 1091 2455 1312 2501; x_wconf 89' lang='lat' dir='ltr'>propinquis</span> <span class='ocrx_word' id='word_1_344' title='bbox 1336 2454 1504 2500; x_wconf 88' lang='lat' dir='ltr'>aliosque</span> <span class='ocrx_word' id='word_1_345' title='bbox 1524 2451 1598 2498; x_wconf 88' lang='lat' dir='ltr'>ipsi</span> 
     </span>
     <span class='ocr_line' id='line_1_37' title="bbox 162 2508 1597 2560; baseline -0.004 -10"><span class='ocrx_word' id='word_1_346' title='bbox 162 2519 359 2560; x_wconf 76' lang='lat' dir='ltr'>suspectos</span> <span class='ocrx_word' id='word_1_347' title='bbox 387 2514 551 2550; x_wconf 86' lang='lat' dir='ltr'>inclusos</span> <span class='ocrx_word' id='word_1_348' title='bbox 573 2514 695 2549; x_wconf 88' lang='lat' dir='ltr'>teneb</span> <span class='ocrx_word' id='word_1_349' title='bbox 698 2516 734 2548; x_wconf 68' lang='lat' dir='ltr'>it.</span> <span class='ocrx_word' id='word_1_350' title='bbox 794 2513 840 2547; x_wconf 84' lang='lat' dir='ltr'>lis</span> <span class='ocrx_word' id='word_1_351' title='bbox 864 2514 1002 2559; x_wconf 85' lang='lat' dir='ltr'>potitus</span> <span class='ocrx_word' id='word_1_352' title='bbox 1024 2515 1081 2548; x_wconf 87' lang='lat' dir='ltr'>cst</span> <span class='ocrx_word' id='word_1_353' title='bbox 1099 2512 1274 2547; x_wconf 90' lang='lat' dir='ltr'>Lucullus</span> <span class='ocrx_word' id='word_1_354' title='bbox 1295 2514 1381 2557; x_wconf 89' lang='lat' dir='ltr'>post</span> <span class='ocrx_word' id='word_1_355' title='bbox 1403 2508 1597 2546; x_wconf 80' lang='lat' dir='ltr'>victoriam</span> 
     </span>
     <span class='ocr_line' id='line_1_38' title="bbox 161 2555 1599 2617; baseline -0.006 -10"><span class='ocrx_word' id='word_1_356' title='bbox 161 2570 210 2606; x_wconf 87' lang='lat' dir='ltr'>ad</span> <span class='ocrx_word' id='word_1_357' title='bbox 231 2570 366 2607; x_wconf 85' lang='lat' dir='ltr'>Cabira</span> <span class='ocrx_word' id='word_1_358' title='bbox 393 2574 617 2617; x_wconf 82' lang='lat' dir='ltr'>reportatam</span> <span class='ocrx_word' id='word_1_359' title='bbox 647 2573 737 2604; x_wconf 76' lang='lat' dir='ltr'>teste</span> <span class='ocrx_word' id='word_1_360' title='bbox 761 2570 850 2604; x_wconf 90' lang='lat' dir='ltr'>Plul</span> <span class='ocrx_word' id='word_1_361' title='bbox 843 2569 956 2604; x_wconf 79' lang='lat' dir='ltr'>ucho</span> <span class='ocrx_word' id='word_1_362' title='bbox 989 2569 1024 2603; x_wconf 91' lang='lat' dir='ltr'>in</span> <span class='ocrx_word' id='word_1_363' title='bbox 1048 2569 1188 2604; x_wconf 85' lang='lat' dir='ltr'>Lucull.</span> <span class='ocrx_word' id='word_1_364' title='bbox 1214 2580 1247 2604; x_wconf 87' lang='lat' dir='ltr'>c.</span> <span class='ocrx_word' id='word_1_365' title='bbox 1280 2570 1336 2611; x_wconf 89' lang='grc'>18,</span> <span class='ocrx_word' id='word_1_366' title='bbox 1359 2568 1409 2603; x_wconf 91' lang='lat' dir='ltr'>in.</span> <span class='ocrx_word' id='word_1_367' title='bbox 1473 2555 1529 2601; x_wconf 91' lang='grc' dir='ltr'>Τα</span> <span class='ocrx_word' id='word_1_368' title='bbox 1556 2558 1599 2599; x_wconf 78' lang='grc' dir='ltr'>δὲ</span> 
     </span>
     <span class='ocr_line' id='line_1_39' title="bbox 159 2613 1599 2692; baseline -0.006 -28"><span class='ocrx_word' id='word_1_369' title='bbox 159 2618 336 2690; x_wconf 75' lang='grc' dir='ltr'><strong><em>Κάβειρα</em></strong></span> <span class='ocrx_word' id='word_1_370' title='bbox 358 2626 491 2692; x_wconf 88' lang='grc' dir='ltr'><strong><em>λαβων</em></strong></span> <span class='ocrx_word' id='word_1_371' title='bbox 509 2622 577 2663; x_wconf 84' lang='grc' dir='ltr'>καὶ</span> <span class='ocrx_word' id='word_1_372' title='bbox 598 2624 677 2662; x_wconf 81' lang='grc' dir='ltr'><strong><em>τῶν</em></strong></span> <span class='ocrx_word' id='word_1_373' title='bbox 696 2618 826 2662; x_wconf 73' lang='grc' dir='ltr'><strong><em>ἄλλων</em></strong></span> <span class='ocrx_word' id='word_1_374' title='bbox 842 2622 1044 2674; x_wconf 86' lang='grc' dir='ltr'><strong><em>φρουρίων</em></strong></span> <span class='ocrx_word' id='word_1_375' title='bbox 1063 2636 1111 2660; x_wconf 91' lang='grc' dir='ltr'>τα</span> <span class='ocrx_word' id='word_1_376' title='bbox 1129 2624 1290 2660; x_wconf 82' lang='grc' dir='ltr'><strong><em>πλεῖστα</em></strong></span> <span class='ocrx_word' id='word_1_377' title='bbox 1309 2613 1599 2685; x_wconf 76' lang='grc' dir='ltr'><strong><em>θησαυρούς</em></strong></span> 
     </span>
     <span class='ocr_line' id='line_1_40' title="bbox 161 2670 1598 2734; baseline -0.006 -14"><span class='ocrx_word' id='word_1_378' title='bbox 161 2695 201 2720; x_wconf 85' lang='grc' dir='ltr'><strong><em>τε</em></strong></span> <span class='ocrx_word' id='word_1_379' title='bbox 220 2677 412 2734; x_wconf 80' lang='grc' dir='ltr'><strong><em>μεγάλους</em></strong></span> <span class='ocrx_word' id='word_1_380' title='bbox 436 2695 535 2733; x_wconf 83' lang='grc' dir='ltr'><strong><em>ευρε,</em></strong></span> <span class='ocrx_word' id='word_1_381' title='bbox 559 2695 627 2720; x_wconf 87' lang='grc' dir='ltr'>και</span> <span class='ocrx_word' id='word_1_382' title='bbox 648 2675 870 2731; x_wconf 79' lang='grc' dir='ltr'><strong><em>δεσμωτή</em></strong></span> <span class='ocrx_word' id='word_1_383' title='bbox 883 2694 982 2731; x_wconf 88' lang='grc' dir='ltr'>ρια,</span> <span class='ocrx_word' id='word_1_384' title='bbox 1003 2680 1159 2718; x_wconf 82' lang='grc' dir='ltr'><strong><em>πολλῶν</em></strong></span> <span class='ocrx_word' id='word_1_385' title='bbox 1179 2675 1250 2729; x_wconf 85' lang='grc' dir='ltr'><strong><em>μὲν</em></strong></span> <span class='ocrx_word' id='word_1_386' title='bbox 1264 2670 1482 2727; x_wconf 80' lang='grc' dir='ltr'><strong><em>Ἑλλήνων,</em></strong></span> <span class='ocrx_word' id='word_1_387' title='bbox 1502 2676 1598 2713; x_wconf 87' lang='grc' dir='ltr'><strong><em>πολ-</em></strong></span> 
     </span>
     <span class='ocr_line' id='line_1_41' title="bbox 161 2733 1599 2803; baseline -0.006 -27"><span class='ocrx_word' id='word_1_388' title='bbox 161 2740 242 2778; x_wconf 74' lang='grc' dir='ltr'>λῶν</span> <span class='ocrx_word' id='word_1_389' title='bbox 261 2736 304 2777; x_wconf 83' lang='grc' dir='ltr'>δὲ</span> <span class='ocrx_word' id='word_1_390' title='bbox 326 2740 528 2791; x_wconf 78' lang='grc' dir='ltr'><strong><em>συγγενῶν</em></strong></span> <span class='ocrx_word' id='word_1_391' title='bbox 552 2739 622 2777; x_wconf 79' lang='grc' dir='ltr'><strong><em>τοῦ</em></strong></span> <span class='ocrx_word' id='word_1_392' title='bbox 649 2734 837 2803; x_wconf 86' lang='grc' dir='ltr'><strong><em>βασιλέως</em></strong></span> <span class='ocrx_word' id='word_1_393' title='bbox 858 2733 1170 2787; x_wconf 82' lang='grc' dir='ltr'><strong><em>καθειργμένων.</em></strong></span> <span class='ocrx_word' id='word_1_394' title='bbox 1200 2738 1248 2772; x_wconf 76' lang='lat' dir='ltr'>ct‘.</span> <span class='ocrx_word' id='word_1_395' title='bbox 1278 2735 1440 2782; x_wconf 89' lang='lat' dir='ltr'>Appian.</span> <span class='ocrx_word' id='word_1_396' title='bbox 1466 2734 1508 2769; x_wconf 93' lang='grc' dir='ltr'><strong><em>Β.</em></strong></span> <span class='ocrx_word' id='word_1_397' title='bbox 1532 2733 1599 2769; x_wconf 90' lang='lat' dir='ltr'>Mi-</span> 
     </span>
     <span class='ocr_line' id='line_1_42' title="bbox 162 2787 1598 2847; baseline -0.007 -12"><span class='ocrx_word' id='word_1_398' title='bbox 162 2798 272 2835; x_wconf 86' lang='lat' dir='ltr'>thrid.</span> <span class='ocrx_word' id='word_1_399' title='bbox 297 2810 331 2835; x_wconf 86' lang='lat' dir='ltr'>c.</span> <span class='ocrx_word' id='word_1_400' title='bbox 351 2801 410 2837; x_wconf 83' lang='lat'>82.</span> <span class='ocrx_word' id='word_1_401' title='bbox 457 2797 588 2834; x_wconf 83' lang='grc' dir='ltr'><strong><em>Ταῦτα</em></strong></span> <span class='ocrx_word' id='word_1_402' title='bbox 615 2789 655 2833; x_wconf 86' lang='grc' dir='ltr'>δ’</span> <span class='ocrx_word' id='word_1_403' title='bbox 682 2787 847 2847; x_wconf 79' lang='grc' dir='ltr'><strong><em>ὁρῶντες</em></strong></span> <span class='ocrx_word' id='word_1_404' title='bbox 876 2797 950 2841; x_wconf 86' lang='lat' dir='ltr'>(se.</span> <span class='ocrx_word' id='word_1_405' title='bbox 977 2795 1250 2831; x_wconf 81' lang='lat' dir='ltr'>interfectiones</span> <span class='ocrx_word' id='word_1_406' title='bbox 1281 2802 1437 2828; x_wconf 86' lang='lat' dir='ltr'>uxorum</span> <span class='ocrx_word' id='word_1_407' title='bbox 1458 2796 1493 2826; x_wconf 89' lang='lat' dir='ltr'>et</span> <span class='ocrx_word' id='word_1_408' title='bbox 1513 2801 1598 2825; x_wconf 91' lang='lat' dir='ltr'>con·</span> 
     </span>
    </p>
   </div>
  </div>
 </body>
</html>
