1774 3002
466 158 797 198 HISTORIARUM
826 157 1137 195 FRAGMENTA.
1198 158 1283 194 LlB.
1314 159 1338 193 1.
1567 152 1624 195 49

123 294 165 329 15
178 283 308 332 civili.
355 283 493 330 Estne
511 282 629 330 virisv
644 282 793 329 relicui
814 281 933 328 aliud
952 297 1083 343 quam
1108 281 1287 328 solvere
1308 279 1521 336 iniuriam,
1546 282 1622 325 aut

179 367 290 414 mori
314 381 394 427 per
414 366 652 413 virtutem?
680 365 884 427 quoniam
911 366 1086 427 quidem
1111 379 1248 410 unum
1267 364 1469 410 omnibus
1489 363 1621 409 finem

179 453 336 498 natura
359 449 434 496 vel
456 451 574 497 l'erro
595 450 733 510 septis
752 449 923 505 statuit,
955 463 1098 509 neque
1124 447 1355 509 quisquam
1380 449 1620 497 extremam

179 533 484 583 necessitatem
513 533 619 581 nihil
647 547 784 579 ausus
817 531 901 578 nisi
932 531 1131 578 muliebri
1161 530 1340 592 ingenio
1378 531 1619 590 exspectat.

122 625 167 661 16
179 617 456 678 Verumego
476 616 727 671 seditiosus,
756 614 818 660 uti
837 614 1056 670 Sullavait,
1084 614 1157 676 qui
1180 613 1374 674 praemia
1396 613 1622 659 turbarum

122 714 165 750 17
181 715 362 763 queror,
395 702 438 746 et
462 699 622 746 bellum
641 697 837 758 cupiens,
867 696 940 759 qui
958 696 1053 743 iura
1079 697 1199 757 pacis
1220 700 1385 757 repeto,
1433 695 1622 751 Scilicet,

178 838 271 875 Hist.
298 838 463 883 auru.
508 826 776 873 Ad-todzoev
807 831 1085 885 τυραννίδα
1122 825 1207 884 τὴν.
1227 831 1444 872 Διονυσίου
1473 828 1621 870 κατέ-

178 895 234 932 λυ
244 902 307 931 σε.
334 913 391 920 ——·
427 893 529 930 Mori
547 902 623 940 per
642 893 807 928 virtum
834 893 871 927 in
892 891 1028 928 eadem
1047 892 1231 927 sententia
1250 891 1343 927 dixit
1364 895 1494 927 auctor
1513 888 1620 926 Catil.

178 963 213 987 e.
232 950 315 999 XX,
336 954 371 990 9.
398 972 457 980 —-
494 949 671 994 Qtwm'aezm
699 949 971 995 explicavimus
995 947 1045 983 ad
1065 947 1147 995 lug.
1167 948 1227 995 111,
1248 952 1282 986 1.
1302 959 1339 995 p
1361 951 1418 986 14.
1455 947 1502 983 cf.
1526 946 1620 982 Doe-

180 1007 311 1044 derlin.
333 1006 541 1055 Synonym.
569 1005 654 1041 Vol.
674 1004 703 1040 1.
723 1005 842 1051 praef.
866 1016 904 1051 p.
925 1003 1061 1040 XXIV.
1093 1023 1152 1029 —
1188 1002 1253 1041 Ad
1279 1005 1398 1040 verba
1429 1003 1487 1039 vel
1512 1002 1621 1050 ferro

176 1063 431 1110 sepcsnouza
449 1061 681 1108 comparavit
699 1061 867 1108 Propert.
885 1060 946 1108 111,
964 1063 1021 1104 16,
1036 1063 1094 1098 25.
1123 1059 1205 1105 (Ν,
1220 1061 1278 1106 17,
1294 1064 1352 1099 25.
1370 1059 1433 1096 ed.
1450 1058 1622 1102 Lachm.)

173 1118 249 1156 ch
265 1119 349 1156 licet
372 1119 515 1167 ferro
533 1121 662 1154 cautus
680 1126 729 1153 se
748 1117 919 1154 condat
937 1121 980 1153 et
1009 1125 1139 1162 aere,
1168 1115 1276 1153 Mors
1297 1122 1418 1153 tamen
1442 1116 1623 1152 memsam

172 1175 363 1223 mma
393 1175 479 1211 inde
506 1177 715 1222 caput.—
741 1173 925 1210 Extrema
952 1174 1150 1209 necessitas
1171 1184 1245 1210 non
1270 1178 1327 1210 est
1350 1172 1534 1210 monendi
1558 1180 1622 1207 ne—

177 1233 343 1280 cessim,
381 1242 517 1279 quam
547 1234 726 1278 natura
760 1231 865 1278 ipsa
899 1229 1078 1277 affert,
1123 1229 1193 1266 sed
1222 1241 1318 1277 quae
1347 1234 1432 1266 ante
1458 1229 1572 1264 finem
1602 1238 1624 1263 a

180 1292 311 1324 natura
335 1288 574 1324 constitutum
593 1296 670 1334 per
688 1288 757 1322 m'm
776 1287 997 1334 imponitur,-
1026 1286 1072 1322 cl'.
1095 1286 1212 1323 Tacit.
1233 1287 1384 1323 Annali.
1405 1285 1488 1330 XV,
1506 1288 1567 1329 61,
1587 1285 1623 1320 4.

178 1344 380 1381 Ina-omisit
406 1343 653 1380 adSenecam
671 1354 783 1379 unum
804 1353 855 1380 ex
884 1342 1171 1386 centurionibus,
1202 1344 1267 1389 qui
1295 1343 1623 1379 necessitatem

178 1401 385 1438 unimam
409 1400 661 1437 deumne-naret.
702 1399 751 1435 id.
771 1400 864 1436 Hist.
892 1399 920 1443 Ι,
941 1401 978 1445 3,
998 1403 1034 1437 1.
1064 1398 1333 1446 Supremae
1358 1400 1549 1435 clarorum
1574 1398 1624 1433 vi-

155 1452 307 1493 “rorum
325 1458 658 1494 necessitates.
699 1456 746 1491 ib.
769 1456 797 1500 1,
819 1457 876 1500 72,
888 1458 931 1493 3.
966 1454 1173 1502 Tnyellems,
1202 1460 1352 1503 accepto
1371 1463 1625 1502 supremae

178 1514 489 1550 necessitatis
515 1513 660 1556 nuncio,
677 1513 794 1548 secuit
812 1512 957 1559 fauces.

295 1572 331 1612 5.
352 1572 410 1608 16.
437 1570 501 1616 qui
511 1569 683 1616 praemia
702 1587 760 1593 —
781 1577 924 1616 quero
934 1563 991 1616 r).
1048 1567 1102 1603 lta
1122 1572 1244 1604 exstat
1273 1568 1311 1603 in
1338 1568 1485 1603 Vaticc.
1507 1567 1625 1602 omni-

181 1627 264 1662 bus.
284 1640 286 1642 ’
322 1625 364 1661 In
383 1625 478 1661 Ball.
498 1629 555 1661 est
572 1635 730 1672 quaero,
750 1624 852 1671 quod
871 1621 1084 1661 Gronovius
1102 1624 1217 1660 etiam
1234 1635 1284 1660 ex
1305 1617 1522 1661 coniectura
1537 1634 1624 1670 pro-

181 1681 327 1729 posuit,;
350 1681 420 1718 sed
439 1682 511 1717 ista
531 1681 733 1728 scriptura,
763 1691 874 1728 quam
902 1680 1048 1718 Cottius
1068 1681 1429 1726 nonmalamvdicit,
1469 1681 1626 1716 multum

181 1749 206 1774 a
225 1749 316 1775 vero
335 1737 523 1787 abhorret.
581 1738 763 1774 Nimirum
788 1739 905 1784 verba
926 1748 974 1774 ex
993 1738 1152 1774 relativo
1172 1742 1259 1784 apta
1278 1748 1353 1773 non
1375 1736 1624 1780 suntSuuae,

181 1805 378 1842 caussam,
409 1805 475 1831 cur
495 1794 676 1842 Lepidum
695 1793 917 1831 seditiosum
948 1794 1102 1838 habeat,
1130 1793 1356 1842 afferentis,
1390 1793 1460 1830 sed
1494 1793 1625 1840 Lepidi

182 1851 327 1898 ipsius,
345 1850 437 1887 illud
459 1851 598 1887 crimen
619 1852 716 1887 sacto
736 1850 1018 1898 redarguentis;
1040 1861 1175 1887 sensus
1192 1855 1250 1887 est
1264 1851 1382 1886 enim:
1406 1850 1626 1886 seditiosum

183 1918 244 1942 me
270 1911 380 1943 vocat
402 1906 525 1952 Sulla,
555 1909 752 1955 quipotius
778 1907 825 1943 de
846 1907 963 1943 turbis
984 1909 1031 1943 ab
1051 1918 1096 1942 eo
1113 1907 1283 1943 excitatis
1303 1916 1462 1953 queram
1489 1906 1626 1942 bellum

184 1974 244 1998 me
262 1974 399 2010 cupere
422 1960 632 2008 insimulat,
662 1965 859 2010 quipotius
876 1963 916 2000 id
929 1963 1094 2010 postulo,
1119 1966 1159 1999 ut
1177 1964 1264 1999 iura
1277 1963 1407 2009 pacis,
1429 1962 1537 1998 nobis
1558 1971 1627 2008 per

186 2019 287 2054 illum
312 2023 460 2065 erepta,
490 2020 741 2056 restituantur.
800 2019 904 2055 Hanc
932 2019 1218 2065 explicationem
1244 2029 1373 2054 veram
1403 2029 1518 2062 esse,
1552 2021 1628 2053 tum

186 2075 270 2121 ipsa
288 2074 470 2110 sententia
485 2073 669 2119 declarat,
692 2079 767 2110 tum
786 2085 835 2110 ex
855 2085 900 2110 eo
918 2075 1153 2122 perspicitur,
1171 2074 1292 2121 quod,
1317 2075 1350 2111 si
1360 2074 1490 2112 Sullae
1508 2074 1626 2111 verba

187 2133 337 2178 essent,
360 2126 619 2167 coniunctivus
639 2133 878 2167 necessarius
901 2132 1013 2176 soret3
1044 2131 1092 2167 ef.
1112 2130 1295 2178 Kruegeri
1323 2131 1484 2169 Gramm.
1506 2131 1570 2167 lat.
1589 2132 1626 2172 5.

186 2189 268 2225 609.
282 2197 322 2232 p.
341 2189 425 2225 825.
481 2186 618 2234 Bremi.
642 2186 692 2223 ad
712 2187 807 2235 Nep.
824 2187 914 2225 Milt.
935 2198 970 2223 c.
990 2189 1025 2231 7,
1048 2190 1085 2225 5.
1135 2187 1193 2223 Ex
1212 2186 1350 2223 eadem
1368 2197 1506 2224 caussa
1525 2190 1628 2234 patet

186 2253 262 2278 non
281 2243 368 2278 ferri
397 2254 511 2290 posse
530 2245 640 2290 quia
660 2245 763 2289 iura,
791 2248 830 2280 ut
849 2242 995 2280 Cottius
1015 2243 1104 2279 edd.
1128 2244 1268 2290 antiqq.
1289 2248 1440 2280 secutus
1464 2243 1626 2291 scripsit,

188 2300 247 2336 cui
267 2295 416 2335 lectioni
436 2299 544 2336 etiam
570 2299 683 2336 codd.
702 2301 914 2344 auctoribus
934 2302 1057 2337 obstat
1081 2304 1119 2336 et
1138 2297 1356 2337 necessaria
1378 2301 1628 2336 membrorum

188 2355 408 2402 aequalitas.
455 2354 626 2392 Ceterum
652 2357 759 2403 queri
775 2357 914 2404 aliquid
930 2357 1064 2393 eodem
1084 2356 1198 2393 modo
1223 2356 1362 2393 dictum
1381 2361 1461 2401 est,
1485 2360 1525 2392 ut
1554 2357 1628 2392 lae-

188 2413 264 2448 tari
290 2410 447 2458 aliquid,
485 2410 533 2447 de
567 2422 642 2458 qua
674 2417 858 2450 structura
890 2424 928 2449 v.
957 2412 1008 2450 ad
1037 2412 1141 2449 Catil.
1177 2425 1210 2449 c.
1230 2411 1294 2457 LI,
1321 2415 1382 2451 29.
1401 2424 1439 2460 p.
1459 2415 1542 2451 254.
1572 2431 1629 2438 -

187 2467 368 2504 Bellum
387 2469 538 2515 cupiens
559 2478 625 2504 cur
646 2468 847 2505 dicendum
867 2469 995 2514 fuerit,
1025 2480 1102 2505 non
1123 2469 1238 2505 belli
1261 2470 1435 2517 cupiens,
1466 2469 1630 2516 explica-

187 2528 264 2560 tum
289 2523 339 2559 ad
361 2522 440 2559 Cat.
471 2535 505 2560 c.
525 2523 574 2568 V,
592 2527 629 2587 3
661 2525 710 2560 cs.
728 2525 890 2562 Gramm.
910 2527 974 2562 lat:
998 2529 1116 2562 nostr.
1136 2528 1170 2569 5.
1184 2525 1342 2571 128,ΠΙ.
1356 2530 1394 2564 2.
1413 2527 1451 2563 b.
1469 2524 1535 2562 dd.
1551 2528 1629 2561 not.

302 2638 339 2679 5.
363 2637 421 2674 17.
480 2634 642 2679 Scilicet,
661 2611 746 2684 qaia
769 2640 878 2686 etc.)
918 2638 984 2675 His
1004 2638 1130 2675 verbis
1154 2637 1345 2685 Lepidus
1336 2639 1477 2674 ironice
1499 2648 1629 2674 veram

183 2702 366 2728 ,caussam
386 2691 572 2736 declarat,
601 2700 668 2728 cur
689 2703 712 2729 a
731 2692 835 2732 Sulla
854 2694 1056 2731 seditiosus
1075 2698 1113 2730 et
1130 2694 1268 2731 bellum
1287 2694 1444 2742 cupiens
1464 2694 1628 2737 dicatur;

193 2749 394 2784 eam-enim
415 2758 500 2784 esse
522 2747 648 2785 Sullae
683 2753 858 2795 mentem,
894 2756 932 2787 ut
953 2762 1082 2787 omnes
1116 2750 1205 2786 velit
1229 2751 1478 2787 miserrimum
1505 2760 1630 2787 rerum

252 2814 417 2840 surus-n
445 2814 580 2839 mmm.
1328 2803 1357 2843 4
