1774 3002
99 181 185 224 310
577 187 617 224 (ἶ.
648 187 877 225 SALLUSTI
909 189 1059 227 CRISPI

241 314 306 357 16.
364 311 446 368 Qui
481 313 904 373 praegrediebantur
939 315 1109 376 equites
1148 314 1414 376 cataphracti
1450 316 1545 362 fer-

103 409 178 441 rea
213 409 330 441 omni
366 409 527 455 specle.

216 532 275 567 Fr·
298 535 356 570 16.
379 532 551 580 [Cort..p.
573 536 656 572 990.
678 534 776 570 Gerl.
800 533 860 570 ed.
892 534 979 570 mai.
1010 535 1081 579 IV,
1110 536 1169 573 22.
1199 533 1258 570 ed.
1281 535 1371 570 min.
1394 534 1467 579 lV,
1489 538 1547 572 55.

103 601 139 636 p.
162 592 252 634 229,
273 592 307 627 9.
326 589 437 625 Debr.
460 590 513 633 V,
533 591 605 635 16.]
623 591 744 627 Locus
770 591 844 635 sic,
873 594 912 626 ut
941 590 1127 627 edidimus
1141 619 1149 635 ,
1173 591 1308 638 legitur
1328 591 1430 639 apud
1449 591 1545 627 Non.

102 644 240 690 XVIII,
261 648 321 683 28.
343 657 380 693 p.
407 648 494 692 556,
518 647 597 691 17.;
624 647 661 682 in
683 647 774 684 Sall.
802 646 890 683 edd.
920 649 1092 684 omnibus
1121 658 1320 695 perperam
1351 652 1407 684 est
1427 657 1545 695 prae-

103 702 431 750 terqrediebantur.
480 701 623 738 Eadem
660 705 820 740 sortasse
854 705 969 740 verba
1005 705 1171 752 respexit
1199 704 1375 749 Servius,
1405 705 1468 751 qui
1497 703 1547 740 ad

106 759 211 806 Virg.
234 758 330 795 Aen.
350 759 425 804 XI,
448 760 530 798 770.
553 771 601 795 ex
624 760 801 797 Sallustio
822 758 934 797 affert
955 765 991 796 et
1007 761 1253 809 sequebantur
1280 761 1416 809 equites
1443 766 1546 797 cata-

96 815 271 863 phracti;
293 826 377 852 nam
403 827 512 863 quum
535 827 655 864 neque
683 818 867 854 Historias
898 828 1018 865 neque
1039 818 1172 854 librum
1200 817 1345 863 laudet,
1368 818 1548 854 coniicias
1569 832 1574 836 ·

104 872 316 909 memoriter
344 884 429 908 eum
456 884 577 920 neque
607 875 696 910 satis
727 878 901 910 accurate
933 874 1027 911 haec
1055 875 1244 920 attulisse,
1275 875 1413 921 verbo,
1442 874 1548 911 cuius

107 929 291 966 retinendi
315 929 437 966 minus
467 931 597 977 gravis
628 942 765 967 caussa
794 934 891 977 erat,
927 943 1009 967 cum
1038 932 1110 968 alio
1140 935 1363 969 commutato
1374 942 1384 977 3
1422 941 1549 978 quam-

106 997 216 1034 quam
232 986 313 1022 fieri
333 987 471 1033 potuit,
502 992 541 1023 ut
568 989 799 1034 grammatici
830 989 1005 1035 exempla
1033 999 1102 1024 sua
1135 1000 1182 1024 ex
1211 988 1357 1025 duobus
1386 989 1481 1024 inter
1509 998 1549 1024 se

106 1042 270 1080 diversis
291 1043 384 1079 locis
404 1044 589 1090 petierint.
607 1065 663 1070 —
675 1045 727 1080 De
745 1044 996 1092 cataphractis
1019 1045 1195 1092 equitibus
1214 1046 1261 1081 cf.
1282 1044 1398 1081 Tacit.
1414 1045 1551 1083 Histor.

107 1100 143 1144 I,
165 1101 232 1145 79,
256 1099 357 1136 med.
379 1099 455 1146 &d
471 1110 588 1148 neque
608 1103 722 1147 conti,
745 1112 863 1150 neque
880 1102 996 1149 qlaclii
1012 1120 1068 1127 —
1082 1103 1183 1147 usui,
1211 1101 1437 1149 lapsantibus
1450 1102 1552 1148 equis

107 1161 141 1192 et
159 1157 587 1204 cataphractarum
600 1158 782 1205 pondere.
823 1158 873 1194 Id
883 1158 1115 1205 principibus
1137 1162 1171 1194 et
1188 1158 1404 1194 nobilissimo
1423 1158 1553 1205 cuique

108 1217 266 1262 tegmen,
286 1213 426 1261 ferreis
453 1215 597 1251 laminis
622 1218 687 1251 aut
704 1215 900 1262 praeduro
927 1216 1027 1251 corio
1056 1218 1282 1261 consertum,
1309 1218 1350 1251 ut
1375 1215 1553 1251 adversus

107 1271 199 1306 ictus
218 1270 501 1318 inpenetrabile,
532 1273 582 1307 ita
605 1273 738 1319 impetu
761 1272 914 1308 hostium
937 1272 1140 1318 provolutis
1166 1271 1325 1308 inhabile
1347 1271 1399 1307 ad
1423 1280 1551 1307 resur·-

105 1326 276 1375 9endum.
297 1327 483 1363 Ammian.
506 1328 623 1364 Marc.
641 1327 749 1374 XVI,
772 1333 828 1366 10.
850 1339 889 1376 p.
911 1331 992 1367 130.
1017 1328 1080 1364 ed.
1100 1328 1231 1365 Vales.
1254 1327 1453 1364 Incedebat
1469 1326 1555 1368 hinc

107 1384 192 1420 inde
213 1384 303 1420 ordo
319 1385 484 1432 qeminus
503 1388 751 1431 armatorum,
775 1405 831 1410 —
857 1386 1052 1433 sparsique
1078 1385 1394 1432 cataphracti
1421 1383 1530 1431 equi
1538 1404 1552 1408 -

108 1445 195 1485 tes,
218 1450 308 1488 quos
328 1441 550 1478 clibanarios
570 1442 733 1479 dictitant
753 1442 914 1487 Persae,
935 1441 1126 1478 thoracum
1141 1442 1269 1478 muniti
1290 1440 1503 1490 tegminibus
1517 1443 1558 1475 »et

109 1497 224 1534 limbis
251 1497 392 1545 ferreis
418 1499 544 1544 cincti,
574 1503 613 1534 ut
641 1499 847 1535 Praxitelis
867 1510 978 1535 manu
999 1499 1116 1546 polita
1143 1499 1315 1534 crederes
1342 1497 1554 1542 simulacra,

108 1565 182 1591 non
202 1555 319 1600 viros,
348 1564 438 1602 quos
460 1556 683 1592 laminarum
705 1556 836 1591 circuli
855 1560 978 1591 tenues
1005 1556 1085 1602 apti
1102 1556 1271 1602 corporis
1287 1554 1448 1602 flexibus
1474 1564 1553 1589 am-

109 1610 256 1647 biebant
273 1621 350 1658 per
372 1613 492 1647 omnia
515 1612 677 1648 membra
707 1612 869 1658 deducti,
896 1615 954 1660 ut,
983 1622 1198 1659 quocunque
1226 1615 1332 1647 artus
1358 1611 1555 1647 necessitas

111 1669 373 1714 commovisset,
397 1671 543 1705 vestitus
567 1672 787 1715 conqrueret
816 1670 986 1704 iunctura
1013 1667 1255 1704 cohaerenter
1283 1671 1424 1715 aptata.
1466 1667 1554 1702 Plu-

112 1724 229 1760 tarch.
247 1725 284 1759 in
308 1725 450 1760 Lucull.
479 1737 512 1761 c.
539 1729 604 1770 98,
641 1725 691 1760 ἰη.
721 1722 815 1761 Μία
843 1715 946 1772 ἀλκὴ
971 1723 1051 1760 τῶν
1078 1716 1370 1774 καταφράκτων
1398 1716 1552 1767 κόντος·

111 1773 207 1818 ἄλλο
229 1772 267 1816 δ’
291 1772 409 1817 οὐδὲν
425 1772 527 1817 oil’a
552 1777 704 1826 ἑαυτοῖς
724 1774 811 1817 οὔτε
834 1781 915 1825 τοῖς
935 1777 1134 1843 πολεμίοις
1158 1780 1332 1830 χρῆσθαι
1364 1773 1555 1816 δύνανται

113 1828 180 1874 διὰ
199 1830 321 1888 βαρος
343 1832 410 1873 καὶ
439 1830 682 1888 σκληρότητα
709 1836 778 1887 τῆς
808 1836 970 1886 σκευῆς,
1000 1827 1088 1873 ἄλλ’
1121 1831 1555 1890 ἐγκατῳκοδομημένοις

111 1890 298 1931 ἐοίκασιν.
335 1895 376 1930 In
397 1896 612 1931 narratione
634 1894 680 1930 de
701 1905 830 1958 pugna
855 1894 904 1930 ad
924 1893 1195 1941 Tigranocerta
1217 1893 1554 1940 fuisseFragmenti

112 1953 229 1988 verba
253 1952 374 1987 elucet
404 1963 451 1987 ex
480 1951 677 1988 Plutarcho
707 1951 743 1986 in
765 1952 907 1987 Lucull.
930 1962 962 1986 c.
988 1953 1053 1994 26,
1079 1954 1172 1986 extr.
1195 1942 1364 1996 Τοξότας
1389 1943 1460 1998 μὲν
1489 1944 1557 1985 καὶ

113 2000 381 2056 σφενδονήτας
403 2006 632 2058 δισμυρίους
653 1997 747 2058 ἦγεν
759 2009 831 2059 (se
852 1999 872 2043 ὁ
896 1999 1266 2056 Τιγράνης),ἰππεῐς
1286 2001 1329 2042 δὲ
1348 2013 1555 2042 πεντακισ-

111 2062 276 2127 μυρίους
304 2076 372 2101 και
406 2062 756 2127 πεντακισχιλίους,
788 2059 853 2100 ὠν
881 2059 1254 2125 ἑπτακισχίλιοι
1280 2058 1363 2099 καὶ
1386 2054 1558 2126 μύριοι

114 2133 466 2172 καταφρακτοι
490 2117 637 2185 ἦσαν,
660 2113 712 2166 ὡς
726 2113 984 2164 Λούκουλλος
1005 2116 1154 2169 ἔγραψε
1171 2110 1272 2170 πρὸς
1293 2110 1368 2168 τὴν
1385 2111 1555 2168 σύγκλη-

113 2190 192 2215 τον.
237 2177 330 2213 Tam
358 2179 460 2214 clara
486 2180 583 2214 enim
614 2179 680 2213 suit
710 2179 772 2213 illa
799 2189 948 2225 pugna,
980 2177 1197 2223 Lucullique
1228 2177 1385 2213 victoria
1417 2174 1556 2222 (pridie

113 2235 208 2271 Non.
227 2234 406 2271 Octobres
422 2246 457 2270 a.
480 2238 535 2274 69.
557 2247 590 2271 a.
614 2234 699 2271 Chr.
722 2246 759 2270 n.
781 2234 986 2281 reportata)
1010 2234 1117 2269 tantis
1139 2233 1361 2279 scriptorum
1383 2225 1626 2268 laudibus*-

113 2292 299 2328 celebrata
324 2292 379 2335 (v.
402 2291 588 2327 Plutarch.
612 2293 649 2327 in
670 2291 798 2326 Lucul.
822 2302 853 2327 c.
878 2292 936 2335 28,
959 2293 1054 2325 extr.
1078 2290 1158 2328 Liv.
1178 2289 1277 2337 Epit.
1296 2288 1461 2325 XCVIII.
1482 2289 1559 2335 Ap-

53 2357 55 2360 ·
112 2349 214 2396 pian.
235 2347 279 2384 B.
303 2347 426 2386 Mithr.
451 2359 482 2383 c.
503 2350 561 2386 85.
584 2347 693 2383 Oros.
715 2347 786 2391 VI,
807 2350 843 2384 3.
864 2347 1054 2383 Memnon.
1077 2357 1135 2393 ap.
1161 2346 1267 2382 Phot.
1299 2344 1385 2382 cod.
1411 2347 1494 2383 224.
1521 2356 1560 2392 p.

112 2407 196 2444 938.
218 2406 255 2441 b.
281 2406 363 2443 239.
393 2415 427 2440 a.
459 2404 619 2448 Bekk.)‚
643 2408 681 2439 ut
712 2403 870 2439 dubitari
891 2406 1071 2449 nequeat,
1103 2403 1191 2450 quin
1215 2402 1413 2440 Sallustius
1442 2402 1490 2437 de
1513 2412 1560 2437 ea

114 2462 312 2509 diligenter
350 2461 568 2508 exposuerit
596 2460 843 2507 Tigranisque
882 2460 1084 2495 immensas
1121 2460 1249 2506 copias
1281 2458 1560 2495 accuratissime

115 2518 372 2565 descripserit.
395 2539 449 2544 —-
471 2518 617 2554 Ferrea
633 2518 731 2553 omni
748 2517 891 2564 specie,
912 2516 932 2551 i.
955 2527 987 2556 e,
1011 2520 1082 2551 toto
1106 2527 1234 2552 eorum
1256 2519 1410 2562 aspectu
1426 2515 1560 2558 terreo,

117 2575 200 2611 sive
231 2576 330 2611 omni
353 2574 523 2622 corporis
551 2577 679 2621 parte,
710 2582 806 2620 quae
836 2573 872 2607 in
897 2577 1137 2620 conspectum
1167 2572 1346 2616 dabatur,
1376 2572 1474 2607 ferro
1499 2571 1562 2606 ob-

119 2630 245 2668 dueta.
276 2631 406 2678 Inepte
430 2632 540 2679 igitur
563 2630 716 2667 Colerus
738 2629 897 2667 coniecit
914 2629 1047 2677 ferrea
1063 2626 1219 2666 omnes
1237 2629 1378 2676 specie,
1399 2627 1462 2665 vel
1479 2626 1561 2675 ser-

118 2698 186 2726 νεα
206 2687 414 2725 homines
433 2689 568 2736 specie.

234 2745 295 2782 Fr.
320 2746 374 2783 17.
396 2742 509 2793 [Cort.
536 2757 573 2792 p.
595 2747 698 2783 1005.
723 2742 821 2782 Gerl.
845 2741 905 2777 ed.
928 2742 1013 2778 mai.
1034 2743 1110 2782 Ine.
1134 2743 1194 2780 73.
1219 2741 1281 2777 ed.
1305 2739 1393 2778 min.
1414 2738 1485 2784 1V,
1504 2741 1565 2778 68.

123 2813 159 2851 p
179 2804 268 2847 229,
290 2804 349 2840 26.
372 2801 480 2838 Debr.
502 2802 556 2846 V,
584 2797 658 2849 16.]
680 2800 758 2836 Hoc
778 2799 1071 2846 Fragmentum
1063 2810 1100 2834 in
1123 2797 1284 2834 confinio
1304 2789 1566 2843 praecedentis
