1774 3002
154 157 236 199 112
639 161 676 198 C.
706 162 936 200 SALLUSTI
967 162 1118 202 CRISPI

287 289 354 331 89.
409 284 527 330 Idem
568 285 712 331 secere
752 283 962 332 Octavius
995 288 1038 332 et
1070 286 1120 343 Q.
1151 286 1313 348 Caepio
1343 287 1439 334 sine
1471 289 1600 350 gravi

150 368 410 431 cuiusquam
446 363 798 429 exspectatione.
822 385 966 432 neque
989 385 1097 417 sane
1127 370 1274 416 ambiti
1297 372 1484 432 publice.

147 508 207 545 59.
248 506 309 542 ed.
330 507 419 542 min.
442 506 477 551 1,
498 508 557 545 67.
600 504 782 552 Debr.‘11‚
802 509 860 545 45.
884 512 920 543 et
940 508 977 554 1,
997 509 1081 553 49.]
1130 508 1226 545 Non.
1253 509 1326 554 IV,
1349 513 1428 548 110.
1454 522 1492 557 p.
1514 513 1596 557 276,

148 566 206 601 18.
227 563 344 599 Merc.
382 562 445 599 Ad
464 562 623 598 eundern
645 563 891 600 Historiarum
914 566 1036 600 locum
1065 565 1230 612 respexit
1248 565 1415 603 Donatus
1437 567 1487 603 ad
1508 567 1594 603 Ter.

147 619 310 667 Adelph.
334 620 400 664 III,
429 623 472 664 2,
504 623 561 657 12.
592 630 640 655 ex
666 619 842 657 Sallustio
870 621 1084 657 memoriter
1110 623 1301 658 reserens:
1330 633 1447 670 neque
1473 625 1595 660 animo

144 686 264 724 neque
281 677 407 724 linqua
425 677 517 712 satis
535 680 751 723 compotem..
787 676 886 714 Satis
905 680 1067 714 obscura
1084 680 1201 716 verba
1219 679 1398 727 exiguum
1413 680 1507 716 lucis
1534 692 1595 717 ac-

145 734 287 779 cipiunt
307 744 355 768 ex
383 744 448 778 eo,
469 732 570 779 quod
590 732 757 769 Donatus
782 733 886 770 addit
901 734 1123 774 ,Sallustium
1143 735 1204 771 his
1227 736 1352 772 verbis
1374 747 1483 772 usum
1507 748 1592 773 esse

146 801 294 836 „quum
325 789 371 825 de
400 793 546 825 amente
573 788 753 836 Septimio
784 791 1010 838 loqueretur.
1023 793 1046 809 “
1104 791 1211 828 Hunc
1245 791 1465 839 Septimium
1494 794 1592 829 enim

145 846 306 882 eundem
332 847 449 882 ruisse
471 846 644 891 coniieio,
667 846 715 882 de
737 858 809 894 quo
831 847 962 884 Cicero
982 859 1020 895 p.
1043 847 1194 884 Vareno
1212 848 1315 895 apud
1329 849 1512 885 Priscian.
1529 850 1592 894 111,

144 905 186 949 7,
206 905 265 942 40.
286 914 324 950 p.
347 906 427 942 135.
448 903 513 939 Kr.
536 903 711 950 (Fragm.
730 915 769 950 p.
789 905 873 943 443.
895 904 1058 949 Orell.):
1082 904 1218 941 Lucius
1238 906 1299 942 ille
1321 903 1516 952 Septimius
1535 906 1590 942 di-

143 964 263 1001 cerec‚·
290 957 418 996 etenim
446 964 501 996 est
521 960 573 995 ad
593 960 700 996 Lucii
718 960 847 997 Crassi
871 962 1109 1009 eloquentiam
1134 963 1260 1009 yram&
1286 965 1322 998 et
1347 961 1538 999 vehemens
1558 967 1593 998 et

140 1017 323 1058 volubilis;
341 1017 505 1066 Erucius
522 1017 582 1053 hic
603 1021 726 1053 noster
744 1017 979 1054 Antoniaster
996 1022 1060 1053 est.
1094 1018 1235 1062 Quibus
1251 1018 1378 1054 verbis
1399 1029 1513 1065 quum
1534 1018 1591 1055 Ci—

141 1083 229 1109 cero
253 1077 379 1120 aperte
400 1073 504 1109 ludat
525 1078 709 1109 oratorem
731 1074 892 1120 aliquem
916 1075 1100 1120 ineptum,
1125 1074 1343 1121 languidum
1364 1075 1588 1122 ingenioque

141 1130 309 1175 tardum,
331 1132 426 1166 bene
449 1129 488 1166 id
510 1130 686 1166 convenit
710 1130 747 1165 in
769 1141 875 1175 eum,
897 1132 1004 1167 cuius
1026 1129 1225 1167 Sallustius
1244 1131 1428 1175 meminit,
1462 1142 1590 1178 quam-

141 1197 253 1233 quam
273 1197 336 1223 res
357 1188 440 1234 ipsa
461 1198 508 1222 ne
530 1188 584 1223 sic
609 1186 760 1233 quidem
782 1187 998 1224 illustratur.
1042 1187 1142 1223 Nihil
1163 1188 1262 1224 enim
1283 1187 1410 1223 attinet
1429 1186 1590 1225 Debros—

141 1243 187 1279 sii
207 1244 399 1290 respicere
422 1244 605 1291 ineptias,
626 1244 687 1290 qui
709 1243 841 1279 Donati
864 1246 981 1280 verba
1001 1247 1105 1290 putat
1125 1244 1220 1280 lecta
1239 1243 1356 1279 fuisse
1377 1244 1414 1279 in
1435 1246 1590 1281 narrati-

141 1310 213 1336 one
245 1299 292 1335 de
314 1300 467 1335 foedere
491 1311 577 1336 cum
599 1298 792 1336 Gaditanis
813 1311 847 1336 a.
868 1304 951 1338 212.
972 1311 1007 1336 a.
1029 1298 1115 1336 Chr.
1133 1311 1171 1336 n.
1198 1311 1221 1336 a
1243 1300 1285 1336 L.
1304 1300 1446 1337 Marcio
1467 1300 1589 1348 Septi·

140 1357 215 1392 mio
243 1357 339 1393 sacto
363 1367 407 1392 ac
438 1360 572 1404 postea
592 1359 774 1392 renovato
796 1357 845 1392 M.
867 1357 1031 1404 Lepido,
1062 1356 1108 1401 Q.
1137 1356 1266 1393 Catulo
1292 1367 1395 1393 coss.
1422 1358 1485 1402 (v.
1509 1356 1586 1393 Cic.

139 1423 193 1448 or.
221 1424 260 1460 p.
282 1413 398 1449 Balbo
423 1425 458 1450 c.
478 1413 571 1458 XV,
597 1413 704 1457 34.)‚
737 1413 861 1449 locum
879 1417 1003 1450 autem
1031 1423 1054 1449 a
1074 1413 1195 1449 Nonio
1221 1417 1413 1451 servatum
1443 1412 1491 1448 de
1515 1414 1587 1450 Le-

138 1469 229 1516 pido
258 1469 543 1517 interpretatur,
570 1468 757 1516 Apuleiae
781 1470 910 1506 uxoris
939 1469 1122 1506 adulterio
1150 1468 1482 1507 vehementissime
1501 1481 1586 1517 per-

137 1528 296 1566 turbato.
321 1547 369 1552 —
406 1526 468 1562 Ad
487 1526 566 1564 vim
586 1525 759 1563 dictionis
778 1530 981 1573 competere
1001 1526 1152 1563 uunbus
1170 1525 1432 1573 explicandam
1446 1530 1586 1562 rectam

136 1582 239 1619 viam
261 1580 421 1629 praeivit
448 1583 667 1619 Perizonius
689 1582 738 1618 ad
758 1581 899 1619 Sanctii
921 1583 1081 1619 Minerv.
1100 1583 1172 1628 IV,
1200 1585 1237 1621 4.
1256 1593 1296 1629 p.
1314 1585 1374 1622 95.
1394 1582 1457 1621 ed.
1477 1581 1586 1628 Bau„

135 1640 389 1686 praecipiens,
412 1639 500 1685 quia
510 1644 641 1686 petere
659 1639 765 1675 verbi
785 1639 962 1685 primaria
978 1642 1146 1686 potestas
1168 1639 1216 1675 sit
1236 1638 1340 1686 ferri
1359 1639 1518 1677 sivein-e
1535 1639 1588 1675 ad

137 1696 295 1744 aliquid,
324 1699 529 1744 competere
549 1695 658 1742 quasi
679 1689 765 1731 esse
782 1696 892 1731 simul
908 1697 965 1731 ire
983 1706 1067 1732 cum
1086 1696 1220 1742 aliquo.
1257 1694 1441 1739 Quoniam
1461 1699 1584 1731 autem

136 1762 234 1799 quae
255 1753 364 1789 simul
392 1755 481 1789 eunt
500 1763 585 1788 cum
615 1752 759 1798 aliquo,
787 1755 989 1798 propterea
1012 1752 1048 1787 ei
1069 1751 1302 1800 ass-untjsive
1324 1754 1477 1798 praesto
1498 1755 1584 1787 sunt

137 1812 248 1855 atque
266 1813 419 1856 parent,
440 1807 602 1857 primum
629 1807 744 1851 valde
768 1808 927 1855 simplici
949 1808 1094 1844 ratione
1113 1808 1275 1852 animus.
1289 1808 1435 1854 linqua,
1457 1817 1581 1853 aures,

135 1860 361 1902 oculi'alicui
378 1869 644 1913 competere
664 1865 718 1901 sic
740 1864 931 1910 dicuntur,
959 1868 998 1900 ut
1017 1875 1152 1901 sensus
1175 1864 1241 1908 sit,
1267 1863 1331 1900 ina
1350 1874 1426 1899 non
1447 1865 1582 1900 abesse

137 1923 183 1957 ab
205 1923 343 1970 aliquo,
369 1922 439 1959 sed
460 1923 494 1958 ei
514 1922 699 1969 integrum
719 1932 828 1960 usum
849 1921 907 1957 sui
927 1919 1042 1966 dare3
1069 1922 1121 1957 cf.
1143 1915 1224 1958 Liv.
1243 1918 1357 1965 xxn,
1378 1923 1415 1965 5,
1426 1922 1471 1958 ·3.
1508 1919 1582 1956 Vix

137 1978 189 2014 ad
206 1991 314 2016 arma
335 1979 517 2027 capienda
535 1978 773 2026 aptandaque
786 1987 937 2026 puynae
955 1976 1246 2024 competebat
1262 1977 1459 2015 oenimiis.
1488 1975 1581 2024 Tum

137 2035 290 2072 inversa
320 2040 503 2073 structura
532 2035 603 2071 sed
632 2045 747 2071 sensu
777 2035 855 2070 sere
889 2033 1023 2070 eodem
1052 2033 1188 2070 dicitur
1216 2033 1349 2080 aliquus
1377 2029 1583 2080 competere

136 2093 310 2138 animo,
329 2093 550 2136 auribus,
577 2092 760 2138 linqua,
786 2092 811 2127 i.
834 2101 866 2126 e.
887 2092 1008 2127 animo
1030 2094 1094 2127 aut
1111 2090 1264 2126 auribus
1283 2088 1462 2137 (alicui
1481 2089 1582 2133 rei)

136 2148 305 2184 adesse
338 2149 420 2185 sive
445 2149 578 2192 animi,
610 2148 774 2192 aurium,
805 2147 957 2194 linguae
983 2156 1091 2183 usum
1101 2148 1340 2193 praesentem
1368 2146 1496 2192 reique
1512 2154 1580 2181 ae-

136 2205 399 2241 commodatum
423 2204 578 2251 habere,
609 2203 711 2251 quod
738 2204 944 2250 simplicius
967 2203 1147 2249 estivale
1157 2211 1207 2238 re
1226 2203 1372 2243 onimo,·
1394 2201 1442 2237 cl'.
1461 2198 1581 2238 Tacit.

137 2261 287 2298 Annall.
309 2261 370 2305 III,
390 2262 448 2299 46.
491 2257 681 2307 Oppidani
696 2269 814 2307 neque
830 2260 981 2296 oculis
998 2267 1116 2312 neque
1132 2257 1329 2295 auribus
1348 2259 1439 2306 satis
1458 2267 1580 2294 comt·

128 2317 371 2365 petebant.
400 2316 451 2352 id.
474 2316 632 2352 Historr.
653 2316 722 2360 Ill,
754 2316 815 2354 73.
874 2315 979 2352 Velut
1003 2318 1135 2362 captus
1159 2315 1274 2351 animi
1293 2324 1368 2351 non
1396 2314 1579 2362 linquar,

136 2385 210 2410 non
231 2374 431 2410 auribus
450 2376 726 2419 competere.
742 2390 795 2396 —
834 2371 890 2407 De
909 2375 974 2407 aut
989 2372 1172 2418 particula
1195 2368 1580 2418 duplicissneque‘sub-

136 2431 234 2467 iecta
253 2442 288 2467 v.
306 2430 355 2467 ad
366 2430 449 2477 Iug.
468 2440 502 2467 c.
525 2428 656 2473 XVIII,
677 2431 713 2466 2.
734 2438 773 2474 p.
791 2429 871 2466 107.
885 2446 945 2454 -
977 2427 1039 2463 Ad
1051 2439 1187 2465 vocem
1206 2426 1375 2464 attonitus
1393 2426 1578 2462 illustran—

136 2486 223 2523 dam
245 2486 390 2524 Cottius
411 2487 505 2523 bene
526 2485 679 2522 contulit
699 2483 835 2521 Senec.
853 2483 944 2520 Nat.
966 2483 1045 2529 Qu.*
1059 2484 1110 2528 ΙΙ,
1130 2486 1191 2524 27.
1226 2483 1310 2521 Hoc
1321 2481 1580 2531 pmprieffra-

134 2554 204 2592 ρον
223 2544 356 2580 dicitur
374 2543 512 2580 subitus
531 2545 567 2579 et
585 2541 796 2587 vehemens,
819 2551 891 2588 quo
909 2540 1001 2589 edito
1020 2541 1216 2577 concidunt
1230 2536 1579 2585 Ιιοηύπαξριάάᾱηι

135 2610 223 2638 vero
241 2601 313 2638 vivi
328 2603 477 2647 stupent
493 2602 530 2636 et
544 2600 583 2636 in
602 2601 714 2635 totum
730 2596 799 2633 sibi
819 2586 1012 2645 excidunt,
1035 2606 1126 2644 quos
1144 2602 1316 2651 vocemus
1331 2593 1577 2637 attonitos

137 2667 293 2704 quorum
311 2660 449 2693 mentes
466 2665 578 2694 sonus
590 2655 652 2692 ille
669 2654 832 2691 coelestis
848 2654 925 2690 loco
938 2653 1095 2716 pepulit.

249 2714 311 2751 Fr.
331 2716 391 2753 89.
433 2714 447 2758 [
459 2712 558 2749 Cort.
576 2723 613 2761 p.
633 2714 717 2751 956.
755 2705 851 2747 Gerl.
874 2709 936 2746 ed.
958 2710 1047 2746 mai.
1066 2709 1100 2756 1,
1119 2711 1180 2749 70.
1206 2689 1270 2743 ed.
1287 2707 1380 2743 mim
1400 2705 1439 2753 Ι,
1456 2707 1516 2746 72.
1538 2716 1576 2752 p.

133 2772 281 2816 196,3.
322 2768 772 2815 Debr.1‚89.11‚14⁷.]
814 2765 939 2804 Verba
967 2765 1084 2802 attulit
1106 2764 1261 2804 Servius
1282 2762 1331 2800 ad
1350 2762 1459 2809 Virg.
1479 2762 1576 2799 Aen.
