1774 3002
151 172 234 215 212
637 177 674 215 C.
705 177 935 217 SALLUSTI
967 180 1119 218 CRISPI

291 306 357 349 18.
417 303 564 363 Atque
600 303 716 349 edita
746 305 939 367 undique
970 306 1108 352 tribus
1145 311 1288 352 tamen
1333 319 1432 350 cum
1461 304 1598 350 muris

153 387 195 429 et
225 387 400 447 magnis
431 387 636 433 turribus.

290 473 356 516 19.
414 470 551 526 Quem
581 474 703 517 trans
732 474 940 533 stagnum
974 473 1115 519 omnis
1139 487 1283 535 usque
1312 473 1567 518 ad‘flumen.

289 556 357 599 20.
417 554 541 600 Duos
570 570 700 617 quam
731 571 963 603 maxumos
990 557 1100 603 utris
1130 557 1216 603 levi
1240 557 1416 603 tabulae
1445 555 1598 602 subie-

154 703 377 740 quamquam
399 694 509 729 etiam
536 694 621 729 alibi
644 693 724 730 fieri
748 695 885 741 potuit,
917 699 1049 731 tamen·
1064 696 1159 731 satis
1181 699 1325 731 constat
1354 695 1492 731 factum
1513 704 1598 730 esse

155 749 191 784 in
215 749 342 797 Cyzici
370 750 588 795 obsidione,
613 762 726 797 quum
738 752 961 788 Mithridatis
990 753 1122 788 castris
1142 753 1317 788 Lucullus
1347 762 1416 788 sua
1443 751 1599 787 circum-

154 805 336 843 dedisset.
358 808 486 854 Neque
511 808 653 843 relicua
675 810 789 844 verba
810 820 885 844 non
904 809 1148 845 conveniunt.
1176 809 1351 845 Lucullus
1372 808 1470 844 enim
1483 818 1600 855 quum

154 864 385 910 superiorem
408 865 529 900 locum
558 869 722 910 teneret,
758 877 960 913 pugnaque
998 865 1258 903 abstinendum
1289 866 1497 910 statuisset,
1527 875 1601 899 non

153 924 300 966 poterat
323 933 344 958 a
365 921 578 957 Mithiidate
599 921 648 957 ad
665 923 913 969 pugnandum
935 923 1033 970 cogi,
1051 923 1286 970 ingenioloci
1310 922 1495 969 proelium
1515 932 1599 968 pro-

155 976 326 1023 hibente;
368 979 417 1013 cl'.
451 978 613 1025 Appian.
645 978 766 1014 Mithr.
795 991 827 1015 c.
851 982 917 1023 72,
940 984 1032 1015 extr.
1065 971 1114 1016 ‘O
1145 972 1407 1031 Μνθριδατης
1434 974 1621 1028 περιεῖδε,

148 1023 359 1097 Ρωμαίους
383 1025 450 1070 διὰ
479 1034 616 1071 στενοῦ
634 1030 923 1101 παροδεύοντας
947 1026 1083 1098 ἀδεῶς,
1112 1032 1179 1072 καὶ
1209 1031 1602 1086 ἐπιτειχίζοντας

156 1081 288 1126 αὗτῶ
325 1086 449 1154 μέγα
496 1084 629 1153 ὅρος.
675 1103 722 1127 ου
751 1092 983 1154 κρατοῦντες
1019 1083 1131 1128 αὖτοι
1155 1087 1227 1140 μὲν
1254 1085 1423 1129 ὄπισθεν
1445 1083 1603 1139 ἔμελλον

156 1129 310 1199 ἆγοραν
339 1137 463 1192 ἀδεῶς
490 1140 725 1196 ἐπαξεσθαι,
763 1142 1030 1213 Μιθριδάτην
1061 1144 1125 1185 δὲ
1139 1146 1257 1214 λίμνῃ
1295 1143 1362 1185 καὶ
1399 1141 1505 1197 όρεσι
1536 1142 1601 1183 καὶ

154 1204 343 1252 ποταμοῖς
358 1194 604 1242 ἀποκλείσειν
612 1204 691 1241 τῶν
705 1197 803 1242 κατὰ
814 1205 892 1255 γῆν
906 1197 1106 1268 ἇπαντων,
1122 1225 1180 1231 —
1194 1217 1306 1242 ουτε
1325 1203 1351 1254 β
1362 1217 1412 1241 ια
1401 1198 1469 1250 ’ξε
1479 1204 1602 1240 σθαι

156 1254 481 1325 δυναμενον’
466 1257 536 1298 ε’τι
556 1254 880 1299 Λούκουλλον
907 1253 1000 1299 ὑπὸ
1030 1262 1114 1311 τῆς
1137 1259 1428 1313 δυσχωρίας.
1458 1282 1514 1287 -—
1549 1261 1602 1296 De

155 1318 193 1353 vi
214 1318 320 1354 vocis
337 1319 480 1365 inqenio
502 1320 549 1354 cl'.
570 1318 619 1354 ad
641 1319 701 1354 Fr.
723 1319 767 1365 11,
793 1323 849 1366 50,
873 1323 908 1358 9

257 1374 329 1410 Fr.
352 1378 409 1414 18.
439 1374 553 1420 [Cort.
574 1387 612 1422 p.
631 1379 734 1415 1005.
767 1376 867 1412 Gerl.
891 1376 952 1412 ed.
973 1376 1060 1411 mai.
1082 1375 1158 1414 Inc.
1179 1378 1237 1415 69.
1259 1375 1321 1411 ed.
1341 1376 1431 1412 min.
1455 1376 1517 1420 IV,
1542 1378 1602 1415 66.

154 1442 193 1478 p·
213 1434 295 1477 229,
317 1434 374 1470 24.
413 1432 524 1467 Debr.
543 1432 592 1478 V,
617 1433 692 1477 63.]
751 1433 890 1478 Verba,
925 1443 1020 1480 quae
1051 1433 1224 1488 leguntur
1254 1432 1369 1480 apud
1390 1433 1525 1478 Donat.
1554 1431 1603 1468 ad

156 1487 242 1523 Ter.
259 1489 380 1524 Andr.
396 1489 424 1533 I,
443 1493 474 1534 1,
492 1491 565 1534 67„
586 1488 635 1525 ad
651 1489 812 1525 eandem
834 1501 910 1525 rem
933 1490 1134 1537 pertinere,
1155 1500 1266 1536 quam
1282 1489 1431 1537 Fragm.
1449 1499 1603 1536 praece-

157 1544 264 1589 dens,
276 1545 379 1581 haud
390 1517 533 1581 absone
544 1546 737 1582 coniicias.
760 1546 854 1590 Nam
876 1558 988 1593 quum
1007 1547 1183 1584 Lucullus
1203 1550 1366 1582 montem
1380 1546 1607 1582 Mithridatis

157 1602 290 1638 castris
309 1603 567 1640 imminentem
583 1604 732 1649 magnis
744 1603 920 1649 operibus
936 1604 1131 1648 munisset,
1143 1603 1241 1638 hoc
1233 1601 1355 1650 ipsum
1367 1602 1480 1639 huius
1489 1603 1518 1640 F
1521 1613 1603 1650 rag

157 1659 269 1693 menti
279 1660 406 1695 verbis
419 1659 669 1706 significatum
682 1660 798 1695 fuisse
809 1664 912 1706 puto,
931 1670 1155 1706 quamquam
1176 1660 1213 1694 in
1236 1661 1403 1706 abrupta·
1419 1663 1603 1696 structura

147 1714 416 1751 'difficiflimum
437 1720 505 1760 est,
529 1727 624 1762 quae
647 1716 824 1760 orationis
846 1717 965 1752 forma
992 1716 1112 1759 suerit,
1135 1715 1328 1762 expedire.
1371 1715 1509 1752 Tamen
1520 1714 1603 1750 -Do-

157 1777 275 1808 natus·
289 1770 491 1808 l.1.monet
508 1773 561 1817 ita
580 1773 743 1819 positum
767 1783 867 1817 esse,
890 1776 927 1807 ut
946 1773 1128 1808 reseratur
1141 1772 1190 1808 ad
1205 1772 1497 1819 praecedentem
1514 1782 1601 1808 con-

157 1825 347 1878 cessivam
367 1827 590 1866 sententiam
612 1827 759 1874 Omissa·
773 1821 956 1875 particula
976 1829 1211 1873 concessiva,
1236 1828 1284 1864 de
1304 1840 1377 1875 quo
1397 1840 1469 1866 usu
1484 1839 1518 1865 v.
1540 1839 1605 1864 an·-

158 1882 274 1921 notat.
300 1885 348 1921 ad
367 1886 449 1933 lug.
469 1897 503 1922 c.
525 1886 599 1930 LV,
620 1890 652 1927 1.
675 1888 826 1932 p.2303.·.
842 1890 877 1921 et
902 1897 1016 1933 supra
1037 1885 1087 1921 ad
1105 1885 1166 1922 Fr.
1190 1886 1218 1933 Ι,
1239 1887 1298 1930 45,
1323 1888 1380 1925 18.

271 1943 330 1978 Fr.
355 1946 410 1981 19.
441 1941 555 1991 [Cort.
581 1954 620 1988 p.
652 1945 753 1980 1008.
775 1942 891 1979 Gerl.·-
912 1942 982 1978 ed..
997 1942 1084 1978 mai.
1114 1942 1189 1977 Inc.
1221 1945 1300 1980 121.
1329 1941 1392 1978 ed.
1415 1942 1505 1977 min.
1524 1941 1600 1977 lnc.

157 2002 216 2038 36.
237 2010 274 2046 p.
298 2002 381 2037 238.
402 2002 439 2036 4.
462 2000 570 2035 Debr.
593 1999 634 2034 Ill
649 2027 657 2043 ,
680 1999 829 2044 52-111,
852 1999 1118 2044 131.].Verba,
1140 2009 1236 2045 quae
1257 1999 1375 2035 attulit
1390 1997 1603 2045 Philargyr.

159 2055 208 2091 ad
240 2052 346 2103 Virg.
376 2057 514 2103 Georg.
541 2056 612 2100 IV,
643 2059 745 2100 293,
782 2055 984 2092 admodum
1018 2059 1103 2091 sunt
1132 2057 1307 2092 obseura.
1338 2055 1605 2099 -Nihilominus

160 2124 207 2147 ex
229 2113 352 2159 stagni
375 2113 727 2156 commemoratione
753 2113 888 2149 coniici
907 2123 1024 2160 posse
1044 2103 1194 2148 videtur
1216 2112 1265 2148 ad
1289 2111 1428 2159 Cyzici
1440 2111 1606 2148 obsidio-

159 2179 243 2203 nem
264 2180 332 2215 pei
336 2169 510 2213 tinuisse
532 2170 666 2204 collato
698 2169 871 2216 Appiano
900 2169 1023 2205 Mithr.
1051 2180 1085 2204 c.
1115 2171 1183 2214 72,
1214 2172 1306 2206 extr.
1327 2162 1517 2232 ’Ἐμελλον
1545 2163 1609 2216 (οἱ

153 2215 361 2272 Ῥωμαῖοι)
371 2218 639 2289 Μιθριδάτην
660 2222 826 2289 λίμνῃ
833 2221 915 2262 καὶ
935 2217 1074 2276 ὄρεσι
1097 2221 1179 2262 καὶ
1207 2224 1458 2274 ποταμοῖς
1488 2215 1605 2260 ἆπο-

161 2278 382 2318 κλείσειν
409 2280 491 2317 τῶν
507 2274 614 2318 κατὰ
641 2280 718 2330 γῆν
741 2273 942 2318 ἁπαντων.

275 2338 335 2373 Fr.
357 2341 417 2376 20.
442 2336 556 2386 [Cort.
579 2351 615 2385 p.
636 2340 720 2386 967.
734 2339 841 2374 Gerl.
863 2338 925 2374 ed.
947 2339 1034 2374 mai.
1057 2338 1127 2384 ΙΙΙ,
1159 2341 1216 2377 18.
1245 2337 1307 2374 ed.
1334 2338 1422 2373 min.
1452 2337 1517 2380 111,
1545 2338 1603 2374 56-

159 2406 199 2442 p.
218 2397 310 2439 219,
331 2397 367 2433 3.
389 2394 502 2430 Debr.v
530 2395 597 2440 III,
628 2395 704 2439 345]
735 2396 829 2430 Non.
863 2394 915 2441 II,
944 2397 1090 2442 899.2p.
1120 2397 1206 2440 186,
1229 2397 1290 2432 14.
1311 2394 1370 2432 ed.
1392 2395 1507 2430 Merc.
1552 2393 1604 2428 De

164 2451 314 2487 Lucullo
335 2453 396 2498 agi
421 2450 628 2498 Cyzicenos
652 2450 698 2485 de
719 2451 884 2488 adventu
906 2463 974 2487 suo
1004 2453 1183 2488 certiores
1210 2452 1368 2487 faciente
1396 2450 1604 2486 clarissime

163 2511 266 2555 patet
287 2519 334 2543 ex
362 2508 558 2552 Frontino,
587 2508 698 2544 Floro
730 2512 765 2542 et
790 2508 946 2553 Orosio,
979 2509 1054 2555 qui
1063 2508 1225 2544 eandem
1248 2519 1326 2543 rem
1362 2508 1411 2543 ita
1439 2510 1604 2549 narrant,

165 2568 225 2608 ut,
247 2565 336 2611 quin
356 2575 486 2601 omnes
503 2576 555 2600 ex
573 2564 754 2602 Sallustio
763 2563 977 2608 hauserint,
999 2565 1157 2602 dubitari
1178 2568 1351 2612 nequeat.
1371 2563 1418 2598 cs.
1438 2563 1467 2598 F
1470 2562 1603 2597 ronun

165 2620 324 2668 Strateg.
346 2621 412 2665 ΙΙΙ,
445 2622 514 2666 ι3,’
536 2624 568 2660 6.
592 2621 639 2657 L.
669 2611 845 2657 L‘i'ccullus
866 2621 1062 2669 Cyzicenos
1090 2621 1270 2665 obsessos'
1279 2633 1317 2656 α.
1328 2618 1541 2656 Mithridate
1569 2622 1609 2654 ul

165 2679 341 2714 certiores
363 2678 540 2714 adtentus
556 2679 623 2714 sui.
626 2677 794 2725 faceret,
814 2689 923 2725 quum
944 2679 1147 2724 praesidiis
1167 2677 1320 2721 hostium
1339 2679 1530 2711 teneretur
1549 2676 1608 2710 in

165 2735 293 2771 troilus
311 2735 414 2771 urbis
428 2763 436 2779 ,
458 2736 522 2781 qui
538 2744 635 2771 unus
665 2739 700 2770 et
727 2735 904 2781 anqustus
925 2740 1039 2781 ponte
1068 2735 1217 2770 modico.
1235 2734 1389 2777 insulam
1404 2731 1611 2776 ¹ooniinenu'

164 2792 296 2839 iunyit,
324 2793 468 2827 militem
489 2803 508 2827 e
527 2793 604 2829 suis
623 2791 772 2827 sciolum
795 2792 911 2826 'nandi
941 2796 974 2825 e!
1005 2794 1175 2827 nauticae
1208 2791 1301 2825 artis
1320 2789 1482 2835 'peritum
1508 2788 1610 2823 iussit
