1774 3002
151 119 232 160 128
543 109 545 111 ’
655 120 695 158 c,
729 122 959 160 SALLUSTI
990 121 1140 160 CRISPI

285 250 326 291 9.
377 245 610 305 Geryonis.

288 333 355 375 10.
411 330 600 375 Troiano
624 332 821 390 tempore
839 329 1182 375 invadendamm
1202 332 1417 376 terrarum
1435 344 1595 376 caussa

149 413 292 458 fuerat
326 412 552 473 navigatio
577 411 673 473 [ati
696 412 931 459 Sallustius
961 412 1185 474 meminit]

114 597 117 600 -
150 572 327 619 ponenda
345 563 662 619 etiarn‘originem
693 571 773 608 eius
807 572 989 619 tetigisse.
1051 572 1172 616 Quare
1200 582 1311 618 quum
1341 571 1414 608 hoc
1445 572 1596 620 Fragm.

150 640 235 664 cum
273 628 518 665 antecedente
559 628 744 669 artissime
782 628 985 664 cohaerere
1021 628 1227 675 putandum
1269 628 1336 674 sit,
1378 629 1596 666 necessario

151 686 318 731 sequitur
345 690 535 723 auctorem
568 696 643 720 non
676 684 723 719 de
750 685 848 731 filia,
889 685 958 721 sed
989 685 1035 720 de
1053 686 1130 731 filio
1153 685 1339 731 Apollinis
1369 689 1405 721 et
1425 685 1595 733 Cyrenes

151 741 307 778 dixisse.
367 741 402 777 A
420 741 473 777 rei
495 741 650 778 veritate
672 741 783 788 igitur
811 752 885 776 non
901 741 1063 777 discedit
1084 741 1270 777 Gerlachii
1295 741 1528 788 coniectura,
1558 743 1597 779 in

150 798 210 833 ed.
233 799 320 837 min.
341 798 440 844 filius
462 809 531 844 pro
556 798 636 844 filia
660 797 876 842 scribentis3
900 797 968 833 sed
990 808 1102 844 quum
1124 797 1348 835 Debrossius
1369 798 1595 845 simpliciore

150 855 214 891 via
239 854 338 891 idem
370 859 604 901 consecutus>
618 854 684 898 sit,
709 854 790 901 filia
811 855 848 890 in
863 854 940 901 filio
961 853 1156 898 mutando,
1193 854 1401 891 consultius
1419 854 1595 897 duximus

149 911 261 948 huius
273 912 525 948 coniecturam
541 912 721 957 recipere,
733 922 846 957 quum
861 911 913 946 ita
923 910 1205 958 depravationis
1221 921 1359 948 caussa
1374 911 1594 958 planissime

147 968 410 1016 perspiciatur.

261 1025 322 1061 Fr.
345 1027 381 1063 9.
423 1023 540 1074 [Cort.
559 1035 598 1070 p.
621 1004 725 1062 1009
762 1023 861 1059 Gerl.
882 1023 943 1059 ed.
966 1023 1053 1059 mai.
1078 1024 1152 1059 lnc.
1174 1026 1254 1062 157.
1290 1023 1351 1059 ed.
1375 1024 1464 1059 min.
1485 1024 1537 1068 ΙΙ,
1548 1026 1592 1062 8

147 1093 187 1129 p.
207 1085 289 1129 200,
308 1085 367 1120 12.
405 1081 517 1117 Debr.
539 1080 582 1125 ΙΙ,
603 1081 679 1124 35.]
739 1079 917 1127 Geryonis
939 1091 1074 1115 nomen
1097 1080 1199 1127 apud
1220 1079 1437 1117 Sallustium
1456 1080 1592 1117 lectum

149 1139 267 1175 fuisse
294 1139 409 1174 refert
428 1137 585 1175 Servius
610 1136 660 1173 ad
678 1136 785 1184 Virg.
809 1136 910 1172 Aen.
932 1136 1018 1181 VII,
1049 1139 1131 1175 662.
1190 1137 1280 1173 Eius
1322 1136 1459 1172 mentio
1487 1136 1594 1173 haud

150 1195 262 1232 dubie
284 1195 380 1231 suit
372 1206 408 1230 in
430 1193 630 1231 Sardiniae
649 1193 930 1240 antiquitatibus
955 1193 1200 1256 illustrandis,
1223 1195 1263 1228 ut
1284 1193 1525 1240 cognoscitur
1544 1204 1593 1228 ex

147 1253 336 1288 Pausania
352 1251 397 1298 X,
423 1253 480 1296 17,
494 1255 530 1289 5.
551 1262 591 1297 Ρ.
610 1253 692 1291 665.
714 1250 836 1286 Bekk.
866 1240 985 1286 Μετὰ
1003 1244 1046 1285 δὲ
1060 1222 1283 1298 Ἀρισταῖον
1292 1241 1444 1312 Ἴβηρες
1465 1243 1507 1294 ἐς
1521 1240 1595 1298 τὴν

147 1300 295 1372 Σαρδὼ
334 1304 639 1370 διαβαίνουσιν
649 1297 727 1343 ὑπὸ
757 1297 924 1369 ἡγεμόνι
960 1304 1031 1343 τοῦ
1066 1299 1206 1369 στόλου
1245 1298 1475 1356 Νώρακι,
1523 1301 1591 1342 καὶ

148 1357 306 1416 ᾠκίσθη
325 1365 373 1402 Ν
377 1376 477 1414 ωρα
492 1356 608 1408 πόλις
621 1353 700 1399 ὑπὸ
718 1353 862 1400 αὐτῶν.
905 1355 1063 1426 Ταύτην
1089 1355 1250 1414 πρώτην
1270 1357 1457 1412 γενέσθαι
1477 1354 1595 1399 πόλιν

147 1413 486 1484 μνημονεύουσιν
481 1415 525 1456 ἐν
543 1418 592 1471 τῇ
610 1412 744 1472 νήσω,
783 1416 936 1455 παῖδα
964 1413 1020 1456 δὲ
1035 1409 1299 1484 Ἐρυθείας
1317 1429 1365 1456 τε
1387 1417 1474 1467 τῆς
1496 1418 1594 1471 Γη-

149 1471 336 1528 ρυόνου
365 1472 450 1514 καὶ
475 1467 656 1526 Ἑρμοῦ
682 1471 924 1526 λέγουσιν
951 1468 1085 1512 εἶναι
1119 1468 1206 1512 τὸν
1241 1467 1478 1526 Νωραοια.
1538 1476 1594 1512 De

148 1535 274 1571 Nora
296 1536 385 1571 urbe
408 1546 445 1570 v.
468 1534 652 1569 Mannerti
669 1533 804 1580 Geogr.
827 1533 960 1569 Graec.
975 1536 1011 1568 et
1023 1533 1130 1568 Rom.
1153 1530 1240 1569 Vol.
1252 1532 1316 1568 IX.
1338 1533 1380 1568 P.
1389 1532 1436 1568 ΙΙ.
1456 1543 1499 1579 Ρ.
1509 1535 1594 1572 489.

261 1592 322 1628 Fr.
345 1595 403 1629 10.
445 1588 561 1639 [Cort.
585 1601 622 1636 p.
640 1593 744 1627 1011.
769 1589 868 1625 Ge'rl.
890 1589 952 1625 ed.
971 1590 1058 1625 mai.
1079 1590 1157 1625 Inc.
1183 1592 1268 1628 208.
1292 1588 1354 1625 ed.
1377 1589 1466 1625 min.
1482 1589 1536 1634 ΙΙ,
1555 1593 1594 1629 9.

147 1659 184 1694 p.
208 1652 298 1692 200,
331 1651 388 1685 12.
429 1646 540 1683 Debr.
565 1646 614 1690 II,
646 1649 706 1684 33.
730 1649 770 1680 -et
791 1646 858 1689 III,
886 1647 984 1690 133]
1040 1646 1168 1681 Verba
1198 1656 1220 1681 a
1249 1644 1384 1681 Servio
1411 1644 1460 1680 ad
1485 1645 1594 1693 Virg.

147 1705 246 1740 Aen.
266 1704 300 1748 I,
330 1706 414 1742 299.
439 1704 520 1739 sine
551 1702 633 1739 libri
663 1701 800 1738 indicio
832 1702 886 1737 sic
913 1701 1132 1745 laudantur,
1165 1706 1204 1738 ut
1233 1701 1353 1748 magis
1375 1702 1594 1738 sententiam

148 1765 341 1807 spectasse
366 1759 557 1802 videatur,
596 1769 706 1805 quam
738 1758 916 1794 orationis
944 1759 1116 1794 sormam.
1177 1756 1255 1795 Sed
1276 1756 1593 1804 desantiquiorum

147 1817 340 1853 hominum
369 1815 662 1863 migrationibus
679 1826 701 1850 a
730 1814 906 1851 Sallustio
940 1813 1078 1850 dictum
1110 1814 1228 1850 fuisse
1255 1824 1368 1860 quum
1394 1813 1441 1850 de
1463 1815 1593 1861 primis

150 1873 346 1911 Sardiniae
369 1873 501 1910 incolis
523 1873 673 1918 ageret,
694 1882 741 1906 ex
761 1875 938 1918 sequente
961 1871 1184 1917 Fragmento
1207 1873 1374 1917 apertum
1393 1869 1454 1915 fit3
1477 1881 1594 1917 quare

148 1930 236 1966 huic
258 1931 348 1966 satis
369 1933 510 1965 certum
526 1923 649 1964 locum
671 1928 891 1975 assignasse
911 1926 1098 1963 videmur.

263 1987 322 2023 Fr.
339 1991 394 2025 11.
436 1984 552 2031 [Cort.
571 1990 608 2031 Ρ.
630 1988 735 2022 1010.
758 1984 855 2020 Gerl.
878 1983 940 2019 ed.
962 1984 1050 2019 mai.
1074 1983 1148 2019 Ine.
1165 1986 1247 2022 200.
1271 1981 1329 2018 ed.
1356 1982 1446 2018 min.
1468 1982 1512 2028 n,
1536 1986 1592 2021 lo.

150 2055 187 2090 p.
210 2047 291 2088 201,
314 2046 351 2082 3.
377 2043 488 2081 Debr
509 2039 658 2089 11,·37.]
719 2041 785 2077 Hic
803 2051 950 2087 quoque
970 2041 1077 2076 loeus
1098 2039 1220 2087 magis
1240 2040 1289 2077 ob
1311 2049 1393 2083 res,
1415 2049 1525 2085 quam
1547 2040 1596 2075 ob

151 2101 270 2135 verba
290 2099 364 2135 huc
398 2099 576 2144 pertinet;
618 2095 774 2133 Servius
797 2097 895 2133 enim
921 2096 971 2132 ad
994 2107 1146 2132 versum
1169 2095 1317 2142 Virgilii
1336 2095 1436 2132 Aen.
1456 2095 1491 2139 Ι,
1512 2098 1592 2134 601.

152 2155 331 2202 Quisquid
357 2155 487 2201 ubique
522 2158 577 2190 est
605 2153 727 2190 Gentis
755 2153 996 2197 Dardaniae,
1038 2163 1211 2200 maynum
1238 2161 1334 2199 quae
1360 2161 1498 2198 sparsa
1519 2160 1596 2198 per

152 2211 297 2257 orbem,
324 2211 421 2247 haec
453 2209 664 2255 annotavit:
711 2210 912 2254 „Meminit
934 2209 1134 2253 historiae;
1167 2208 1270 2244 multi
1291 2208 1389 2244 enim
1417 2211 1503 2254 post
1531 2218 1595 2243 ex-

152 2267 292 2304 cidium
311 2267 444 2303 Troiae
466 2266 567 2302 orbis
588 2265 742 2301 diversa
761 2269 966 2310 tenuerunt,
999 2269 1036 2300 ut
1051 2265 1215 2301 Helenus
1233 2264 1400 2311 Epirum,
1427 2264 1594 2301 Antenor

151 2324 371 2370 Venetiam,
394 2323 459 2358 alii
484 2321 717 2365 Sardiniam,
743 2322 942 2358 secundum
970 2320 1220 2358 Sallustium.“
1276 2319 1446 2357 Eundem
1474 2320 1594 2358 Sallu-

153 2381 211 2416 stii
233 2381 355 2416 locum
383 2378 481 2415 idem
511 2377 664 2424 respicit
687 2377 736 2413 ad
756 2378 851 2413 Aen.
876 2378 912 2422 1,
933 2380 1014 2416 242.
1075 2378 1186 2423 „Non
1214 2378 1295 2414 sine
1322 2387 1460 2413 caussa
1478 2376 1592 2412 Ante-

152 2437 256 2473 noris
275 2435 400 2483 posuit
420 2435 644 2481 exemplum,
662 2444 773 2480 quum
794 2434 896 2469 multi
907 2433 1152 2484 Troianorum
1169 2434 1357 2472 evaserint
1369 2433 1589 2479 periculum,

154 2497 192 2528 ut
212 2492 358 2540 Capys,
386 2492 447 2538 q'ui
469 2490 710 2537 Campaniam
732 2491 866 2535 tenuit,
894 2494 932 2526 ut
951 2490 1135 2535 Helenus,
1165 2491 1227 2537 qui
1248 2488 1525 2534 Macedoniam,
1552 2491 1594 2524 ut

151 2550 233 2595 alii,
263 2550 327 2596 qui
354 2547 586 2593 Sardiniam,
619 2546 819 2582 secundum
847 2545 1097 2582 Sallustium.“
1157 2546 1255 2592 Quid
1274 2546 1406 2582 horum
1426 2543 1592 2581 Sallustii

152 2606 222 2651 sit,
254 2616 364 2641 nemo
388 2604 523 2640 dixerit
531 2614 542 2648 ;
582 2612 696 2650 quare
722 2602 946 2639 coniecturis
966 2603 1117 2639 omissis
1147 2603 1237 2640 satis
1257 2601 1438 2638 habemus
1469 2599 1593 2637 Servii

151 2662 278 2699 verbis
297 2661 371 2697 huc
395 2659 627 2697 collocandis
648 2658 803 2706 digitum
823 2659 931 2705 quasi
954 2658 1160 2696 intendisse
1186 2657 1236 2695 ad
1253 2657 1316 2703 id,
1343 2655 1593 2703 quodvauetor

153 2718 190 2755 in
210 2717 282 2755 hac
302 2716 547 2753 Historiarum
570 2719 676 2763 parte
695 2715 882 2754 tractavit.
