1774 3002
305 0 361 9 vvw,
377 0 393 4 ..-

0 0 88 126 Γ,
102 0 133 46 -ΙιΙ
250 41 254 44 .

0 129 43 231 3⁴

459 157 790 199 HISTORIARUM
817 152 1131 194 FRAGMENTA.
1187 152 1274 189 LIB.
1304 151 1332 187 Ι.
1558 142 1615 185 65

177 287 291 331 etam
320 297 444 338 oese,
475 284 551 327 aut
586 281 631 326 in
661 280 865 340 periculis
894 295 922 325 a
954 276 1298 339 promptissumo
1328 286 1506 334 quoque
1536 271 1620 316 de-

179 366 319 422 fendi,
359 365 547 426 denique
584 378 723 424 prava
757 363 931 422 incepta
969 359 1294 407 consultoribus
1332 369 1476 402 noxae
1504 367 1619 399 esse.

180 450 272 496 Sed
309 451 462 495 contra
499 446 787 492 seditionibus
823 444 967 490 omnia
1010 444 1183 488 turbata
1214 444 1340 496 sunt,
1381 442 1425 484 et
1459 437 1514 483 ab
1552 436 1621 490 iis,

182 547 295 595 quos
325 529 556 592 prohibere
584 529 728 589 magis
758 527 961 582 decebat,
1000 531 1245 586 postremo,
1286 537 1399 585 quae
1428 519 1622 581 pessumi

183 680 315 716 campo
332 668 465 704 Martio
488 667 691 702 commissa
716 665 835 701 victus
855 664 922 709 (el.
945 664 1045 699 Flor.
1065 662 1123 706 Ill,
1145 665 1204 704 23,
1225 662 1282 705 6.)
1302 660 1340 696 in
1363 658 1546 695 Etruriam
1567 668 1625 692 re-

183 726 333 763 cessit..
357 724 557 770 Pompeius
587 726 708 758 autem
741 721 890 767 fugatos
917 720 1148 766 reipublicae
1175 717 1304 753 hostes
1333 718 1557 763 persecutus
1588 714 1625 748 in

183 782 341 818 Galliam
357 779 587 826 Cisalpinam
603 776 807 820 contendit,
830 787 939 822 quam
957 776 1104 818 Brutus,
1132 773 1259 820 Lepidi
1282 774 1441 820 legatuS‚
1462 771 1625 813 tenebat,

185 848 344 884 eumque
366 836 546 872 Mutinam
566 834 799 879 compulsum
818 843 885 879 per
913 831 1065 878 aliquod
1089 836 1238 876 tempus
1254 828 1451 865 obsidione
1471 825 1625 874 pressit.

187 894 283 930 Dum
303 892 400 929 haec
429 894 587 938 aguntur
613 888 776 936 Lepidus
797 890 907 925 novis
935 889 1055 935 copiis
1075 887 1241 924 collectis
1268 886 1399 920 iterum
1423 883 1627 919 exercitum

190 950 240 986 ad
261 950 388 986 urbem
416 947 584 984 admovit
607 949 644 980 et
661 944 945 981 condicionibus
964 955 1048 980 cum
1075 947 1208 979 senatu
1230 942 1329 988 egit;
1351 941 1397 976 ef.
1419 943 1452 983 ς.
1474 944 1530 978 lo.
1569 938 1627 974 An

187 1005 430 1054 exspedatie,
450 1003 536 1039 dim
563 1002 786 1037 exercitu
813 1009 991 1037 rursus
1015 1000 1197 1035 admoto
1219 997 1327 1044 ferr-o
1348 995 1627 1043 atqueflamma

185 1060 311 1099 urben
331 1059 510 1097 invadat?
558 1056 648 1093 ibid.
671 1059 706 1099 S.
731 1059 788 1094 14.
827 1056 885 1092 An
913 1054 1280 1103 Lepidimandata
1300 1053 1441 1088 αηὰηοε
1459 1053 1630 1088 movere?

186 1121 222 1160 s.
242 1119 300 1156 17.
337 1116 403 1152 Ex
428 1114 585 1151 lubidine
612 1114 738 1159 leyes
762 1114 1083 1159 imperantur,
1111 1122 1221 1159 quum
1247 1110 1392 1145 interim
1410 1117 1474 1144 vos
1500 1108 1629 1154 lequ—

187 1178 259 1211 tos
286 1177 330 1210 et
353 1172 551 1207 decreta
570 1170 734 1216 paratis.
775 1169 962 1204 Plutarch.
992 1169 1028 1204 in
1047 1169 1178 1214 Pomp.
1198 1178 1231 1202 c.
1255 1169 1311 1204 16.
1337 1177 1373 1212 p.
1397 1166 1478 1204 737.
1500 1163 1628 1200 Reisk.

179 1221 227 1267 eo
243 1220 455 1277 Πθβῦῆῖθς
473 1217 687 1273 ἀπεδείχθη
704 1217 985 1274 στρατεύματος
1000 1214 1157 1274 ἡγεμὼν
1175 1218 1238 1259 ἐπὶ
1257 1215 1327 1258 τὸν
1339 1217 1532 1266 Λέπιδον,
1551 1212 1631 1268 ἤδη

186 1277 313 1322 πολλὰ
339 1283 408 1332 τῆς
431 1274 595 1326 Ἰταλίας
613 1274 867 1328 νενικηκότα,
898 1276 966 1317 καὶ
996 1275 1071 1329 τὴν
1098 1272 1207 1324 ἐντὸς
1221 1272 1404 1315 ’Ἄλπεων
1431 1271 1631 1313 Γαλατίαν

188 1337 397 1390 κατέχοντα
417 1334 485 1375 dade
503 1329 682 1386 Βρούτου
708 1331 973 1386 στρατεύματι.
1013 1335 1092 1372 τῶν
1113 1331 1186 1383 μὲν
1204 1323 1280 1372 οὖν
1298 1327 1430 1369 ἄλλων
1443 1326 1632 1381 ἐκράτησε

189 1394 334 1449 ῥᾳδίως
355 1385 533 1433 ἐπελθὼν
546 1405 569 1430 0
587 1386 814 1441 Πομπήϊος,
842 1389 885 1429 ἐν
905 1388 949 1429 δὲ
964 1389 1152 1443 Μουτίνῃ
1170 1391 1240 1439 τῆς
1254 1386 1447 1433 Γαλατίας
1464 1378 1631 1425 ἀπεκά-

189 1454 293 1502 θητο
308 1451 364 1504 τῷ
385 1444 548 1501 Βρούτῳ
568 1441 714 1497 συχνὸν
732 1442 885 1498 χρόνον.
919 1439 1007 1484 Ἐν
1025 1436 1059 1499 ᾇ
1079 1443 1302 1490 Λέπιδος
1325 1441 1403 1481 ἐπὶ
1420 1435 1631 1493 τὴνῬό-

191 1521 286 1557 μην
313 1503 448 1558 ῥυεὶς
474 1501 557 1542 καὶ
584 1498 1014 1553 προσκαθήμενος
1044 1500 1230 1549 ἔξωθεν
1256 1495 1504 1539 ὑπατείαν
1527 1492 1633 1550 ᾔτει

194 1555 591 1613 δεντέραν,.ὄχλῳ
606 1559 772 1610 πολλῷ
790 1553 1134 1609 δεδιττόμενος
1147 1550 1255 1604 τούς
1274 1554 1433 1595 ἔνδον.
1467 1557 1562 1599 ets.
1576 1558 1631 1593 15.

192 1621 404 1658 Alterum
434 1617 735 1654 consulatum
755 1620 903 1664 petis,
930 1618 1037 1664 quasi
1055 1617 1221 1664 primm
1245 1614 1466 1651 reddideris.
1516 1612 1633 1659 Igitur

193 1677 269 1713 hoc
287 1677 404 1713 altero
423 1672 554 1720 Lepidi
581 1672 747 1709 adventu
767 1684 881 1719 quum
900 1674 1053 1717 civitas,
1080 1684 1178 1719 quae
1208 1673 1282 1708 iam
1302 1671 1366 1707 diu
1385 1670 1535 1706 aeribus
1556 1667 1634 1704 dis-

194 1733 434 1770 sensionibus
460 1731 668 1777 agitabatur
690 1730 770 1774 (er.
789 1730 886 1765 infra
907 1733 940 1772 s.
968 1734 999 1768 1.
1022 1730 1127 1774 16.),
1158 1730 1196 1764 in
1216 1738 1392 1775 mag-nam
1414 1725 1634 1774 perturbati-

194 1799 306 1825 onem
325 1791 427 1824 esset
444 1786 625 1830 coniecta,
645 1786 729 1821 aliis
743 1786 883 1833 Lepido
905 1786 1127 1829 faventibus,
1150 1785 1234 1821 aliis
1253 1795 1322 1831 per
1338 1783 1530 1831 ignaviam
1545 1792 1635 1817 cun-

194 1845 379 1882 ctantibus
398 1847 435 1879 et
457 1841 548 1888 quid
567 1841 758 1888 agendum
777 1847 881 1878 esset
900 1842 1163 1886 dubitantibus,
1186 1845 1337 1877 exortus
1358 1844 1418 1875 est
1437 1839 1477 1874 in
1501 1841 1634 1874 senatu

196 1901 403 1948 Pffifippm,
422 1903 462 1935 et
480 1897 589 1945 gravi
608 1898 775 1934 oratione
798 1898 1032 1945 torpedinem
1052 1898 1186 1934 animis
1207 1900 1383 1933 excutere
1395 1923 1405 1939 ,
1424 1895 1634 1942 perieulum

197 1956 396 1992 ostendere
410 1960 448 1990 et
461 1953 511 1989 ad
526 1954 666 1988 sortiter
682 1958 717 1989 et
734 1958 885 1990 strenue
901 1954 1153 1990 resistendum
1167 1953 1307 1988 hortari
1323 1950 1475 1987 studuit.
1513 1950 1635 1994 Quum

198 2011 330 2058 Lepidi
356 2009 489 2046 seditio
519 2019 615 2044 anno
644 2019 678 2045 a.
700 2008 783 2044 Chr.
811 2021 847 2044 n.
876 2011 935 2047 78.
954 2014 1121 2045 extremo
1143 2010 1368 2055 incepisset,
1399 2007 1495 2043 haec
1514 2006 1635 2041 oratio

201 2066 392 2113 sequentis
410 2065 496 2100 anni
521 2064 546 2099 i.
566 2074 602 2098 e.
630 2065 690 2101 77.
712 2065 815 2105 initio
838 2064 963 2101 habita
984 2070 1060 2109 est,
1086 2066 1195 2100 novis
1225 2064 1440 2100 consulibus
1470 2061 1637 2098 nondum

202 2123 358 2166 creatis,
381 2125 419 2156 ut
437 2123 538 2168 patet
556 2130 604 2155 ex
624 2122 661 2163 s.
682 2121 758 2163 ΞΆ

317 2194 353 2234 s.
374 2195 410 2228 1.
447 2190 628 2237 denique)
661 2169 765 2226 Hanc
791 2187 1015 2238 'particulam
1038 2190 1182 2227 Cottius
1206 2190 1296 2228 dicit
1324 2191 1550 2238 „eleganter
1571 2187 1637 2225 ad-

182 2243 186 2246 ’
203 2248 355 2284 hibitmn
371 2245 714 2292 comprehendendi
732 2248 768 2283 vi
786 2247 998 2295 significare
1016 2251 1057 2283 ul
1067 2248 1204 2294 paucis
1217 2247 1378 2283 dicam.“
1413 2246 1491 2284 Sed
1511 2255 1638 2293 quam-

206 2314 316 2350 quam
337 2312 452 2348 saepe
476 2303 527 2337 ita
545 2303 706 2348 ponitur,
729 2308 767 2339 ut
785 2303 1015 2340 ostendimus
1035 2303 1084 2339 ad
1104 2304 1185 2351 lug.
1204 2315 1236 2340 c.
1254 2302 1423 2346 LXXIX,
1443 2305 1493 2347 7.,
1514 2307 1636 2338 tamen

152 2411 166 2420 n
206 2360 242 2395 h.
263 2361 288 2394 l.
305 2358 500 2404 vulgarem
519 2361 739 2403 potestatem
761 2361 911 2404 retinet,
940 2370 1013 2406 qua
1040 2360 1244 2406 tripartitae
1266 2359 1470 2396 sententiae
1490 2359 1637 2394 tertium

206 2415 409 2450 membrum
431 2412 653 2460 adiungitur.
697 2415 791 2452 Nam
814 2420 978 2463 optatum
996 2415 1155 2463 Philippi
1178 2420 1253 2452 tres
1274 2427 1335 2452 res
1356 2415 1530 2452 diversas
1551 2424 1638 2449 con-

209 2471 319 2514 tinet,
342 2470 476 2516 quibus
498 2469 648 2504 totidem
669 2481 716 2506 ex
742 2473 859 2508 altera
877 2477 981 2519 parte
1002 2464 1211 2508 contrariae
1235 2471 1484 2520 respondent,
1511 2480 1639 2518 quam-

208 2537 318 2574 quam
340 2525 489 2571 singula
511 2523 700 2570 particulis
712 2525 895 2574 prinnini,
924 2532 997 2565 laun
1024 2539 1100 2564 non
1129 2527 1290 2564 discreta
1319 2532 1417 2564 sunt.
1469 2526 1579 2571 Quod
1607 2526 1638 2561 si

210 2582 394 2624 tenueris,
430 2581 539 2616 simul
566 2580 751 2628 intelliges
780 2585 818 2620 in
849 2586 966 2621 altera
993 2585 1255 2620 enunciatione
1280 2589 1365 2631 post
1394 2583 1546 2620 decebat
1566 2592 1640 2617 non

208 2642 386 2686 punctum
404 2637 493 2683 poni
514 2635 664 2681 debere,
683 2642 722 2673 ut
743 2650 766 2675 a
781 2639 975 2677 Gerlachio
995 2645 1029 2676 et
1053 2640 1191 2677 Orellio
1211 2641 1347 2677 sactum
1365 2644 1433 2684 est,
1453 2638 1523 2675 sed
1542 2649 1642 2673 com-

210 2698 308 2730 mate
333 2693 472 2740 pariter
499 2696 538 2727 ut
564 2696 650 2738 post
669 2692 818 2741 defendi
844 2707 929 2732 esse
958 2696 1306 2743 interpungendum.
1358 2698 1495 2736 Verbis
1516 2708 1642 2746 prava

210 2750 356 2795 incepta
382 2743 645 2790 cimam-mus
663 2740 788 2787 nixae
818 2762 897 2790 esse
922 2752 1116 2800 Philippus
1148 2753 1276 2790 alludit
1306 2753 1354 2789 ad
1381 2754 1646 2803 pervulgatum

271 2815 437 2840 SALLUSTI
470 2814 606 2838 FRAGM.
