1774 3002
152 164 236 207 100
635 166 675 203 C.
706 166 937 205 SALLUSTI
968 166 1119 206 CRISPI

291 294 358 338 72.
421 290 762 354 Occupatusque
785 293 911 339 collis
937 292 1221 339 editissumus
1247 291 1366 358 apud
1391 291 1598 351 Ilerdam3

153 388 254 420 eum
283 375 422 421 multa
451 390 587 435 opera
619 375 870 422 circumdat.

292 462 360 506 73.
419 459 665 515 Sertorius,
697 459 836 519 portis
859 459 988 505 turba
1015 459 1287 505 morantibus
1315 460 1359 505 et
1388 458 1531 515 nullo,
1553 461 1601 504 ut

159 630 200 655 re
219 630 259 655 v.
282 619 331 655 ad
346 619 426 666 lug.
450 617 525 654 CIII
539 647 548 663 ,
565 621 600 656 4.
619 630 656 666 p.
676 622 758 658 560.
816 619 869 655 De
888 597 1048 655 Domitio
1073 619 1121 655 ef.
1143 623 1337 666 praeterea
1348 618 1457 656 Oros.
1471 619 1520 663 V,
1542 621 1601 657 23.

158 677 262 712 Flor.
278 676 433 720 111‚-22‚
456 677 490 712 6.
521 679 558 710 et
577 676 656 713 Liv.
682 675 881 722 Epit.XC.,
909 677 971 712 ubi
997 677 1220 722 interpretes
1241 680 1342 713 recte
1365 679 1602 720 monuerunt,

99 748 101 750 ·
159 733 241 769 eius
266 741 498 779 praenomen
516 730 586 778 M.,
606 731 709 779 quod
728 732 840 769 codd.
861 731 1011 780 habent,
1031 733 1069 768 in
1084 731 1129 768 L.
1151 743 1237 769 esse
1256 733 1490 770 mutandum.

270 789 331 824 Fr.
361 790 418 827 72.
466 785 579 836 [Cort.
609 799 646 835 p.
663 790 744 827 954.
781 789 879 835 Gerl.
903 788 966 825 ed.
986 791 1076 826 mai.
1104 789 1139 834 Ι,
1163 790 1224 827 43.
1254 789 1323 826 ed.⁴
1342 790 1434 826 rnin.
1455 789 1490 834 1,
1521 791 1603 828 109.

158 858 197 893 p.
221 847 308 890 198,
330 849 365 883 5.
407 844 520 883 Debr.
540 844 591 889 ΙΙ,
620 845 697 889 60.]
745 845 873 882 Verba
893 849 1045 881 exstant
1063 845 1165 892 apud
1187 845 1303 883 Arus.
1326 856 1366 882 v.
1388 846 1605 890 circumdat,

157 914 197 949 p.
212 905 292 940 219.
314 901 496 946 Lindem.,
519 905 555 936 et
570 901 671 948 apud
691 902 872 938 Priscian.
892 901 975 947 XV,
992 906 1027 947 2,
1046 905 1082 941 9.
1111 913 1150 949 p.
1166 905 1249 941 618.
1272 903 1357 948 Kr.‚
1383 902 1544 947 sedita,
1565 906 1606 938 ut

158 961 250 994 alter
274 959 380 994 locus
409 969 456 993 ex
486 959 602 993 altero
633 958 681 994 sit
715 958 971 1006 supplendus3
1008 969 1097 994 nam
1118 959 1330 996 Arusianus
1356 963 1458 995 caret
1477 959 1604 995 verbis

157 1015 261 1062 apud
287 1014 475 1059 Ilerdam,
510 1015 727 1051 Priscianus
760 1019 883 1051 autem
912 1015 981 1050 tria
1008 1015 1135 1061 priora
1161 1026 1290 1062 occup.
1317 1017 1388 1053 eol.
1417 1016 1501 1053 edit.
1530 1026 1605 1051 non

157 1072 293 1107 retulit.
352 1071 553 1106 Praeterea
583 1071 672 1106 olim
701 1071 740 1106 in
768 1075 925 1118 utroque
955 1075 1127 1119 corrupte
1158 1071 1466 1109 edebatur.cum
1491 1073 1606 1108 multa

156 1138 274 1176 opera
303 1127 630 1170 circumdata,
666 1138 836 1175 proquo
865 1127 1146 1163 Lindemannus
1179 1139 1200 1163 e
1229 1128 1444 1167 eod..Gud.
1473 1139 1604 1165 veram

155 1185 357 1221 lectionem
376 1184 557 1231 reposuit,
580 1184 688 1220 cuius
709 1185 909 1232 vestigium
925 1181 1079 1231 aliquod
1099 1184 1212 1221 etiam
1231 1186 1269 1220 in
1288 1185 1471 1223 Prisciani
1490 1184 1603 1222 codd.

111 1243 113 1246 “
158 1241 420 1288 Gemblacensi
437 1244 474 1276 et
488 1239 706 1282 Coloniensi
723 1244 854 1285 exstat,
872 1241 1010 1288 quippe
1029 1241 1091 1287 qui
1109 1240 1288 1278 Carrione
1306 1245 1399 1278 teste
1415 1252 1491 1277 non
1509 1252 1604 1285 eum,

159 1297 229 1335 sed
271 1307 354 1334 eum
389 1296 611 1342 exhibeant,
661 1307 886 1344 quamquam
923 1298 1163 1344 participium
1204 1298 1241 1333 in
1279 1297 1355 1334 fine
1394 1301 1605 1335 servantes.

158 1356 318 1393 Prorsus
345 1353 507 1400 insipide
536 1354 648 1401 igitur
677 1353 899 1390 Gerlachius
917 1355 1004 1389 Vol.
1026 1354 1087 1390 III.
1104 1355 1220 1401 p.'74.
1249 1355 1316 1400 „si
1347 1364 1450 1401 eum,
1475 1355 1604 1401 inquit,

160 1410 439 1454 emendaveris,
455 1410 736 1446 circumdedit
754 1411 964 1458 corrigatur
985 1421 1144 1447 necesse
1168 1412 1265 1446 est.“
1293 1411 1505 1458 Verborum
1522 1421 1607 1447 sen—

160 1479 226 1504 sus
259 1468 488 1513 aliquantum
516 1466 720 1503 illustratur
740 1468 824 1504 loco
845 1466 969 1503 Orosii
996 1467 1052 1512 V,
1086 1469 1146 1505 23.
1204 1466 1382 1504 Manilius
1401 1467 1609 1515 proconsul

162 1524 302 1560 Galliae
319 1524 358 1559 in
369 1522 594 1570 Hispaniam
614 1534 697 1560 cum
718 1524 831 1560 tribus
851 1521 1045 1571 leyion‘ilms
1065 1527 1099 1559 et
1115 1524 1423 1572 millequinqentss
1434 1523 1608 1571 equitibus

159 1580 585 1629 nansyressusiniquam
595 1590 677 1616 cum
686 1579 868 1621 Hirtuleio
880 1590 1048 1627 puqnam
1059 1581 1262 1621 conseruit,
1262 1591 1296 1616 a
1315 1591 1403 1629 quo
1423 1581 1608 1618 castris

161 1637 410 1684 copiisque
432 1635 643 1672 nudatus
668 1638 713 1672 in
738 1636 962 1685 oppidum
983 1635 1361 1699 Ilerdampaene
1378 1638 1607 1673 soluere-

158 1693 301 1740 fuyit.
332 1692 378 1728 cs.
401 1692 495 1728 Plut.
521 1692 560 1727 in
576 1691 716 1729 Sertor.
737 1703 768 1727 c.
791 1695 856 1737 12,
880 1692 982 1727 med.
1004 1685 1223 1754 Σερτώριος
1241 1683 1311 1729 τὸν
1326 1688 1534 1729 Μέτελλον
1549 1713 1607 1720 ——

160 1746 214 1793 εἰς
234 1740 428 1796 τοσαύτην
455 1737 627 1798 ἀπορίαν
650 1743 904 1796 κατέστησεν,
924 1740 1030 1810 ’ὥστε
1051 1740 1227 1785 Λεύκιον
1248 1740 1439 1802 Μάλλιον
1472 1743 1517 1785 ἐκ
1541 1746 1611 1796 τῆς

159 1801 248 1857 περὶ
273 1802 480 1854 Ναρβῶνα
506 1803 696 1849 Γαλατίας
723 1800 856 1841 ἐλθεῖν
884 1794 993 1855 αὐτῷ
1011 1796 1178 1853 βοηθόν.
1237 1803 1406 1840 Eandem
1426 1806 1506 1841 re'rn
1528 1808 1608 1840 tan-

161 1863 215 1909 git
236 1862 358 1897 ·etiam
377 1860 482 1909 Epitc
500 1862 596 1898 Livii
626 1862 689 1898 lib.
721 1859 820 1906 XC„
852 1860 922 1897 sed
948 1861 1124 1906 brevius,
1155 1863 1192 1896 et
1208 1859 1349 1897 Manlii
1361 1861 1513 1897 nomine
1537 1872 1606 1908 pro

158 1917 308 1955 Manilii
326 1903 506 1965 exhibito.
533 1938 579 1953 -—
603 1917 772 1954 Ilerdam
793 1918 1014 1964 scripsimus
1043 1918 1261 1954 auctoritate
1281 1918 1487 1954 Prisciani·
1477 1945 1487 1963 ,
1519 1916 1606 1953 Co‘r-

161 1967 233 2012 tius
263 1974 442 2021 multique
475 1975 537 2010 alii
567 1975 754 2011 dederunt
783 1971 999 2017 Haemum,
1036 1973 1351 2020 quamsfonnam
1375 1973 1606 2011 Scheiderus

162 2042 311 2079 quoque
337 2030 502 2067 Gramm.
528 2031 609 2068 Lat.
632 2031 667 2077 Ι,
690 2036 724 2069 1.
757 2042 796 2078 p.
823 2033 902 2069 194.
929 2030 1124 2078 probavit,
1155 2031 1542 2072 veteribus‚nummis
1571 2033 1607 2065 et

160 2088 467 2134 inscriptionibus
494 2089 618 2124 minus
642 2088 808 2124 tribuens
824 2116 833 2132 ,
865 2098 977 2134 quam
995 2086 1144 2122 Phocae
1165 2086 1414 2124 Grammatico
1443 2097 1482 2133 p.
1501 2088 1606 2125 1⁷24.

160 2144 350 2189 (Lindem.
370 2144 456 2178 Vol.
476 2144 559 2190 I..p.
575 2146 696 2189 355),
726 2143 827 2191 quod
843 2145 950 2180 nobis
974 2155 1084 2179 secus
1104 2142 1266 2179 videtur.
1286 2142 1607 2190 —Singulorum

162 2211 282 2247 aeque
317 2201 517 2236 verborum
552 2212 595 2236 ac
636 2201 747 2236 totius
784 2201 991 2236 sententiae
1020 2199 1231 2235 accuratior
1265 2199 1464 2245 explicatio
1493 2198 1607 2236 valde

82 2260 89 2266 ‘
163 2257 339 2303 ambigua
369 2260 482 2291 estet
511 2256 712 2303 impedita,
743 2267 855 2303 quum
886 2267 962 2292 non
983 2259 1128 2291 constet
1149 2255 1197 2291 de
1223 2255 1446 2301 Manilione,
1480 2258 1539 2292 'au
1557 2255 1605 2291 de

161 2313 340 2350 Hirtuleio
358 2316 503 2359 agatur.
562 2312 642 2348 Hoc
665 2323 779 2348 unum
802 2316 942 2348 tantum
963 2322 1038 2348 non
1052 2310 1203 2347 videtur
1219 2311 1384 2357 dubium,
1405 2316 1497 2348 ante.
1506 2312 1606 2348 illam

162 2380 351 2418 pugnam,
377 2379 450 2415 qua
465 2369 642 2405 Manilius
667 2369 749 2407 sive
773 2368 934 2404 Manlius
951 2368 1073 2405 victus
1096 2372 1170 2412 est,
1193 2379 1272 2405 rem
1292 2371 1478 2405 narratam
1509 2367 1607 2404 acci-

165 2426 283 2463 disse.
343 2424 422 2462 Sed
438 2429 516 2461 utut
535 2429 604 2470 est,
625 2425 737 2461 multa
762 2434 879 2471 opera
899 2436 974 2460 non
992 2428 1116 2471 potest
1137 2424 1184 2461 de
1202 2426 1286 2472 ipso
1314 2424 1511 2462 obsidendi
1536 2435 1606 2471 ap-

157 2487 303 2531 paratu
323 2482 492 2529 intelligi,
515 2481 585 2518 sed
601 2482 699 2518 valet
712 2492 846 2528 mayna
867 2481 1048 2529 diliyentia
1068 2485 1104 2517 et
1123 2483 1347 2520 contentione
1354 2497 1366 2522 ;
1388 2482 1436 2516 es.
1455 2479 1533 2516 Cic.
1555 2479 1605 2516 ad
1679 2490 1683 2495 ⁴

165 2541 345 2576 Plancum
364 2539 401 2574 in
420 2539 514 2586 Epp.
541 2538 590 2574 ad
610 2538 722 2574 Attic.
742 2536 849 2582 XVI,
873 2540 931 2576 16.
994 2538 1166 2574 Omnibus
1201 2538 1312 2574 rebus
1338 2547 1473 2584 mayna
1499 2546 1604 2582 cura,

166 2597 316 2633 multa
344 2605 491 2643 opera
515 2599 551 2631 et
577 2595 702 2632 labore
729 2594 917 2641 consectis.
956 2594 1006 2630 id.
1037 2594 1126 2631 ibid.
1154 2594 1254 2639 XlV,
1279 2596 1337 2632 14.
1358 2593 1420 2629 fin.
1483 2593 1610 2630 Omni

165 2662 313 2703 opera
333 2653 472 2698 enitar,
491 2655 533 2687 ut
549 2652 594 2688 de
613 2651 814 2688 Buthrotia·
831 2647 1180 2688 senatusconsultum
1193 2651 1274 2697 fiat.

277 2709 342 2748 Fr.
365 2710 426 2747 73.
478 2706 655 2755 [Corn-p.
676 2710 757 2748 956.
811 2707 907 2744 Gerl.
933 2708 993 2748 ed,
1009 2709 1097 2744 mai.
1122 2708 1158 2751 Ι,
1179 2710 1240 2745 65.
1266 2705 1328 2741 ed.
1351 2707 1442 2742 min.
1464 2706 1499 2751 Ι,
1524 2708 1606 2744 119.

163 2769 300 2815 p.-198‚
326 2770 381 2806 18.
402 2765 512 2803 Debr.
534 2766 583 2811 ll,
603 2765 700 2809 138.]
716 2765 842 2801 Verba
857 2763 1002 2801 Nonius
1016 2766 1074 2801 bis
1091 2763 1275 2807 laudavit,
1292 2762 1356 2810 IV,
1377 2764 1509 2810 128.p.
1522 2765 1606 2809 282,
