1774 3002
487 125 569 163 ‘AD
603 125 864 164 ERNESTUM
892 124 1324 163 WUESTEMANNUM.
1546 131 1670 163 xxm

163 259 270 299 quae
307 246 556 298 scriptorum
590 245 745 286 invidia
771 244 1023 286 incelebrata
1058 246 1224 287 siverat.
1282 246 1486 298 Exposito
1517 246 1668 288 deinde

161 314 310 356 infelici
344 314 495 356 Metelli
530 325 753 362 successu,
791 325 816 354 a
852 314 1037 355 Sertorio
1077 315 1134 355 ita
1165 314 1324 366 pressi,
1366 319 1412 354 ut
1443 315 1668 366 Pompeius

161 384 200 424 ei
227 382 379 424 auxilio
407 381 634 423 mittendus
658 386 791 430 esset,
828 393 854 420 a
879 382 1004 422 rebus
1032 382 1228 433 Hispanis
1257 382 1405 423 transit
1432 382 1487 421 ad
1514 381 1666 423 bellum

162 451 496 498 Macedonicum,
540 450 689 490 eodem
726 454 916 500 tempore
957 450 1009 489 ab
1047 452 1159 502 App.
1187 450 1355 491 Claudio
1389 453 1576 499 gestum,
1617 461 1668 490 ac

165 519 314 560 deinde
340 520 383 559 P.
401 516 563 559 Servilii
584 516 889 566 expeditionem
916 523 1061 558 contra
1084 518 1238 569 piratas
1254 522 1493 568 susceptam
1514 523 1666 558 narrat.

276 587 470 628 Secundo
499 585 619 634 libro,
649 584 842 636 quoniam
869 585 1007 626 omnia
1031 587 1158 635 bella,
1189 587 1242 626 de
1268 586 1419 636 quibus
1449 585 1667 637 superiore

161 656 335 704 dicmm,
374 655 509 695 adhuc
542 653 794 704 flagrabant,
832 653 889 694 ita
914 659 1061 695 auctor
1088 652 1223 704 pergit
1257 652 1297 692 in
1328 665 1472 694 eorum
1501 654 1667 706 exposi-

161 722 292 772 tione,
328 726 376 776 ut
410 722 463 762 de
491 720 635 772 Lepidi
656 722 841 762 <tumultu
856 754 866 770 ,
903 733 956 761 ex
982 721 1095 761 ltalia
1126 720 1166 759 in
1192 720 1422 762 Sardiniam
1460 727 1503 763 et
1532 722 1667 764 Corsi-

162 803 255 841 cam
279 791 500 837 translato,
534 790 782 829 absolveret.
841 790 984 839 Longe
1012 787 1230 828 maximam
1259 793 1396 828 autem
1425 790 1546 831 huius
1575 791 1667 832 libri

162 865 321 910 partem
341 858 503 898 videtur
524 857 619 897 belli
637 855 861 897 Sertoriani
883 855 1106 897 narrationi
1130 855 1336 905 tribuisse,
1362 858 1516 910 quippe
1537 860 1665 910 quod,

162 939 215 968 ex
247 938 330 977 quo
360 924 582 976 Pompeius
618 925 660 965 iu
682 923 920 975 Hispaniam
952 923 1087 972 venit,
1124 935 1236 964 novo
1268 925 1410 966 furore
1436 934 1666 981 exarserat,

160 1000 225 1044 ut,
254 992 442 1045 quamvis
467 992 582 1032 varia
611 993 777 1033 fortuna
802 989 990 1031 maximis
1018 990 1188 1042 proeliis
1221 998 1495 1043 pugnaretur,
1525 994 1664 1035 Serto-

159 1062 246 1104 rius
274 1066 411 1102 tamen
437 1059 616 1104 invictus
641 1063 803 1109 ageret,
842 1069 892 1098 ac
921 1070 1005 1099 non
1026 1060 1163 1099 solum
1194 1059 1370 1100 ducibus
1398 1061 1664 1111 adversariis,

161 1131 238 1171 sed
266 1129 388 1170 etiam
410 1127 490 1180 ipsi
516 1127 608 1168 urbi
635 1138 839 1167 summum
869 1126 1055 1167 timorem
1077 1128 1306 1177 praeberet.
1365 1128 1575 1169 Relicuam
1604 1141 1664 1169 re-

159 1210 250 1238 rum
279 1196 379 1238 foris
404 1200 614 1247 gestarum
641 1194 850 1234 materiam
874 1195 1074 1245 praebent
1102 1197 1255 1236 bellum
1281 1196 1596 1237 Macedonicum
1624 1202 1666 1237 et

157 1264 398 1306 'thracicum
421 1265 527 1305 duce
555 1262 772 1304 Scribonio
801 1262 977 1303 Curione
1002 1269 1184 1314 gestum,
1215 1269 1257 1304 et
1284 1264 1520 1315 piraticum,
1548 1266 1661 1315 quod

159 1335 204 1374 P.
224 1331 424 1374 Servilius
453 1343 528 1382 per
552 1337 638 1372 tres
668 1343 801 1372 annos
824 1330 1044 1372 continuos
1070 1332 1381 1381 administravit,
1412 1332 1561 1383 quibus
1592 1345 1664 1373 no·

161 1413 257 1442 vum
291 1398 468 1441 accessit
495 1391 811 1440 Mithridaticum
848 1400 1029 1448 tertium,
1073 1399 1189 1441 cuius
1222 1399 1335 1440 initia
1369 1405 1515 1442 auctor
1543 1401 1663 1441 simul

161 1481 255 1510 cum
291 1468 401 1519 regis
443 1478 617 1518 genere,
652 1466 818 1517 ingenio
856 1479 906 1508 ac
943 1467 1127 1509 moribus
1157 1469 1308 1509 retulit.
1367 1471 1413 1509 In
1449 1469 1574 1509 rebus
1597 1481 1663 1510 ur-

159 1536 278 1577 banis
308 1535 483 1576 maxime
512 1534 596 1586 egit
616 1535 668 1575 de
692 1534 809 1575 raetis
838 1535 1056 1576 conatibus
1085 1537 1304 1588 potestatis
1330 1537 1571 1578 tribuniciae
1601 1549 1664 1577 re-

161 1604 414 1653 stituendae,
449 1602 519 1654 qui
547 1602 645 1643 inde
677 1604 729 1643 ab
760 1614 869 1644 anno
900 1604 967 1644 76.
998 1617 1082 1646 non
1110 1606 1226 1656 prius
1263 1610 1499 1654 cessarunt,
1539 1617 1662 1656 quam

159 1668 379 1722 Pompeius
413 1670 547 1722 plebis
590 1670 796 1711 desiderio
837 1671 1057 1722 satisfecit,
1101 1679 1142 1714 et
1178 1679 1264 1714 tum
1303 1673 1511 1714 coniuncti
1546 1679 1664 1714 erant

161 1751 254 1780 cum
282 1751 443 1780 summa
472 1738 652 1779 omnium
680 1750 818 1779 rerum
845 1740 1046 1789 gravitate
1076 1747 1117 1782 et
1146 1754 1337 1783 annonae
1368 1741 1521 1794 inopia,
1550 1742 1662 1781 unde

159 1809 356 1848 tumultus
391 1811 506 1847 ortus
544 1805 584 1845 in
619 1807 777 1847 Cottam
814 1811 1048 1858 consulem,
1094 1810 1210 1851 cuius
1244 1810 1473 1851 orationem
1511 1812 1564 1850 ad
1599 1822 1663 1851 se-

161 1875 342 1915 dandum
369 1874 597 1914 animorum
622 1879 777 1914 motum
806 1877 984 1917 habitam
1009 1878 1230 1918 Sallustius
1259 1877 1515 1928 perscripsit.

272 1941 434 1981 Tertius
463 1941 565 1980 liber
595 1946 778 1981 extrema
806 1944 930 1984 habet
958 1945 1131 1986 Sertorii
1157 1951 1358 1995 tempora,
1386 1945 1661 1987 miserandam

164 2008 253 2048 eius
285 2008 454 2047 caedem
492 2013 536 2047 et
566 2009 694 2048 totius
731 2010 827 2049 belli
862 2012 1028 2053 exitum.
1095 2017 1217 2065 Quod
1242 2016 1315 2056 ubi
1339 2016 1395 2055 ad
1418 2015 1543 2054 finem
1571 2027 1662 2055 ver-

165 2084 263 2124 gere
299 2074 455 2125 coepit,
492 2075 639 2115 eodem
673 2080 861 2127 tempore
888 2078 930 2118 in
960 2081 1063 2122 Asia
1090 2095 1252 2124 summa
1283 2084 1325 2124 vi
1364 2082 1556 2133 flagravit
1588 2083 1662 2122 Mi·

164 2141 434 2194 thridaticum,
465 2142 601 2192 Cyzici
629 2146 939 2194 oppugnatione
967 2160 1017 2188 ac
1037 2151 1261 2191 fortissima
1290 2150 1534 2191 defensione
1562 2154 1663 2192 mul-

166 2210 302 2260 tisque
327 2209 568 2250 Mithridatis
596 2211 782 2252 cladibus
807 2213 990 2265 insigne,
1021 2230 1124 2268 quas
1155 2219 1374 2260 Sallustius
1398 2220 1663 2271 persequitur

163 2287 298 2326 usque
327 2277 381 2315 ad
414 2276 514 2317 illud
543 2283 729 2329 tempus,
768 2292 851 2330 quo
881 2295 956 2324 rex
983 2286 1176 2327 Ponticus
1205 2289 1260 2327 ad
1291 2287 1437 2328 Cabira
1462 2299 1511 2328 se
1539 2299 1663 2328 rece-

163 2343 235 2394 pit.
300 2343 345 2382 In
379 2343 620 2385 Macedonia
662 2352 704 2387 et
736 2347 906 2390 Thracia
943 2352 1094 2394 bellum
1140 2356 1422 2396 continuatum
1466 2368 1492 2395 a
1528 2357 1660 2397 Scrib-

165 2410 359 2460 Curione,
393 2423 443 2452 eo
482 2414 764 2468 memorabile,
799 2420 912 2468 quod
944 2421 1029 2460 dux
1059 2423 1271 2464 Romanus
1308 2429 1394 2464 tum
1421 2424 1580 2475 primus
1607 2425 1663 2464 ad

163 2478 390 2519 Danubium
441 2481 640 2530 pervenit.
709 2484 867 2525 Eodem
900 2492 1089 2539 tempore
1117 2492 1169 2530 M.
1195 2492 1403 2532 Antonius
1430 2497 1577 2532 contra
1603 2492 1662 2542 pi—

162 2551 273 2586 ratas
314 2551 356 2586 et
379 2547 598 2588 Cretenses
629 2562 787 2592 summa
821 2556 1017 2595 socordia
1042 2558 1194 2598 bellum
1223 2559 1371 2609 gessit,
1410 2559 1526 2599 cuius
1550 2559 1662 2609 igna-

162 2614 270 2654 viam
300 2619 343 2654 et
375 2615 542 2656 foedum
579 2619 731 2659 exitum
766 2631 793 2660 a
826 2622 1019 2664 Sallustio
1049 2626 1292 2677 castigatum
1328 2627 1458 2668 fuisse
1491 2628 1659 2678 planum

164 2686 229 2722 est
250 2694 313 2722 ex
342 2683 587 2734 Fragmento
614 2686 719 2727 satis
746 2690 987 2740 conspicuo.
1022 2735 1026 2739 .
1054 2693 1203 2734 Fusius
1235 2707 1357 2745 quarn
1395 2695 1448 2735 de
1481 2700 1661 2745 utroque

162 2749 270 2790 bello
308 2751 421 2792 haud
459 2752 584 2794 dubie
612 2756 805 2806 exposuit
832 2758 885 2798 de
909 2760 1107 2800 acerrimo
1139 2761 1360 2803 certamine
1397 2774 1491 2803 cum
1527 2762 1659 2813 fugiti-
