1774 3002
133 151 219 196 374
612 155 654 193 C.
685 153 915 193 SALLUSTI
947 154 1099 193 CRISPI

274 284 341 328 17.
397 279 650 326 Exercitum
678 279 890 325 maiorum
924 294 1047 326 more
1080 282 1270 327 vortere.

274 368 341 411 18.
398 364 563 410 Hostes
599 363 802 424 oppressi
834 365 909 408 aut
939 363 1095 423 dilapsi
1127 365 1285 409 forent.

272 450 339 492 19.
393 448 528 508 Apud
563 449 702 494 latera
731 449 877 494 certos
904 446 1210 493 collocaverat.

271 534 340 576 20.
396 531 629 578 Profectus
653 530 829 592 quidam
853 529 994 591 Ligus
1024 531 1078 576 ad
1103 530 1323 595 ’requisita
1353 530 1547 574 naturae.

135 667 302 704 culosius
330 671 446 716 esset,
473 669 589 714 socii,
625 669 687 715 qui
721 671 903 704 venerant
934 667 983 704 ad
1015 667 1107 704 illud
1134 666 1428 715 prohibendum,
1455 667 1585 703 remis-

137 724 257 760 siores
289 728 325 759 et
353 725 645 772 negligentiores
676 725 758 761 fieri
789 729 1004 772 coeperunt.
1051 724 1249 770 Quodnam
1274 734 1364 761 vero
1388 721 1479 758 illud
1507 723 1583 759 bel-

133 781 222 826 lum,
253 785 316 816 aut
352 782 414 828 qui
446 782 538 818 socii
573 781 816 829 intellegendi
847 781 940 828 sint,
971 793 1106 828 parum
1135 782 1261 828 liquet.
1285 799 1341 805 —
1373 780 1456 815 Non
1480 791 1583 815 asse-

134 840 242 873 cutus
268 837 488 874 Gerlachius
517 840 690 887 graviore
718 838 807 874 bello
835 849 921 874 esse
957 838 1141 874 ablativos
1179 837 1371 873 absolutos
1408 835 1482 880 (de
1511 847 1583 883 qua

134 897 320 930 structura
340 896 389 931 cf.
412 895 472 930 Fr.
494 895 521 939 I,
549 899 607 933 10.
636 895 696 939 ΠΙ,
716 897 774 934 89.
797 894 860 939 IV,
884 897 940 939 19,
962 899 992 933 1.
1024 894 1086 939 IV,
1105 894 1198 939 64.),
1219 893 1364 941 friyere
1385 895 1508 928 autem
1536 893 1586 928 si-

134 949 315 997 gnificare
336 952 488 988 remisso
507 951 624 988 studio
643 961 734 995 esse,
756 952 932 998 lanquere
951 953 1009 996 (v.
1025 949 1224 986 Ruhnken.
1248 949 1298 985 ad
1315 948 1401 984 Ter.
1423 948 1583 994 Eun.‘11‚

132 1010 167 1053 2,
196 1007 254 1045 37.
287 1011 322 1043 et
351 1008 513 1055 Interpp.
545 1007 595 1044 ad
614 1008 750 1043 Vellei.
773 1008 816 1052 Il,
835 1009 893 1057 73,
915 1010 970 1052 2.)
1003 1007 1191 1044 Ciacconii
1220 1006 1474 1042 coniecturam
1501 1005 1582 1053 sre-

130 1072 219 1110 9ere
240 1063 327 1099 Vol.
349 1065 408 1109 111,
431 1076 469 1112 Ρ.
492 1067 574 1103 135.
597 1064 645 1100 ita
666 1065 821 1111 probat,
854 1069 892 1099 ut
920 1064 1030 1099 simul
1059 1065 1176 1100 socios
1198 1063 1308 1099 scribi
1328 1062 1418 1099 velit
1427 1072 1437 1106 ;
1463 1062 1499 1097 in
1520 1062 1582 1097 ed.

133 1119 223 1155 min.
258 1123 384 1156 tamen
413 1121 535 1156 solum
569 1120 721 1168 freyere
750 1121 956 1167 expressit,
995 1120 1267 1157 substantivum
1299 1119 1412 1166 plane
1445 1118 1580 1154 omisit.

132 1176 217 1212 Non
238 1175 361 1213 minus
381 1187 563 1225 perverse
585 1176 811 1214 Debrossius
837 1176 987 1223 scripsit
1011 1177 1183 1223 graviore
1202 1175 1312 1220 bello,
1334 1175 1399 1222 qui
1416 1174 1583 1221 prohibi-

133 1233 210 1268 turi
235 1238 396 1279 erant,
427 1234 586 1270 socios
610 1233 827 1281 freyere,
866 1234 985 1269 verba
1015 1233 1070 1269 sic
1102 1235 1241 1268 mutata
1271 1231 1321 1267 ad
1348 1230 1582 1267 Fimbrianos

133 1289 304 1325 referens
325 1289 442 1326 Asiae
465 1290 576 1325 urbes
599 1293 781 1326 vexantes
809 1300 853 1326 ac
879 1289 1113 1336 diripientes.

245 1345 307 1381 Fr.
325 1347 380 1384 17.
414 1345 529 1392 [Gort.
558 1357 595 1393 p.
626 1347 731 1384 1007.
762 1345 861 1381 Gerl.
891 1345 951 1381 ed.
976 1346 1063 1382 mai.
1095 1345 1171 1380 Inc.
1190 1347 1271 1382 102.
1302 1342 1362 1379 ed.
1391 1342 1584 1379 mimine.

131 1404 191 1440 88.
221 1414 261 1450 p.
289 1404 371 1447 240,
401 1407 434 1440 5.
464 1402 576 1439 Debr.
594 1401 637 1448 II,
658 1404 739 1440 108.
759 1402 822 1447 IV,
845 1398 920 1449 22.]
982 1401 1094 1439 Serv.
1115 1400 1164 1437 ad
1185 1400 1293 1447 Virg.
1315 1398 1410 1436 Aen.
1432 1399 1480 1444 V,
1500 1402 1582 1439 408.

131 1458 206 1495 hoc
237 1458 404 1496 Sallustii
433 1459 605 1505 exemplo
631 1458 761 1504 utitur,
791 1463 828 1494 ut
857 1459 990 1505 probet
1011 1462 1155 1494 vertere
1182 1456 1347 1504 aliquam
1374 1465 1455 1491 rem
1483 1456 1584 1492 idem

134 1525 220 1551 esse
241 1519 351 1562 atque
371 1515 622 1560 considerare,
644 1514 747 1562 quod
771 1525 892 1562 neque
913 1515 950 1551 in
973 1513 1124 1562 Virgilii
1144 1515 1281 1559 locum,
1301 1523 1423 1559 neque
1445 1513 1483 1548 in
1504 1512 1586 1550 Sal-

137 1572 299 1608 lustiana
325 1573 443 1608 verba
472 1571 642 1619 quadrat.
705 1571 824 1615 Quam
853 1571 930 1607 vim
951 1572 1106 1607 verbum
1126 1570 1286 1616 habeat,
1307 1568 1458 1604 difficile
1482 1569 1583 1605 dictu

133 1630 192 1664 est
210 1628 249 1664 in
271 1628 456 1664 sententia
476 1629 654 1675 abrupta;
677 1637 763 1663 nam
787 1627 888 1674 quod
903 1627 1079 1663 Wassius
1101 1626 1226 1663 statuit
1244 1625 1345 1661 idem
1365 1635 1452 1661 esse
1473 1629 1582 1672 atque

131 1692 281 1731 regere,
309 1685 483 1730 ductare,
518 1684 558 1720 id
581 1694 703 1730 neque
732 1676 817 1718 cum
837 1683 988 1718 notione
1018 1683 1124 1719 verbi
1149 1681 1339 1729 congruit,
1369 1691 1491 1728 neque
1511 1693 1583 1718 usu

133 1740 312 1788 loquendi
345 1740 597 1777 confirmatur.
658 1738 877 1776 Gerlachius
908 1739 945 1775 in
976 1737 1038 1775 ed.
1061 1739 1149 1774 mai.
1173 1741 1315 1774 vertere
1335 1737 1471 1783 omisit,
1492 1737 1580 1773 Vol.

132 1796 195 1833 III.
229 1809 269 1845 p.
306 1799 386 1836 132.
424 1808 516 1834 vero
551 1797 695 1833 relicua
729 1805 777 1831 ex
806 1796 888 1845 lug.
921 1807 955 1832 c.
983 1795 1059 1841 LV,
1082 1798 1115 1831 1.
1143 1794 1342 1840 desumpta
1369 1803 1455 1830 esse
1477 1792 1579 1830 dicit.

133 1854 338 1901 Utrumque
359 1853 616 1891 falsissimum.

246 1910 309 1946 Fr.
332 1913 387 1949 18.
423 1909 540 1956 [Co-rt.
560 1920 599 1957 p.
621 1911 705 1949 998.
736 1908 835 1945 Gerl.
857 1906 917 1944 ed.
936 1908 1023 1944 mai.
1045 1907 1121 1943 Ine.
1143 1909 1201 1945 13.
1229 1905 1292 1942 ed.
1316 1905 1405 1942 min.
1427 1905 1501 1943 Inc.
1522 1910 1579 1944 ll.

134 1978 172 2015 p.
202 1968 286 2012 237,
312 1970 348 2005 8.
379 1966 489 2003 Debr.
518 1966 564 2012 V,
595 1966 672 2011 33.]
731 1964 865 2001 Isidor.
893 1963 1032 2009 XVIII,
1062 1968 1098 2009 2,
1117 1964 1151 2003 7.
1194 1961 1306 2010 Corp-
1332 1962 1496 1999 Gramm.
1518 1963 1581 1999 lat.

134 2023 222 2059 Vol.
249 2023 309 2060 111.
339 2034 375 2071 p.
405 2025 484 2062 562.
512 2022 683 2058 Lindem.
741 2023 811 2058 Pro
843 2021 997 2068 dilapsi,
1028 2019 1130 2068 quod
1160 2029 1291 2056 omnes
1314 2019 1448 2056 Isidori
1468 2018 1580 2055 codd.

134 2080 328 2128 praebent,
351 2078 497 2116 Cortius
519 2079 656 2116 vitiose
677 2078 791 2115 habet
811 2077 966 2124 delapsi,
985 2076 1085 2113 Gerl.
1106 2076 1145 2112 in
1164 2076 1225 2112 ed.
1246 2078 1403 2123 utraque
1423 2075 1553 2122 elapsi.

246 2135 308 2172 Fr.
332 2138 390 2175 19.
439 2134 553 2181 [Cort.
583 2147 623 2183 p.
655 2138 758 2174 1006.
796 2134 894 2170 Gerl.
930 2133 990 2169 ed.
1019 2133 1106 2168 mai.
1129 2132 1205 2168 Ine.
1230 2134 1288 2170 92.
1311 2131 1371 2168 ed.
1391 2132 1480 2168 min.
1503 2132 1579 2168 Ine.

135 2193 197 2231 29.
216 2202 254 2239 p.
274 2193 358 2237 237,
382 2194 439 2230 19.
469 2192 580 2228 Debr.
601 2192 644 2236 ΙΙ,
667 2188 765 2240 115.]
824 2189 933 2227 Serv.
962 2189 1023 2225 ad.
1058 2188 1166 2236 Virg.
1191 2188 1287 2225 Aen.
1313 2187 1341 2233 Ι,
1370 2188 1450 2228 576.
1488 2187 1586 2224 Certi

130 2248 170 2285 h.
205 2249 231 2283 l.
268 2251 366 2294 sunt,
403 2259 562 2294 quorum
587 2248 717 2283 'virtuti
753 2248 813 2283 vel
846 2245 935 2282 fidei
968 2244 1044 2281 dux
1083 2246 1174 2281 satis
1210 2243 1402 2281 confidere
1436 2248 1580 2291 posset.

135 2305 259 2349 Quare
289 2303 471 2340 coniicias
491 2305 608 2340 verba
637 2304 754 2340 fuisse
784 2302 822 2339 in
847 2302 1099 2349 descriptione
1119 2311 1292 2349 pugnae,
1319 2311 1341 2337 a
1368 2299 1580 2336 Mithridate

81 2371 83 2374 ’
134 2361 196 2397 vel
217 2360 381 2408 Tigrane
408 2371 493 2396 cum
514 2360 666 2395 Lucullo
689 2360 928 2395 commissae.

245 2417 308 2453 Fr.
335 2419 397 2455 20.
441 2414 557 2462 [Cort.
587 2426 627 2463 p.
657 2419 761 2454 1006.
792 2414 891 2451 Gerl.
919 2413 982 2449 ed.
1010 2414 1098 2450 mai.
1131 2413 1208 2449 Inc.
1229 2415 1289 2452 91.
1319 2412 1381 2449 ed.
1402 2413 1492 2448 min.
1515 2413 1575 2458 III,

132 2474 192 2512 27.
221 2484 260 2520 Ρ.
289 2475 371 2518 217,
403 2476 436 2510 5.
468 2472 578 2509 Debr.
607 2471 669 2516 III,
701 2472 796 2517 109.]
854 2470 1022 2517 Pompei.
1056 2469 1261 2507 Comment.
1300 2469 1338 2505 in
1369 2469 1501 2505 Donat.
1530 2469 1578 2504 de

131 2529 279 2567 barbar.
305 2533 341 2565 et
370 2529 604 2576 metaplasm.
631 2540 669 2575 p.
695 2529 777 2565 440.
799 2526 858 2563 ed.
882 2526 1066 2572 Lindem.,
1094 2526 1200 2563 cuius
1221 2526 1316 2562 haec
1338 2529 1424 2562 sunt
1444 2526 1577 2563 verbaz

134 2586 217 2631 „Fit
238 2585 473 2633 cacophaton
494 2586 531 2621 in
557 2595 690 2630 sensu,
722 2594 805 2620 cum
827 2583 969 2630 aliquid
988 2581 1228 2630 turpitudinis
1241 2610 1250 2626 ,
1273 2581 1373 2629 quod
1393 2590 1467 2618 non
1484 2591 1575 2616 con-

132 2641 234 2679 venit
257 2642 329 2678 nisi
349 2641 593 2678 histrionibus
614 2642 676 2679 vel
698 2639 892 2687 satyricis,
930 2641 975 2676 ab
997 2638 1300 2686 historiographo
1321 2638 1382 2675 vel
1401 2636 1574 2684 prudenti

130 2702 313 2744 narratur,
332 2697 432 2734 unde
456 2687 682 2735 Sallustius:
710 2696 906 2744 profectus
933 2696 1078 2743 quidem
1099 2695 1211 2742 Liyus
1230 2694 1282 2731 ad
1306 2693 1481 2741 requisita
1502 2702 1573 2728 na-

130 2757 277 2792 turae.“
319 2753 406 2791 Tria
431 2757 624 2804 postrema
655 2754 770 2791 verba
797 2752 927 2789 laudat
955 2753 1067 2788 etiam
1100 2751 1249 2797 Quintil.
1273 2750 1368 2794 VIII,
1387 2751 1422 2794 6,
1444 2752 1502 2789 59.
1523 2748 1574 2785 ad
