1774 3002
169 155 196 195 6
551 181 554 183 *
660 157 700 195 C.
730 157 961 196 SALLUSTI
990 156 1141 196 CRISPI

823 277 913 310 CAP.
939 279 981 311 Π.

177 357 329 390 Breviter
351 368 455 401 supra
475 359 650 401 repetitur,
675 358 798 400 quibus
818 360 1089 392 contentionibus
1110 362 1154 393 de
1172 361 1327 393 libertate
1352 367 1384 394 et
1409 362 1451 394 de
1473 362 1627 394 domina-

520 406 610 437 tione
635 405 831 448 respublica
855 416 996 438 romana
1019 408 1147 450 agitata
1173 407 1286 439 suerit.

318 580 356 623 7.
396 579 504 639 Nam
535 595 562 624 a
589 578 827 638 primordio
859 578 977 624 urbis
1007 581 1063 626 ad
1090 581 1250 626 bellum
1271 580 1396 626 Persi
1415 579 1628 626 Macedo-

177 675 334 706 mcum.

256 799 258 801 ,
315 748 354 790 8.
402 743 537 790 Nobis
573 744 738 805 primae
777 745 1080 792 dissensiones
1118 745 1224 792 vitio
1259 746 1435 793 humani
1475 746 1625 809 ingeni

180 903 447 947 invisissimae‚
477 905 601 937 tamen
624 914 670 938 ea
692 914 750 939 res
773 916 894 951 neque
917 916 940 940 a
963 916 1053 940 vero
1073 903 1337 952 perspiciendo
1360 915 1420 940 me
1440 906 1626 950 avocavit,

178 971 297 1007 neque
322 959 500 1003 obstabit,
524 960 743 1005 quominus,
766 962 855 1008 quid
876 962 1011 1008 ubique
1031 973 1163 997 verum
1185 962 1250 1005 sit,
1274 961 1455 1009 aperiam.

289 1017 349 1053 Fr.
380 1018 416 1054 7.
460 1014 578 1063 [Cort.
609 1027 646 1062 p.
677 1019 760 1055 934.
807 1018 904 1054 Gerl.
929 1018 990 1054 ed.
1013 1019 1101 1054 mai.
1121 1019 1155 1062 Ι,
1185 1021 1220 1056 6.
1248 1017 1309 1054 ed.
1333 1018 1423 1054 min.
1445 1019 1480 1062 Ι,
1510 1022 1567 1056 10.
1588 1030 1625 1066 p.

178 1077 267 1118 182,
299 1076 357 1112 12.
382 1073 493 1109 Debr.
515 1073 549 1117 Ι,
573 1071 647 1121 11.]
687 1074 816 1111 Verba·
835 1076 952 1111 attulit
970 1076 1150 1112 Priscian.
1171 1074 1286 1119 XVII,
1316 1078 1382 1119 21,
1406 1077 1486 1113 161.
1506 1086 1544 1122 p.
1566 1077 1625 1114 85.

177 1131 238 1166 ed.
258 1131 320 1167 Kr.
377 1129 467 1166 Cum
488 1140 533 1164 eo
563 1130 735 1177 congruit
761 1131 918 1168 Servius
939 1132 988 1167 ad
1010 1132 1115 1179 Virg.
1137 1131 1232 1168 Aen.
1262 1132 1296 1176 1,
1318 1134 1399 1176 30„
1433 1132 1503 1168 nisi
1525 1131 1626 1179 quod

169 1187 359 1235 principio
384 1186 496 1222 habet
522 1197 590 1232 pro
615 1188 838 1233 primordio.
898 1190 1097 1225 Praeterea
1119 1188 1334 1225 Priscianus
1365 1192 1537 1235 quattuor
1559 1199 1626 1236 po-

179 1248 316 1280 strema
340 1245 458 1279 verba
478 1242 646 1279 laudavit
665 1243 772 1289 XlV,
800 1249 843 1290 2,
874 1250 929 1284 11.
951 1257 989 1292 p.
1010 1248 1089 1284 589.
1104 1274 1112 1290 ,
1145 1256 1239 1292 quae
1261 1246 1401 1292 pariter
1422 1245 1627 1282 afferuntur

176 1313 199 1337 a
219 1302 340 1337 Probo
361 1300 495 1336 Institt.
513 1311 672 1346 gramm.
693 1300 744 1345 11,
772 1305 805 1346 1,
830 1304 886 1341 46.
915 1303 952 1338 in
974 1301 1086 1349 Corp.
1107 1313 1267 1350 gramm.
1287 1302 1379 1338 Latt.
1401 1302 1488 1338 Vol.
1514 1303 1553 1338 I.
1586 1313 1623 1349 p.

178 1360 257 1396 126.
287 1359 344 1404 (p.
369 1359 474 1411 1468:
496 1356 680 1402 Putsch.),
711 1357 845 1395 Servio
869 1359 919 1394 ad
939 1360 1046 1406 Virg.
1068 1358 1164 1395 Aen.
1183 1358 1279 1404 VIII,
1301 1360 1398 1403 383„
1422 1359 1471 1395 M.
1494 1358 1625 1395 Claud.

179 1414 337 1452 Sacerd.
360 1415 397 1450 in
419 1417 497 1449 arte
517 1424 676 1460 gramm.
704 1415 749 1460 ΙΙ,
772 1418 829 1454 46.
848 1427 938 1463 pag.
965 1419 1023 1454 56.
1045 1415 1106 1451 ed.
1127 1414 1344 1451 Endlicher.
1367 1419 1409 1451 et·
1428 1414 1576 1452 Charis.
1597 1416 1624 1460 l,

178 1474 242 1515 17,
277 1474 334 1510 28.
361 1483 396 1518 p.
425 1471 483 1508 37.
504 1470 673 1506 Lindem.
695 1473 760 1518 (p.
782 1475 838 1510 52.
859 1472 1039 1517 Putsch.)
1097 1473 1144 1508 Hi
1166 1483 1298 1508 omnes
1317 1473 1400 1511 loeo
1428 1473 1542 1509 toties.
1567 1473 1625 1509 usi

177 1532 282 1573 sunt,
312 1532 351 1564 ut
376 1527 581 1575 genitivum
602 1529 762 1564 nominis
792 1530 933 1576 proprii
965 1530 1003 1565 in
1022 1550 1078 1555 -
1099 1539 1139 1566 es
1168 1529 1339 1565 exeuntis
1368 1528 1506 1574 (Persi
1525 1530 1625 1565 enim

177 1585 228 1621 ad
247 1584 383 1621 Perses
403 1584 672 1620 nominativum
692 1587 870 1631 pertinet)
893 1597 966 1622 non
989 1587 1026 1622 in
1045 1588 1088 1633 is,
1109 1586 1178 1622 sed
1198 1586 1236 1623 in
1255 1587 1270 1622 i
1288 1586 1523 1622 terminatum
1545 1585 1626 1623 Sal-

176 1642 276 1678 lustii
298 1641 514 1677 auctoritate
541 1644 753 1687 tuerentur-3
785 1644 833 1679 cs.
855 1642 966 1679 Conr.
987 1644 1102 1690 Leop.
1125 1642 1347 1680 Schneideri
1366 1642 1528 1680 Gramm.
1545 1643 1625 1678 Lat.

170 1699 226 1743 ΊΙ,
258 1702 291 1735 l.
318 1710 354 1745 p.
380 1699 556 1737 163—7.
588 1697 731 1745 Zumpt.
758 1699 920 1735 Gramm.
942 1700 1019 1735 Lat.
1040 1703 1075 1743 §-
1100 1704 1163 1743 15,
1202 1703 1235 1737 1.
1263 1710 1354 1746 pag.
1385 1702 1443 1737 50.
1466 1698 1530 1735 ed.
1558 1699 1623 1735 IV.

175 1754 336 1791 Ellendt.
358 1754 408 1790 ad
430 1754 506 1790 Cic.
527 1754 630 1789 Brut.
653 1765 686 1790 c.
707 1752 749 1800 8,
778 1758 837 1794 29.
881 1755 962 1792 Otto
985 1755 1034 1791 ad
1057 1755 1134 1792 Cic.
1156 1755 1203 1791 de
1223 1755 1330 1791 Finn.
1364 1755 1417 1800 ΙΙ,
1445 1757 1510 1800 35,
1542 1757 1624 1794 116.

177 1810 348 1848 Ceterum
365 1821 441 1847 non
457 1810 642 1847 assentior
660 1812 835 1857 Linker0,
857 1813 919 1861 qui
942 1812 988 1848 de
1010 1812 1100 1849 Sall.
1117 1813 1210 1849 Hist.
1231 1812 1405 1848 Prooem.
1423 1823 1463 1859 p.
1476 1813 1523 1850 87
1527 1837 1537 1847 .
1551 1811 1624 1848 hoc

176 1868 238 1904 Fr.
265 1866 315 1905 ad
335 1879 420 1904 eum
441 1868 684 1915 praefationis
706 1870 829 1905 locum
850 1869 982 1914 refert,
1013 1870 1076 1905 ubi
1097 1868 1188 1906 Sall.
1212 1868 1258 1904 de
1278 1868 1468 1916 prioribus
1487 1867 1624 1904 Roma-

176 1926 310 1962 norum
329 1923 511 1961 historicis
531 1924 748 1973 disputavit,
768 1929 870 1962 ratus
891 1937 976 1962 eum
995 1925 1068 1962 hoc
1095 1925 1237 1962 dixisse
1262 1936 1317 1971 „a
1335 1924 1543 1972 primordio
1563 1935 1624 1960 ur-

175 1983 233 2019 bis
256 1982 305 2018 ad
320 1982 457 2019 bellum
476 1980 582 2018 Persi
599 1981 885 2019 Macedonicum
905 1981 1123 2019 historicam
1142 1986 1258 2019 artem
1274 1981 1450 2018 incultam
1466 1988 1622 2029 prorsus

177 2039 362 2084 iacuisse,
397 2049 466 2075 nec
495 2038 568 2074 nisi
589 2037 676 2074 inde
703 2041 748 2076 ab
770 2039 843 2076 hoc
872 2043 1038 2087 tempore
1061 2040 1184 2086 prima
1203 2040 1281 2075 fere
1309 2039 1538 2075 incrementa
1563 2049 1624 2074 ce‘-

175 2095 319 2142 pisse.“
379 2095 414 2130 A
434 2094 639 2141 primordio
660 2095 762 2132 urbis
786 2097 884 2132 enim
905 2097 988 2144 quis
1012 2099 1250 2144 exspectaret
1266 2093 1498 2132 historicos?
1530 2093 1623 2131 Mihi

177 2151 376 2189 Sallustius
396 2151 546 2187 videtur
559 2181 567 2196 ‚
597 2163 709 2199 quum
731 2153 851 2200 ipsam
871 2164 995 2189 rerum
1014 2164 1253 2189 romanarum
1272 2151 1547 2199 expositionem
1564 2162 1624 2187 or-

177 2208 330 2253 diretur,
350 2207 410 2243 his
430 2208 557 2244 verbis
579 2208 757 2244 iudicium
779 2209 933 2256 aliquod
953 2209 1000 2245 de
1022 2210 1199 2255 universo
1220 2209 1381 2245 civitatis
1399 2212 1508 2254 statu,
1534 2219 1623 2256 qua-

176 2265 222 2302 lis
240 2275 309 2313 per
323 2264 416 2303 illud
437 2268 582 2311 tempus
603 2265 681 2313 fuit,
701 2266 902 2312 protulisse
918 2277 927 2311 ;
954 2266 1023 2302 sed
1039 2266 1129 2313 quid
1149 2266 1295 2310 dixerit,
1318 2265 1464 2301 definiri
1484 2266 1622 2312 nequit.

288 2321 350 2358 Fr.
370 2323 406 2359 8.
449 2318 572 2371 [Cor‘t.
592 2332 681 2369 pag.
706 2324 787 2360 934.
829 2322 928 2358 Gerl.
949 2323 1012 2358 ed.
1034 2323 1123 2358 mai.
1144 2323 1180 2368 Ι,
1207 2327 1243 2361 5.
1274 2322 1335 2359 ed.
1359 2322 1445 2358 min.
1468 2322 1504 2366 1,-
1523 2324 1559 2360 9.
1581 2332 1621 2368 p.

176 2381 266 2427 182,
285 2380 320 2418 9.
360 2377 472 2414 Debr.
493 2378 527 2422 I,
554 2376 613 2427 9.]
652 2378 829 2416 Priscian.
855 2379 909 2423 V,
931 2381 975 2424 4,
999 2383 1057 2418 25.
1079 2390 1117 2426 p.
1139 2382 1220 2418 183.
1242 2383 1277 2415 et
1294 2379 1358 2415 Kr.
1382 2379 1462 2415 sine
1482 2378 1558 2414 ulla
1580 2378 1622 2414 li-

175 2437 327 2474 brorum
346 2435 539 2480 varietate,
568 2434 640 2471 nisi
661 2435 762 2482 quod
783 2434 910 2472 Carrio
931 2436 1045 2472 refert
1065 2437 1102 2472 in
1124 2435 1210 2473 cod.
1233 2435 1272 2473 S.
1293 2435 1443 2472 Martini
1461 2435 1621 2471 Lovani—

177 2493 279 2529 ensis
298 2492 374 2540 legi
393 2491 495 2528 nobis
513 2500 665 2539 nuper
676 2494 826 2540 primae
846 2497 929 2537 etc„
960 2493 1061 2539 quod
1082 2494 1248 2540 ineptum
1265 2503 1351 2529 esse
1370 2492 1454 2540 ipsa
1473 2494 1621 2528 senten-

177 2550 250 2588 tiae
270 2549 364 2586 ratio
388 2549 538 2585 evincit.
587 2549 787 2586 Praeterea
806 2551 844 2585 in
864 2549 997 2585 eodem
1020 2549 1104 2586 cod.
1131 2554 1166 2586 ct
1185 2551 1222 2586 in
1241 2549 1417 2586 Thosano
1440 2558 1488 2584 ex
1511 2548 1622 2585 libra-

177 2598 220 2643 rii
242 2605 471 2644 correctione
490 2616 558 2653 pro
573 2607 648 2653 agit
665 2609 722 2642 est
740 2607 872 2655 ayitur,
895 2605 996 2642 unde
1014 2606 1142 2643 Douza
1158 2606 1340 2643 immerito
1360 2604 1522 2641 coniecit
1540 2606 1619 2653 ayt·-

176 2667 247 2710 tat‚
284 2664 464 2712 ignorans
494 2662 667 2700 Servium
691 2661 741 2699 ad
767 2662 874 2711 Virg.
900 2663 997 2699 Aen.
1019 2664 1089 2708 IV,
1116 2666 1219 2709 245„
1252 2666 1293 2699 ut
1321 2662 1521 2698 illustraret
1546 2663 1622 2710 uqit

176 2721 351 2765 verbum,
384 2719 609 2757 Sallustiano
631 2721 801 2767 exemplo
824 2720 895 2756 uti:
929 2721 1024 2756 inter
1052 2722 1252 2757 certamina
1278 2718 1531 2756 dominationes
1556 2721 1622 2754 aut

175 2777 348 2814 libertatis
367 2778 445 2825 aqi
451 2780 464 2813 t
474 2792 486 2818 ;
516 2775 617 2824 quod
638 2787 875 2824 quamquam,
898 2780 1023 2824 utpote
1047 2778 1262 2814 memoriter
1283 2777 1446 2820 allatum,
1469 2775 1506 2811 in
1526 2785 1617 2810 non-
