1774 3002
134 171 190 213 26
564 172 567 176 “
617 172 657 210 C.
693 173 923 212 SALLUSTI
955 173 1107 214 CRISPI

133 298 206 344 tin’
233 298 393 344 salve?
429 314 559 360 quam
587 298 701 360 grati
729 299 915 347 ducibus
941 301 1069 347 suis?
1097 304 1271 365 quantis
1298 303 1584 351 familiaribus

134 383 272 445 copiis
303 384 520 444 agerent?

270 473 340 515 28.
385 467 521 515 Cuius
540 468 734 514 advorsa
759 468 986 514 voluntate
1006 469 1231 531 colloquio
1250 469 1460 517 militibus
1481 486 1592 531 per-

131 630 257 682 moile{
283 647 326 672 ae
349 627 493 674 diserte
510 637 656 674 addens
678 637 899 674 adverbium
921 647 1029 682 esse,
1052 637 1187 673 collato
1210 637 1327 673 Plaut.
1355 637 1520 674 Trinum.
1541 639 1589 685 V,

133 697 168 738 2,
190 697 236 732 53
251 694 376 739 (1177.
400 694 461 730 ed.
483 691 629 742 Herm.)
670 694 897 731 Benevolens
917 697 999 730 tuus
1022 696 1131 741 atque
1153 694 1307 730 amicus.
1337 694 1484 732 LESB.
1517 695 1589 732 Sa-

131 751 204 786 tine
226 750 352 787 salve?
382 751 442 787 dic
461 751 560 787 mihi.
605 749 826 788 Structurae'
846 751 1025 786 rationem
1047 751 1097 786 ita
1117 754 1372 797 comparatam
1393 762 1480 789 esse
1504 763 1591 789 cen-

132 811 190 843 set
212 805 379 852 eortius,
411 812 449 843 ut
473 818 585 856 ayere
605 810 774 852 verbum,
807 807 855 843 ad
876 818 1078 854 personam
1102 808 1195 852 eius,
1227 808 1289 854 qui
1300 808 1506 854 salutatur,
1529 820 1590 846 ac-

131 863 425 910 commodatum,
459 866 690 912 suppleatur.
755 864 864 909 Quod
889 875 1113 911 quamquam
1142 864 1302 901 fortasse
1334 864 1588 912 serripotest,

131 924 274 965 tamen,
309 932 422 968 quum
455 923 612 958 formula
643 934 690 957 ex
706 921 978 958 consuetudine
1004 921 1173 968 vulgaris
1203 921 1304 958 vitae
1336 922 1495 969 repetita
1527 923 1587 967 sit,

131 978 338 1024 simplicius
364 978 512 1015 videtur
534 978 789 1015 tantummodo
811 982 866 1014 est
886 978 1074 1025 suppleri,
1100 977 1201 1023 quod
1222 978 1378 1014 subiecti
1404 978 1587 1016 indefiniti

130 1034 206 1071 vim
222 1033 368 1070 habens
390 1035 489 1071 idem
512 1037 611 1073 valet
632 1039 741 1082 atque
765 1045 827 1070 res
849 1038 915 1070 est.
959 1033 1218 1070 Praedicatum
1239 1039 1362 1070 autem
1381 1035 1484 1072 h'aud
1508 1036 1588 1072 ille-

131 1091 260 1138 gitime
279 1093 395 1128 verbo
418 1102 498 1129 esse
525 1096 560 1128 et
575 1092 746 1129 adverbio
769 1091 819 1127 ita
839 1092 1054 1135 conficitur,
1083 1094 1121 1126 ut
1139 1100 1237 1136 esse,
1261 1091 1405 1127 abiecta
1428 1093 1585 1139 copulae

129 1148 189 1192 vi,
221 1148 408 1195 significet
435 1149 556 1195 aliquo
577 1153 674 1185 statu
694 1158 792 1193 esse,
825 1149 887 1195 qui
910 1153 1027 1185 status
1048 1148 1168 1195 qualis
1195 1147 1241 1184 sit
1264 1147 1445 1185 adverbio
1463 1149 1586 1186 deela-

129 1207 231 1240 ratur
244 1216 255 1250 ;
286 1217 325 1241 v.
348 1210 523 1242 annotata
550 1206 598 1242 ad
623 1207 703 1253 lug.
729 1217 761 1241 c.
781 1205 888 1247 XIV,
915 1209 971 1243 11.
995 1216 1033 1252 p.
1058 1208 1117 1243 82.
1139 1208 1175 1240 et
1200 1204 1362 1241 Gramm.
1386 1206 1449 1241 lat.
1468 1210 1584 1242 nostr.

129 1264 165 1304 S.
183 1261 251 1306 111,
268 1266 302 1301 1.
330 1267 406 1298 not.
425 1267 458 1301 1.
476 1274 513 1309 p.
530 1264 612 1303 227.
644 1263 692 1298 cf.
716 1262 899 1298 Dolabell.
916 1262 953 1297 in
974 1260 1050 1298 Cic.
1074 1262 1170 1308 Epp.
1187 1260 1236 1297 ad
1252 1261 1393 1298 Famrn.
1411 1261 1480 1306 IX,
1497 1266 1532 1308 9,
1550 1267 1583 1301 1.

126 1317 332 1356 Praeterea
356 1321 632 1356 rectissime
660 1322 772 1355 sunt
799 1319 904 1366 apud
921 1322 954 1355 te
984 1320 1148 1354 omnia.
1191 1317 1246 1354 Ita
1263 1318 1508 1366 intelligenda
1527 1324 1585 1358 est

129 1375 385 1424 interrogandi
401 1375 559 1413 formula
578 1380 723 1413 rectene
737 1377 886 1412 omnia?
915 1375 1016 1423 apud
1037 1374 1188 1420 Quintil.
1209 1375 1273 1420 VI,
1293 1378 1328 1421 3,
1347 1377 1407 1413 84.
1430 1379 1467 1412 et
1481 1376 1584 1423 apud

127 1432 221 1468 Plin.
245 1432 340 1481 Epp.
364 1434 431 1478 III,
458 1435 514 1472 17.
544 1434 714 1481 adquae
734 1434 851 1469 verba
870 1437 955 1469 sunt
982 1431 1254 1479 supplendum,
1282 1443 1360 1468 non
1376 1442 1417 1468 se
1438 1432 1583 1479 habent,

129 1492 168 1524 ut
191 1484 320 1526 censet
340 1490 587 1527 Ruhnkenius
605 1491 655 1527 ad
671 1490 755 1526 Ter.
775 1489 895 1526 Andr.
914 1490 976 1534 IV,
994 1491 1028 1534 5,
1045 1492 1081 1528 9.
1106 1500 1178 1536 quo
1199 1489 1284 1534 ipso
1300 1489 1384 1525 loco
1401 1489 1451 1525 ad
1472 1492 1580 1527 satin'

127 1549 263 1593 recte?‚
284 1547 386 1593 quod
406 1558 529 1594 paene
547 1547 646 1583 idem
664 1550 721 1583 est
740 1558 784 1583 ac
801 1543 910 1583 satin'
926 1547 1053 1583 salve?
1078 1557 1153 1582 non
1172 1546 1290 1592 aquis,
1307 1545 1378 1582 sed
1393 1547 1583 1584 estsubin-

127 1603 243 1650 telligi
270 1603 393 1640 debet.
433 1604 546 1640 Extra
562 1604 892 1651 interrogationem
913 1608 967 1639 est
986 1614 1069 1640 cum
1093 1602 1248 1639 subiecti
1258 1602 1450 1639 'indefiniti
1466 1604 1583 1652 signi-

126 1659 299 1696 ficatione
328 1660 447 1696 habes
469 1661 571 1708 apud
595 1660 672 1697 Cic.
687 1661 783 1707 Epp.
808 1660 858 1696 ad
876 1659 988 1696 Attic.
1010 1660 1044 1703 I,
1065 1661 1100 1697 7.
1146 1658 1260 1706 Apud
1276 1662 1432 1695 matrem
1451 1664 1582 1698 recte

124 1720 215 1763 est,
231 1721 282 1752 *et
311 1717 348 1752 in
375 1718 534 1754 formula
559 1717 770 1758 sexcenties
793 1717 830 1752 in
851 1717 1020 1763 epistolis
1040 1717 1138 1752 lecta
1162 1717 1196 1751 si
1212 1716 1331 1760 vales,
1354 1715 1472 1753 bene
1497 1723 1580 1753 est.

125 1793 181 1798 —-
198 1774 275 1812 [Pro
296 1778 464 1822 ayerent,
489 1786 582 1822 quae
604 1775 819 1810 coniectura
839 1774 990 1809 Douzae
1015 1775 1094 1816 est,
1116 1771 1218 1819 apud
1235 1772 1419 1809 Donatum
1443 1773 1579 1821 legitur

125 1835 343 1878 emerentur,
365 1831 651 1878 impeditissimo
675 1832 738 1867 vel
756 1830 881 1877 potius
912 1830 1012 1866 nullo
1043 1840 1171 1865 sensu.
1230 1828 1341 1873 Quod
1366 1830 1429 1866 alii
1455 1831 1579 1867 conie-

126 1891 261 1926 cerunt
284 1891 529 1935 auqerentur,
565 1890 613 1924 ‘ab
645 1888 818 1924 omnibus
856 1886 1007 1934 quidem
1046 1885 1251 1922 editoribus
1282 1891 1473 1934 receptum
1509 1891 1577 1932 est,

126 1944 195 1981 sed
227 1948 264 1981 et
283 1945 407 1992 ipsum
427 1945 632 1982 insolenter
655 1945 793 1981 dictum
815 1944 977 1980 videtur.
1037 1941 1174 1982 Contra
1197 1947 1368 1989 ayerent,
1394 1944 1578 1990 frequenti

124 2003 339 2049 corruptela
371 2005 551 2038 mutatum
581 2003 619 2038 in
650 2002 846 2049 passivum
870 2002 926 2046 (v.
948 1999 998 2036 ad
1018 2000 1099 2046 lug.
1120 2010 1155 2035 c.
1170 1998 1333 2045 LXXIV,
1353 2004 1388 2038 1.
1408 2011 1447 2047 p..
1462 2003 1577 2047 390.)‚

123 2058 236 2094 valde
266 2059 504 2094 commodum
538 2063 617 2104 est3
647 2069 734 2095 nam
767 2058 934 2105 generali
962 2057 1104 2094 vivendi
1122 2059 1306 2103 potestate
1329 2057 1493 2104 positum
1521 2059 1576 2103 (v.

122 2114 170 2149 ad
193 2113 271 2150 Cat.
290 2126 324 2150 c.
340 2114 478 2160 XXIII,
503 2118 539 2153 3.
560 2128 596 2162 p,
618 2118 698 2154 114.
727 2120 761 2151 et
789 2126 903 2161 supra
928 2113 977 2151 ad
999 2114 1060 2149 Fr.
1083 2114 1116 2157 I,
1139 2113 1196 2157 8.)
1215 2112 1316 2149 hunc
1343 2124 1496 2150 sensum
1512 2114 1577 2150 ha-

121 2172 202 2207 bet:
233 2172 379 2217 quantis
398 2171 649 2218 familiaribus
668 2173 783 2218 copiis
807 2171 976 2207 instructi
992 2172 1100 2206 vitam
1120 2173 1287 2217 aqerent,
1317 2171 1343 2206 i.
1373 2181 1407 2206 e.
1431 2173 1577 2218 quantis

119 2226 367 2281 familiaribus
397 2229 511 2274 copiis
538 2231 742 2281 uterentur.
777 2247 834 2255 —·
864 2227 997 2274 Copiae
1022 2226 1229 2274 familiares
1254 2230 1376 2262 autem
1397 2238 1474 2263 non
1497 2231 1576 2264 tan-

122 2287 198 2320 tum
234 2279 481 2320 commeatum
513 2288 548 2320 et
579 2295 765 2320 annonam
795 2283 1027 2331 significant,
1070 2286 1109 2319 ut
1141 2282 1271 2319 Douza
1301 2284 1572 2331 interpretatur,

121 2340 190 2378 sed
211 2341 364 2376 omnino
393 2341 570 2405 quicquid
591 2341 724 2377 milites
757 2340 973 2387 possident,
1008 2339 1089 2375 sive
1115 2339 1224 2375 donis
1250 2344 1286 2376 et
1314 2340 1572 2388 largitionibus

121 2397 229 2434 ducis
250 2401 466 2444 acceptum,
493 2398 576 2434 sive
601 2397 745 2445 praeda
768 2401 951 2444 paratum.
978 2414 1033 2422 -—
1064 2392 1328 2444 Fragmentum
1351 2409 1398 2434 ex
1418 2397 1571 2434 Incertis

118 2454 193 2491 huc
211 2455 465 2491 transtulimus
479 2483 488 2499 ‚
511 2455 598 2501 quia
619 2453 800 2491 sumniam
827 2453 940 2489 habet
958 2454 1124 2489 veritatis
1151 2454 1431 2500 speciemrhis-
1446 2454 1570 2491 verbis

119 2511 302 2548 contineri
327 2522 391 2556 ea,
422 2512 556 2558 quibus
579 2512 619 2547 L.
642 2510 832 2558 Scipionis
853 2521 934 2546 cos.
959 2511 1145 2546 exercitus
1174 2521 1270 2546 anno
1290 2513 1351 2549 83.
1369 2521 1404 2546 a.
1423 2509 1509 2546 Chr.
1532 2522 1569 2546 n.

120 2567 222 2615 apud
243 2567 408 2604 Teanum
439 2567 565 2605 Sullae
596 2567 808 2604 exadverso
834 2567 1057 2611 collocatus,
1092 2566 1141 2603 ad
1170 2566 1304 2603 ducem
1333 2577 1440 2603 suum
1463 2567 1570 2603 dese—

119 2624 278 2661 rendum
305 2624 449 2661 illectus
471 2628 528 2661 est
560 2628 595 2660 et
621 2624 670 2661 ad
694 2623 835 2661 Sullam
865 2623 1023 2667 det'ccit3
1055 2625 1102 2659 cs.
1127 2624 1220 2659 Plut.
1242 2624 1279 2659 in
1309 2621 1414 2659 Sulla
1442 2635 1476 2659 c.
1508 2627 1566 2685 28,

119 2682 169 2717 in.
203 2672 226 2719 ὃ
252 2673 409 2726 Σύλλας
438 2676 645 2745 διέφθειρε
671 2675 761 2726 τοὺς
778 2674 867 2730 περὶ
891 2676 1099 2716 Σκιπίωνα
1124 2679 1215 2725 τοῖς
1227 2675 1367 2716 ἑαυτοῦ
1381 2672 1567 2743 στρατιώ-

118 2748 223 2803 ταις,
245 2729 483 2800 ἠδκημένοις
501 2729 598 2789 πρὸς
620 2728 777 2801 ἆπατην
803 2731 871 2773 καὶ
896 2733 1078 2799 γοητείαν
1104 2728 1275 2784 ἅπασαν,
1303 2728 1427 2788 ὥςπερ
1450 2726 1568 2780 αὐτὸς

118 2785 140 2833 ὅ
168 2785 335 2848 ἧγεμων.
383 2786 562 2840 εἰςιόντες
589 2785 667 2847 γὰρ
697 2790 751 2838 εἰς
780 2784 849 2830 τὸν
871 2786 1025 2845 χάρακα
1054 2792 1132 2830 τῶν
1151 2789 1347 2843 πολεμίων
1374 2788 1443 2829 nat
1468 2783 1565 2830 ἄνα·

1751 2845 1774 3002 Μὶἣψ
1759 2814 1774 2832 τ’*
1760 2780 1774 2804 »n
1771 2762 1774 2763 ,
