1774 3002
156 153 212 196 14
580 182 583 184 —
643 156 682 193 C.
713 156 944 194 SALLUSTI
975 156 1125 194 CRISPI

157 282 234 326 aut
270 279 412 339 plebis
447 280 622 326 nomine
659 280 979 328 dominationes
1013 281 1299 340 affectabant3
1339 279 1531 341 bonique
1560 282 1604 326 et

157 364 258 410 mali
285 363 405 408 cives
436 364 640 424 appellati
672 380 761 411 non
788 366 845 411 ob
873 365 1027 411 merita
1056 365 1099 410 in
1131 364 1464 425 rempublicam,
1502 378 1604 408 om-

156 448 286 493 nibus
322 447 485 507 pariter
515 450 759 509 corruptis3
803 450 882 495 sed
909 449 971 494 uti
1002 450 1189 511 quisque
1215 448 1605 508 locupletissumus

158 535 201 577 et
230 531 387 576 iniuria
416 531 625 588 validior,
659 533 761 594 quia
787 533 1036 594 praesentia
1066 533 1348 588 defendebat,
1378 546 1459 591 pro
1493 532 1608 576 bono

157 615 410 662 ducebatur.

159 785 194 822 7.
215 785 364 831 Fragm.
387 785 524 820 Histor.
544 784 611 828 III,
636 787 694 830 82,
715 787 750 823 6.
773 804 829 809 —
859 784 888 821 S
896 785 952 836 ub
972 785 1119 822 honesto
1135 788 1290 832 patrum
1312 789 1377 821 aut
1385 784 1505 832 plebis
1527 795 1607 820 no-
1680 801 1685 806 ·

157 843 296 887 mine,
326 843 351 877 i.
371 853 407 878 e.
428 842 625 877 honestam
646 846 793 887 patrum
817 846 881 877 aut
904 843 1024 888 plebis
1045 852 1221 878 caussam
1237 846 1348 888 atque
1370 841 1608 877 commodum

156 902 431 945 praetexentes.
468 898 607 934 Nomen
628 899 740 943 enim,
762 900 819 934 rei
839 899 911 946 ipsi
931 900 1156 946 oppositum,
1176 909 1260 934 eam
1281 909 1428 945 quoque
1449 899 1525 935 vim
1544 897 1611 933 ha-

157 957 230 1000 bet,
252 959 289 991 ut
309 959 543 1001 praetextum
565 955 646 990 sive
669 956 802 991 falsam
823 966 999 992 caussam
1022 956 1217 1003 designet;
1243 957 1290 991 cs.
1313 954 1389 991 Cat.
1407 954 1610 998 XXXVIII,

157 1015 191 1050 3.
234 1012 408 1048 Honeslis
434 1013 558 1047 nomi
565 1012 614 1046 ni
621 1011 703 1047 bus
725 1023 800 1058 pro
825 1022 893 1048 sua
911 1014 1062 1060 qmlsque
1075 1013 1239 1059 potentia
1258 1012 1459 1047 certabant.
1503 1011 1609 1057 Virg.

159 1070 257 1105 Aen.
283 1069 346 1113 IV,
369 1070 449 1107 172.
482 1068 560 1104 Nec
574 1069 647 1103 iam
665 1068 843 1115 furtivum
864 1069 959 1104 Dido
978 1070 1176 1105 meditatur
1196 1079 1378 1109 amorem;
1400 1068 1609 1114 Coniuyium

158 1129 281 1170 vocat,
308 1125 378 1161 hoc
390 1126 584 1172 praetexit
601 1136 700 1161 nom
712 1126 789 1160 ine
809 1126 969 1172 culpam.
1015 1125 1080 1162 Cui
1111 1126 1238 1161 sensui
1265 1135 1489 1172 quamquam
1511 1125 1611 1160 abla-

157 1183 257 1219 tivus
279 1181 436 1227 sufficit,
467 1186 591 1217 tamen
610 1182 676 1218 sub
697 1181 865 1218 additum
887 1193 965 1218 rem
987 1183 1260 1230 significantius
1280 1181 1459 1218 declarat.
1512 1181 1610 1225 Quo-

158 1239 261 1275 niam
284 1240 383 1275 enim
403 1243 596 1286 praetextu
624 1249 716 1274 vera
741 1239 899 1276 alicuius
923 1240 976 1275 rei
1001 1251 1139 1276 caussa
1163 1240 1294 1286 leyiwr
1318 1242 1429 1285 atque
1449 1237 1610 1274 occulta—

158 1300 239 1342 tur,
268 1296 364 1333 haec
383 1295 534 1343 tegendi
555 1297 657 1332 notio
680 1295 747 1331 sub
770 1296 1050 1343 praepositione
1076 1297 1238 1332 maxime
1258 1296 1462 1343 perspicua
1487 1293 1611 1330 reddi-

95 1396 101 1399 ,
158 1356 239 1399 tur;
268 1354 316 1388 es.
336 1353 416 1389 Liv.
444 1352 582 1398 XLIV,
610 1355 676 1397 24,
705 1355 740 1390 4.
780 1353 1000 1389 Proximam
1026 1353 1155 1398 Asiam
1179 1363 1280 1399 esse,
1308 1363 1419 1400 quam
1451 1351 1614 1388 Romani

157 1411 232 1446 iam
259 1420 310 1447 ex
329 1413 446 1457 parte
464 1409 551 1446 sub
587 1419 606 1444 s
607 1420 639 1456 p
648 1410 721 1445 eci
727 1419 747 1445 e
775 1410 1055 1447 liberandamcm
1083 1411 1278 1446 civitatium
1306 1420 1414 1446 suam
1439 1408 1608 1455 fecerint.

159 1466 212 1502 Id.
234 1467 288 1513 II,
316 1469 382 1512 56,
411 1469 448 1504 3.
494 1466 612 1502 Haud
629 1477 756 1513 parva
778 1477 842 1502 res
865 1467 952 1503 sub
982 1468 1118 1503 titulo
1145 1468 1290 1502 minime
1318 1466 1438 1502 atroci
1460 1464 1608 1512 fereba—

159 1527 231 1560 tur.
250 1545 308 1552 —-
336 1523 435 1560 Dum
452 1534 538 1559 cum
556 1523 783 1570 affectabant
799 1524 1038 1560 coniunctum
1055 1534 1150 1560 eave
1167 1524 1370 1560 insolenter
1390 1522 1527 1558 dictum
1543 1531 1610 1568 pu—

160 1584 230 1626 tes,
249 1581 340 1628 quia
359 1581 474 1628 vulgo
489 1580 724 1627 praecipiunt
739 1580 851 1616 etiam
872 1581 910 1616 in
924 1592 963 1616 re
981 1581 1181 1627 praeterita
1200 1591 1285 1616 cum
1303 1582 1503 1627 praesente
1522 1589 1610 1614 con-

161 1638 274 1683 strui,
304 1649 343 1673 v.
370 1637 514 1683 Zumpt.
540 1637 703 1673 Gramm.
724 1637 802 1673 Lat.
823 1640 855 1679 §-
882 1639 947 1683 78,
979 1642 1038 1675 10.
1060 1641 1135 1673 not.
1155 1649 1192 1684 p.
1212 1639 1293 1675 419.
1315 1636 1376 1673 ed.
1396 1637 1461 1672 IV.
1500 1635 1611 1671 Hein-

162 1694 260 1731 dorf.
280 1694 332 1731 ad
349 1694 439 1730 Hor.
468 1693 546 1730 Sat.
571 1698 612 1739 1,
641 1696 684 1738 5,
715 1695 772 1731 72.
821 1693 900 1730 Sed
930 1695 1189 1740 imperfectum
1218 1697 1318 1728 reete
1347 1692 1548 1736 sehabet,
1576 1691 1607 1727 si

160 1752 242 1787 eius
264 1752 341 1797 rei,
374 1761 470 1798 quae
498 1750 634 1786 eodem
662 1754 830 1796 tempore
857 1761 940 1786 cum
966 1751 1082 1786 altera
1113 1751 1175 1797 agi
1206 1749 1359 1794 dicitur,
1380 1749 1611 1796 perpetuitas

163 1808 406 1855 designatur;
426 1818 517 1843 vere
539 1808 639 1843 enim
653 1806 823 1843 Handius
845 1807 892 1842 de
906 1807 1062 1843 Particc.
1082 1808 1172 1842 Latt.
1194 1807 1279 1842 Vol.
1300 1806 1342 1842 11.
1363 1818 1402 1853 p.
1421 1808 1505 1845 306.
1543 1805 1610 1850 „In

161 1876 203 1901 re
225 1865 440 1912 praeterita,
462 1864 591 1911 inquit,
612 1863 814 1908 narranda,
842 1865 904 1900 ubi
923 1875 999 1900 non
1018 1868 1112 1900 totus
1130 1865 1208 1900 eius
1227 1873 1374 1909 cursus,
1395 1861 1464 1899 sed
1486 1862 1610 1908 aliqua

161 1923 243 1959 eius
272 1931 362 1969 pars
392 1921 626 1969 intelligitur,
663 1921 812 1968 ponitur
840 1922 1071 1968 praesens.“
1120 1920 1339 1967 Imperfecto
1370 1920 1482 1966 igitur
1517 1918 1557 1954 h.
1584 1918 1608 1956 1.

163 1979 397 2026 significatur
415 1989 483 2025 per
504 1981 625 2014 totum'
639 1982 676 2013 et
703 1978 919 2014 continuum
947 1977 1144 2014 affectatae
1171 1976 1440 2013 dominationis
1462 1979 1608 2021 tempus

163 2037 290 2072 turbas
309 2046 355 2071 ac
377 2034 582 2072 seditiones
603 2034 744 2078 suisse3
771 2035 820 2070 ef.
839 2034 987 2070 Walch.
1009 2033 1193 2070 Emendd.
1214 2033 1323 2069 Livv.
1342 2044 1380 2080 p.
1401 2035 1483 2070 185.
1503 2035 1541 2067 et
1560 2029 1610 2067 ad

163 2092 282 2128 Tacit.
303 2092 432 2139 Agric.
459 2103 490 2128 c.
521 2095 578 2129 41.
597 2102 634 2138 p.
652 2094 721 2129 401
751 2102 806 2138 sq.
824 2111 881 2117 -—
913 2091 966 2126 De
988 2091 1026 2127 vi
1046 2091 1200 2138 pluralis
1221 2090 1480 2126 dominationes
1500 2099 1537 2126 v.
1560 2087 1609 2123 ad

165 2148 242 2186 Cat.
261 2160 294 2184 c.
314 2148 420 2193 XIV,
441 2152 475 2186 5.
501 2160 537 2194 p.
557 2149 616 2186 73.
655 2148 806 2195 Fragm.
828 2149 861 2193 Ι,
894 2151 951 2185 12.
984 2147 1055 2191 Qui
1079 2157 1197 2194 neque
1217 2148 1291 2193 ipsi
1307 2146 1446 2182 habere
1458 2148 1615 2192 possen!

163 2214 242 2242 res
267 2204 559 2252 familiares.
592 2204 642 2248 II,
663 2206 730 2249 44,
750 2208 784 2242 1.
799 2224 857 2229 ——
894 2203 1044 2239 Iniuria
1063 2201 1216 2240 validior
1235 2202 1382 2239 Cottius
1410 2212 1611 2249 perperam

164 2262 327 2309 explicat
343 2261 498 2297 validior
516 2271 626 2307 quam
642 2261 793 2305 iniuria,
813 2262 888 2296 sive
907 2260 1059 2296 validior
1077 2261 1159 2305 illis,
1180 2260 1244 2307 qui
1257 2261 1386 2296 iniuste
1393 2259 1610 2306 praesentia

163 2318 382 2356 invadebant
390 2333 401 2358 ;
429 2328 505 2353 non
525 2317 619 2353 vidit
638 2317 737 2352 enim
757 2317 807 2352 ita
829 2316 1033 2363 significari
1052 2327 1143 2352 vere
1162 2318 1304 2360 bonos,
1340 2319 1470 2352 contra
1490 2314 1610 2352 Sallu-

166 2375 227 2412 stii
248 2379 420 2420 mentem,
452 2374 514 2420 qui
533 2375 653 2410 bonos
671 2373 777 2409 cives
795 2384 869 2408 non
884 2373 930 2408 ob
948 2374 1079 2408 merita
1098 2375 1136 2410 in
1154 2382 1234 2409 rem
1247 2373 1436 2419 publicam
1454 2374 1609 2408 vocatos

167 2432 270 2470 dicit.
313 2431 409 2468 Boni
424 2431 534 2467 cives
555 2430 666 2478 igitur
688 2440 800 2476 quum
824 2440 898 2464 non
915 2429 1146 2476 intelligendi
1169 2430 1243 2465 sint
1260 2441 1308 2466 ex
1323 2428 1532 2465 honestatis
1553 2437 1610 2462 ra-

166 2490 267 2526 tione
279 2515 289 2534 ,
320 2487 390 2525 sed
409 2498 457 2524 ex
473 2487 635 2534 partium
655 2486 972 2530 contentionibus,
1000 2487 1118 2522 verba
1135 2487 1271 2523 iniuria
1295 2486 1449 2523 validior
1468 2483 1610 2531 signifi-

167 2550 254 2583 cant
268 2539 365 2590 eum,
395 2545 458 2591 qui
475 2545 614 2580 maaria
636 2544 719 2580 aliis
733 2542 929 2590 inferenda
937 2543 1026 2589 plus
1045 2543 1148 2579 valet.
1162 2562 1222 2569 —
1249 2542 1467 2579 Praesentia
1487 2543 1609 2576 autem

167 2601 368 2650 defendere
386 2611 508 2648 neque
528 2604 586 2637 est
595 2601 813 2648 praesentia
831 2600 930 2635 mala
948 2609 1083 2635 arcere
1098 2603 1137 2635 et
1145 2600 1395 2646 propulsare,
1425 2601 1466 2633 ut
1485 2595 1608 2633 Cottio

168 2659 337 2704 videtur,
366 2668 487 2704 neque
506 2658 657 2693 civitam
674 2655 839 2704 formam
865 2659 900 2691 et
920 2665 1048 2692 rerum
1072 2660 1224 2702 statum,
1250 2657 1316 2703 qui
1332 2664 1433 2691 nunc
1450 2657 1520 2699 est,
1544 2652 1608 2689 de—

167 2714 341 2764 fendere,
375 2719 412 2750 ut
430 2713 648 2750 Gerlachius
670 2713 847 2759 explicat,
871 2711 940 2748 sed
960 2723 1128 2759 pugnare
1150 2724 1219 2759 pro
1239 2713 1298 2757 iis,
1327 2721 1423 2757 quae
1445 2711 1483 2745 in
1501 2719 1610 2756 prae-

171 2772 292 2809 sentia
313 2773 461 2815 valent,
494 2771 576 2807 sive
603 2770 822 2817 potentiam,
849 2778 944 2815 quae
974 2770 1013 2804 in
1032 2769 1199 2806 manibus
1219 2772 1293 2814 ese,
1321 2767 1448 2814 quavis
1466 2767 1610 2803 ratione
