1774 3002
142 140 226 184 258
619 150 659 187 e.
690 136 928 189 SALLusrr
951 150 1103 190 cmsm

143 272 302 317 ctatam
337 286 429 318 rem
459 273 631 320 incaute
667 277 813 321 motus
850 290 993 321 novos
1023 275 1363 339 incognitosque
1397 280 1440 323 et
1476 277 1593 324 alio-

143 369 239 401 rum
267 356 442 402 casibus
469 358 701 417 perculsos
730 359 888 404 milites
920 358 1037 405 ducit
1066 362 1211 406 tamen
1242 361 1296 406 ad
1335 363 1479 407 castra
1514 362 1592 407 fu-

143 440 383 500 gitivorum
402 455 560 501 presso
586 442 752 502 gradu,
788 443 956 489 silentis
987 443 1094 500 iam,
1127 459 1270 505 neque
1298 447 1384 491 tam
1413 445 1592 506 magni-

144 523 227 569 fice
258 525 471 570 sumentis
501 525 737 585 proelium,
770 541 901 587 quam
932 528 1279 587 postulaverant.
1345 529 1493 590 Atque
1528 528 1643 574 illill

144 661 258 703 fertur
279 661 328 698 ad
356 663 578 699 sententiam
599 661 899 700 condicionalem
917 666 999 712 sive
1021 666 1295 711 concessivam,
1313 677 1409 713 quae
1429 667 1466 702 in
1482 677 1591 713 prae-

143 717 365 755 cedentibus
400 720 509 764 inest,
538 719 585 756 de
614 731 688 767 qua
718 720 896 758 orationis
929 722 1048 761 ,forma
1073 723 1145 758 iam
1169 722 1330 759 diximus
1351 723 1399 759 ad
1421 726 1454 766 s.
1480 726 1513 762 3.
1535 744 1588 747 —

141 774 320 812 Presso
347 777 489 824 yradu,
523 777 547 812 i.
573 788 607 813 e.
638 778 751 814 lento.
778 778 859 815 Liv.
880 777 1047 824 XXVIII,
1071 781 1125 825 14,
1150 781 1205 817 14.
1253 778 1375 827 Scipio
1399 779 1590 827 Hispanos

135 841 316 878 presso
347 834 471 880 yradu
495 834 667 870 incedere
692 834 806 880 iubet,
835 835 894 871 cui
926 835 1064 871 ibidem
1088 839 1119 878 δ.
1145 837 1202 874 17.
1230 837 1375 873 citato
1401 837 1523 885 yradu
1551 837 1588 872 in
1656 856 1657 859 =

141 888 279 925 hostem
305 889 441 926 ducere
469 891 687 938 opponitur,
718 895 757 926 ut
787 892 874 927 alibi
899 892 1014 939 pleno
1031 893 1175 940 gradu,
1198 892 1244 928 de
1268 905 1340 940 quo
1362 906 1400 930 v.
1421 891 1590 929 Draken-

141 944 271 982 borch.
295 946 344 982 ad
363 947 444 983 Liv.
466 947 529 992 IV,
550 950 608 993 32,
633 951 689 986 10.
733 947 795 984 Sic
818 949 931 984 etiam
951 949 1031 986 Liv.
1051 949 1148 993 VIII,
1169 951 1204 995 8,
1227 952 1263 988 9.
1284 950 1381 998 pede
1400 958 1540 997 presso
1555 954 1587 984 el

143 1002 255 1039 Ovid.
284 1003 370 1040 Met.
396 1004 456 1049 III,
481 1007 537 1043 17.
560 1014 696 1052 presso
713 1014 845 1052 yressu
865 1006 1012 1053 legitur.
1051 1005 1253 1043 KREYSS.
1281 1026 1336 1033 —
1370 1006 1589 1043 Accusativi

139 1059 277 1095 silentis
294 1064 329 1095 et
344 1062 518 1097 sumentis
533 1061 604 1097 hac
621 1061 879 1097 terminatione
901 1066 1048 1098 exstant
1070 1063 1104 1097 in
1125 1062 1211 1098 cod.
1226 1063 1301 1098 Vat
1319 1073 1329 1107 ;
1350 1060 1398 1099 cf.
1417 1062 1463 1098 ad
1484 1061 1589 1098 Catil.

141 1127 174 1152 c.
198 1117 226 1152 I.
250 1121 283 1154 1.
307 1137 363 1143 ——
384 1116 576 1154 Sumere
596 1118 801 1165 proelium,
824 1119 848 1155 i.
881 1129 914 1154 e.
942 1120 1048 1164 inire,
1070 1119 1254 1165 incipere.-
1285 1120 1332 1155 cf.
1356 1119 1472 1155 Tacit.
1495 1118 1588 1156 Hist.

140 1172 184 1217 ΙΙ,
208 1175 265 1212 42.
286 1174 350 1219 IV,
372 1177 430 1219 34,
449 1179 484 1212 5.
523 1175 666 1210 Eodem
696 1175 808 1211 modo
831 1174 1032 1212 Sallustius
1059 1175 1150 1211 dixit
1178 1176 1307 1211 bellum
1328 1185 1484 1218 sumere,
1506 1175 1587 1222 lug.

141 1239 176 1264 c·
196 1230 278 1275 XX,
303 1235 338 1270 5.
361 1231 468 1276 LXII,
490 1234 525 1270 9.
548 1231 742 1276 LXXXIII,
765 1236 798 1270 1.
827 1250 885 1257 -—
914 1231 1113 1279 Maym'fice
1142 1243 1215 1267 non
1250 1243 1333 1269 cum
1365 1233 1589 1279 Kreyssigio

140 1289 409 1335 explicaverim
434 1289 601 1336 yloriose,
622 1289 822 1328 iactanter;
846 1290 935 1335 quia
958 1289 1056 1325 enim
1076 1288 1267 1332 verborum
1286 1289 1494 1337 fortitudini
1513 1299 1586 1324 non

142 1345 396 1392 respondebat
427 1345 607 1392 fortitudo
632 1355 675 1380 re
694 1344 914 1392 probanda,
950 1350 1024 1381 tam
1063 1345 1258 1393 maynifice
1286 1346 1504 1392 simplic-iter
1533 1350 1591 1380 est

140 1406 215 1438 tam
236 1403 434 1449 conspicua
453 1402 655 1449 insiyraique
678 1403 818 1438 virtute.

256 1462 290 1501 §-
315 1463 371 1497 11.
391 1460 590 1495 certamine
611 1459 755 1502 consae
783 1458 876 1495 eod.
897 1459 982 1494 Vat.
1007 1451 1513 1504 CERTAM1NEC0N'SIL113
1532 1477 1590 1488 —

140 1515 367 1559 Niebuhrius
392 1516 482 1562 legit
501 1514 766 1551 CERTAMINI
788 1514 1005 1552 CONSILII.
1044 1515 1185 1561 Dousa,
1207 1515 1269 1562 qui
1299 1513 1399 1552 idem
1432 1516 1587 1566 legerat,

139 1573 229 1609 inde
254 1573 340 1609 iecit
365 1573 560 1608 certamini
577 1573 730 1618 conscii,
759 1571 805 1607 de
834 1583 907 1619 qua
926 1582 1109 1618 perversa
1133 1572 1348 1608 coniectura
1369 1573 1585 1620 longe-per-

96 1647 100 1650 ·
143 1630 364 1666 versissima
391 1632 514 1669 exstat
545 1629 734 1664 annotatio
757 1627 946 1664 Gerlachii
970 1628 1057 1663 Vol.
1079 1629 1139 1673 III,
1160 1640 1198 1675 p.
1221 1630 1315 1675 139„
1338 1629 1445 1665 cuius
1466 1635 1587 1676 nugas

141 1687 273 1722 merito
297 1686 497 1733 castigavit
516 1679 776 1732 Kreyssigius.
836 1685 1047 1720 Verborum
1069 1695 1204 1721 sensus
1227 1689 1304 1721 est:
1336 1696 1447 1732 quum
1469 1686 1514 1721 de
1533 1687 1587 1720 in-

141 1743 260 1780 eundo
291 1743 439 1779 consilio
463 1742 696 1778 dissentirent
722 1744 756 1777 et
783 1741 878 1777 inter
897 1750 937 1777 se
965 1745 1160 1776 certarent.
1203 1740 1414 1777 Genitivum
1435 1742 1586 1786 consilii,

142 1803 255 1847 quam
277 1801 435 1835 formam
458 1799 544 1835 cod.
566 1799 741 1845 praebet,
776 1797 1048 1844 aequabilitatis
1070 1808 1227 1842 caussa,
1258 1804 1368 1844 quam
1395 1798 1432 1832 in
1463 1797 1587 1834 ortho-

141 1856 301 1904 graphia
328 1855 564 1903 sequendam
592 1858 789 1902 putamus,
817 1855 855 1890 in
879 1855 1008 1890 consili
1035 1854 1283 1899 mutavimus3
1306 1865 1344 1889 ν.
1367 1853 1415 1889 ad
1446 1853 1523 1890 Cat.
1553 1865 1585 1889 c.

141 1914 167 1959 l,
184 1916 220 1951 3.
242 1932 299 1938 —
316 1914 386 1949 Pro
405 1913 511 1948 iuxta
528 1912 565 1947 in
581 1911 667 1947 cod.
683 1911 772 1947 Vat.
787 1911 969 1959 frequenti
989 1910 1178 1947 scribendi
1195 1911 1302 1957 lapsu
1320 1909 1585 1955 (etnrake‘nb.

142 1969 191 2005 ad
204 1970 284 2006 Liv.
298 1970 345 2015 V,
361 1971 394 2014 6,
414 1971 471 2007 18.
490 1968 627 2014 XLI,6,
640 1968 717 2013 10.)
737 1972 794 2004 est
812 1967 969 2012 IUSTA,
994 1966 1095 2014 quod
1116 1967 1190 2003 iam
1209 1967 1337 2003 Dousa
1357 1965 1586 2003 emendavit.

142 2025 168 2062 I
173 2031 290 2062 uxta
318 2026 526 2061 seditionem
554 2028 663 2061 erant
688 2024 873 2072 significat
894 2024 998 2060 haud
1018 2024 1158 2070 procul
1173 2024 1345 2060 seditione
1364 2022 1530 2069 aberant,
1550 2026 1588 2058 ut

83 2077 89 2082 ’
141 2083 270 2121 Livius
293 2082 389 2127 VIII,
409 2085 468 2126 32,
490 2085 549 2121 13.
571 2082 745 2129 loquitur.
785 2081 903 2118 Tacit.
924 2081 1022 2117 Ann.
1045 2080 1108 2125 VI,
1125 2083 1182 2124 13,
1206 2085 1239 2118 1.
1275 2080 1460 2116 Gravitate
1473 2090 1586 2116 anno·-

140 2148 213 2175 nae
233 2140 370 2174 iuxta
396 2139 676 2175 seditionem
695 2142 849 2174 ventum.
868 2158 918 2163 ——
932 2138 1003 2173 Pro
1022 2137 1119 2173 ultro
1137 2136 1278 2184 offerre
1297 2136 1470 2173 librarius
1492 2136 1587 2171 osci-

141 2199 260 2231 tanter
291 2197 328 2231 in
359 2194 444 2230 eod.
466 2195 551 2232 Vat.
582 2195 731 2242 scripsit
750 2192 1086 2233 ULTROFERRE.
1115 2194 1234 2229 oculis
1257 2192 1508 2239 duplicatione
1530 2193 1584 2228 lit-

143 2255 304 2288 terarum
327 2250 449 2287 OOFF
473 2249 660 2298 deceptis,
699 2251 745 2286 de
777 2262 849 2298 quo
882 2250 958 2286 vitii
990 2259 1130 2296 genere
1158 2249 1261 2286 haud
1297 2260 1381 2285 raro
1410 2249 1523 2286 obvio
1547 2259 1585 2284 v.

139 2306 425 2344 Drakenborch.
450 2306 599 2342 adeiv.
620 2307 788 2352 XXXIX,
808 2311 843 2352 6,
864 2311 899 2345 2.
923 2310 958 2342 et
983 2305 1247 2353 Kreyssigium
1282 2306 1319 2341 in
1343 2304 1584 2342 Commentat.

143 2363 192 2401 ad
219 2363 314 2400 haee
339 2363 528 2410 Fragmm·
560 2374 597 2409 p·
627 2366 686 2401 81.
736 2364 910 2399 Errorem
936 2363 1009 2398 iam
1041 2362 1168 2398 Dousa
1195 2361 1371 2399 correxit.
1418 2360 1586 2408 Puynam

140 2421 283 2468 offerre
301 2430 368 2467 per
389 2430 429 2456 se
450 2422 551 2466 patet
570 2430 656 2455 esse
673 2429 824 2466 puynae
846 2420 988 2466 copiam
1005 2418 1149 2465 facere.
1174 2438 1222 2443 —
1248 2418 1382 2454 Contra
1403 2416 1586 2464 Spartaco

142 2488 218 2513 non
251 2478 362 2523 plene
396 2480 518 2511 exstat
545 2476 582 2510 in
611 2475 696 2511 cod.
727 2476 827 2520 Vat.‚
861 2477 923 2523 qui
950 2473 1204 2511 tantummodo
1235 2474 1348 2510 habet
1376 2472 1585 2510 CONTRA-

142 2532 379 2570 SPARTA..
418 2532 472 2567 Eo
497 2531 625 2568 Dousa
646 2532 827 2568 contineri
846 2532 990 2579 putavit
1010 2534 1139 2567 contra
1162 2529 1406 2578 Spartacum,
1429 2533 1468 2565 ut
1498 2529 1586 2566 Ger-

141 2589 286 2626 lachius
308 2589 346 2624 in
371 2588 433 2625 ed.
452 2588 541 2626 mai.
565 2588 725 2635 scripsit,
747 2588 842 2624 haec
862 2590 980 2624 verba
1000 2587 1233 2634 coniungens
1253 2597 1337 2623 cum
1356 2585 1586 2632 praeceden-

141 2646 239 2682 tibus
268 2645 410 2692 offerre
427 2655 596 2692 puynam
619 2644 862 2691 cupientibus‚·
895 2646 965 2681 sed
993 2643 1192 2680 verissime
1211 2641 1455 2688 Kreyssigius
1477 2644 1587 2688 atque

140 2702 263 2738 Maius
301 2705 574 2748 perspexerunt
602 2699 817 2738 Sallustium
859 2702 1060 2748 scripsisse
1101 2703 1230 2735 contra
1260 2697 1462 2745 Spartaco,
1500 2707 1587 2733 con-

142 2757 343 2794 structione
364 2757 610 2794 ablativorum
627 2755 881 2793 absolutorum
902 2757 939 2793 in
959 2755 1153 2793 bimembri
1174 2754 1342 2791 oratione
1361 2753 1587 2799 continuata,
