1774 3002
0 0 33 212 ⁵
340 142 344 145 Δ
474 169 804 213 ms‘romARUM
829 164 1147 207 FRAGMENTA.
1209 163 1298 200 Lm.
1327 163 1356 198 1.
1578 152 1636 196 55

187 305 267 351 sed
289 303 444 349 vostra
462 298 717 357 socordia),
753 306 886 356 quam
911 291 1087 352 mptum
1109 287 1176 335 ire
1200 286 1323 342 licet,
1354 297 1486 346 quem
1515 282 1632 328 haud

132 407 176 443 21
187 388 349 449 pudeat
376 387 464 432 tam
482 381 623 430 videri
641 380 825 427 felicem.
879 376 988 423 Nam
1006 375 1182 435 praeter
1202 369 1417 418 satellites
1434 381 1632 414 comma-

187 536 304 575 ritatis
323 535 421 574 notio
440 543 564 580 neque
586 529 813 576 Sallustiano
843 527 926 564 loco
954 523 1150 567 convenit,
1180 530 1302 568 neque
1326 530 1414 556 cum
1438 519 1494 556 ire
1515 519 1633 555 verbo

188 583 379 631 conciliari
403 591 537 639 potest.
596 585 675 625 Sed
701 586 848 622 Livium
882 592 1031 630 quoque
1066 588 1203 628 capere
1236 577 1437 624 scripsisse
1471 574 1632 611 maxime

188 649 379 698 probabile
401 650 478 691 est,
498 655 611 693 quum
631 644 771 690 aliquot
795 640 908 678 codd.
931 640 982 676 ita
1006 638 1188 684 habeant,
1209 635 1488 680 innumerisque
1510 642 1635 667 exem-

187 707 260 755 plis
276 715 308 742 'a
325 700 846 754 Drakenborchioprobatum
866 697 932 741 sit,
954 704 1092 744 capere
1118 704 1163 730 ac
1191 701 1331 740 rapere
1360 688 1583 738 saepissime
1612 698 1636 723 a

188 761 348 800 librariis
381 758 573 797 contundi.
631 756 762 794 Cetera
793 758 835 791 ut
868 758 1013 790 taceam
1027 780 1036 796 ‚
1067 754 1291 797 antecapere
1323 748 1415 795 (quo
1447 746 1635 782 vocabulo

189 816 365 867 fingendo
388 816 548 854 Orellius
581 813 620 850 id
654 811 835 859 consequi
864 809 1026 853 studuit,
1062 811 1101 844 ut
1136 817 1246 855 quam
1280 815 1356 840 non
1392 801 1637 850 comparandi

189 875 389 925 particula,
410 872 479 910 sed
496 881 702 919 pronomen
725 869 864 914 esset),
893 867 982 915 quia
1008 875 1083 902 non
1108 863 1222 901 habet
1247 859 1482 909 opprimendi
1506 864 1540 896 el
1565 860 1638 896 cir—

189 929 438 971 cun-veniendo·
454 928 551 972 vim,
582 927 742 975 quaein
768 933 905 973 capere
932 925 1050 967 inest,
1083 932 1159 957 non
1182 921 1307 968 potest
1341 917 1389 954 de
1423 915 1636 954 hominibus

191 990 287 1033 dici,
311 987 381 1024 sed
400 984 655 1023 tantummodo
684 983 733 1020 de
760 983 874 1031 rebus
901 981 1122 1026 usurpatum
1143 977 1245 1013 valet
1269 977 1413 1011 mature
1439 981 1638 1020 occupare,

190 1044 251 1084 vel
271 1045 387 1093 prius
396 1041 640 1090 praecipere,
664 1039 713 1076 cs.
730 1037 835 1075 Catil.
850 1036 955 1081 xm,
977 1039 1013 1075 3.
1033 1033 1191 1078 XXXII,
1214 1037 1247 1071 1.
1272 1031 1349 1078 LV,
1370 1036 1403 1069 1.
1426 1029 1508 1078 lug.
1518 1028 1637 1074 XXV,

189 1106 224 1142 3,
250 1100 300 1146 L,
323 1103 372 1144 1.,
399 1096 501 1135 unde
521 1101 623 1145 patet
645 1095 717 1147 hoc
738 1097 854 1132 verbo
876 1093 971 1130 falso
992 1091 1105 1128 etiam
1130 1101 1177 1127 ea
1204 1090 1301 1126 salsa
1328 1098 1438 1130 esse,
1472 1097 1570 1134 quae
1591 1085 1639 1123 ex

191 1169 237 1194 eo
255 1155 437 1206 pendent.
484 1148 609 1190 Aliam
628 1153 731 1190 viam
752 1152 833 1188 iniit
853 1151 1062 1197 Zumptius,
1085 1148 1147 1195 qui
1169 1148 1207 1182 in
1225 1145 1374 1182 Annall.
1403 1143 1637 1180 critt.Berol.

184 1213 354 1262 μεζ1834.
379 1211 468 1248 Vol.
488 1210 535 1247 11.
563 1210 635 1255 No.
658 1213 718 1250 39.
747 1220 785 1256 p.
806 1211 875 1248 315
898 1217 954 1254 sq.
984 1206 1109 1253 priore
1140 1207 1245 1251 parte
1268 1201 1484 1239 Orellianae
1506 1210 1635 1236 emen—

192 1270 355 1308 dationis
374 1270 519 1305 retenta
539 1268 591 1304 ita
612 1265 850 1303 scribendum
873 1263 1052 1300 coniecit:
1083 1272 1195 1310 quam
1225 1262 1374 1307 raptum
1399 1257 1451 1293 iri
1474 1257 1575 1302 tecet,
1607 1260 1642 1292 el

192 1338 283 1377 qua
303 1325 483 1374 qaudet
507 1333 557 1361 se
594 1327 668 1360 iam
687 1322 804 1360 videri
829 1320 974 1369 felicem
985 1335 996 1360 ,·
1035 1317 1103 1355 sed
1133 1317 1311 1365 quoniam
1346 1315 1458 1352 huius
1490 1323 1638 1367 quoque

194 1382 377 1421 sententia
403 1385 440 1418 et
463 1380 600 1418 iisdem
622 1380 811 1416 erroribus
825 1407 834 1423 ,
865 1378 999 1425 quibus
1022 1375 1171 1419 Orellii,
1206 1378 1242 1409 et
1264 1373 1348 1409 aliis
1372 1367 1641 1414 laboratssin-

192 1441 281 1488 gula
297 1437 474 1488 persequi
495 1437 586 1474 nihil
608 1436 801 1485 profuerit.
859 1433 901 1469 In
930 1435 1104 1480 promptu
1132 1435 1191 1467 est
1214 1434 1336 1467 autem
1357 1427 1495 1465 criticis
1518 1426 1640 1463 fraudi

194 1494 331 1540 ruisse,
355 1494 457 1542 quod
475 1495 599 1542 magis
620 1493 669 1529 ad
690 1492 841 1540 singula
858 1491 998 1534 verba,
1011 1499 1124 1537 quam
1140 1487 1190 1525 ad
1212 1485 1482 1524 sententiarum
1503 1494 1641 1521 nexum

194 1551 443 1589 attenderunt.
500 1550 598 1586 Nam
626 1550 659 1586 si
692 1548 930 1596 reputaveris
962 1545 1201 1590 Sallustium,
1235 1543 1362 1580 verbis
1382 1543 1557 1590 quantum
1577 1553 1643 1579 au-

193 1609 310 1646 dem
328 1606 367 1645 in
386 1608 607 1645 universum
627 1604 842 1654 'vituperata
860 1603 981 1651 plebis
1003 1602 1172 1650 ignavia,
1193 1600 1416 1643 accuratius,
1438 1599 1477 1635 in
1498 1609 1571 1646 quo
1596 1610 1642 1635 ea

195 1663 383 1709 cernatur,
406 1663 619 1708 declarare,
649 1662 759 1699 facile
778 1659 927 1698 videbis
949 1670 1047 1705 eum,
1068 1662 1110 1694 ut
1130 1658 1265 1695 doceat
1286 1656 1377 1704 quid
1401 1667 1425 1691 a
1445 1655 1549 1693 Sulla
1566 1655 1643 1704 su-

195 1727 351 1772 turam
379 1721 444 1758 sit
477 1723 515 1756 et
548 1719 640 1767 quid
660 1718 806 1767 aplebe
822 1717 947 1765 fieri
974 1709 1159 1758 debeat,
1190 1714 1427 1762 oppositione
1449 1714 1523 1756 uti,
1545 1723 1642 1760 quae

195 1777 322 1816 verbis
343 1777 431 1826 capi
456 1780 493 1813 et
518 1786 654 1825 capere
681 1774 887 1812 conficitur.
948 1773 1026 1809 Hoc
1060 1772 1173 1820 igitur
1208 1771 1318 1807 dicit:
1360 1780 1474 1817 quam
1509 1780 1643 1816 parum

197 1833 367 1873 audeatis
384 1842 541 1879 vereor,
562 1831 706 1870 scilicet
727 1843 773 1868 ne
795 1834 904 1868 ante
922 1833 966 1876 (a
985 1828 1107 1873 Sulla)
1128 1828 1330 1877 capiamini
1337 1828 1375 1863 “ἰ.“
1394 1838 1428 1862 e.
1455 1826 1645 1873 opprima·

197 1884 294 1927 mini'
312 1889 490 1928 socordia
531 1893 677 1942 vestra,
718 1899 853 1937 quam
886 1887 1014 1933 (vobis
1049 1886 1153 1930 eum)
1185 1894 1323 1932 capere
1355 1884 1380 1919 i.
1413 1894 1448 1919 e.
1487 1882 1644 1929 imperio

198 1958 336 1984 exuere
357 1947 451 1983 licet.
507 1946 549 1981 In
568 1950 645 1982 tam
665 1947 779 1992 plana
799 1948 835 1980 et
856 1946 959 1980 ce‘rta
981 1941 1229 1989 oppositionis
1260 1941 1405 1976 ratione
1431 1950 1506 1974 non
1535 1938 1644 1975 dubi-

199 2005 267 2040 tari
289 2005 434 2050 potest,
470 2003 559 2049 quin
581 1999 727 2037 Cottius
759 2003 861 2036 recte
891 1998 1146 2035 emendaverit
1173 2001 1321 2045 captum
1350 1997 1425 2040 ire,
1460 1995 1562 2042 quod
1595 1993 1644 2030 ad

191 2060 383 2107 passivum
400 2058 556 2094 relatum
578 2056 679 2093 idem
698 2060 755 2093 est
777 2059 887 2102 atque
913 2064 1069 2102 capere,
1096 2065 1166 2102 per
1188 2065 1230 2090 se
1251 2054 1373 2089 autem
1391 2052 1493 2089 valet
1512 2052 1564 2088 ad
1582 2062 1645 2087 ea·

191 2115 430 2164 piendumse
440 2123 590 2162 parare
598 2128 611 2155 ;
639 2113 687 2149 cs.
709 2111 758 2149 ad
779 2111 856 2148 Cat.
882 2123 916 2148 c.
938 2109 1118 2155 XXXVI,
1146 2114 1181 2148 4.
1205 2121 1243 2157 p.
1265 2111 1346 2148 168.
1368 2144 1371 2145 γ
1403 2109 1457 2145 Ita
1480 2107 1646 2145 concidit

201 2171 330 2209 Orellii
353 2171 560 2215 sententia,
580 2169 657 2217 'qui
676 2181 716 2218 p.
736 2171 797 2218 38.
819 2171 969 2216 captum
992 2162 1081 2204 dicit
1108 2166 1279 2215 puditum
1311 2177 1397 2203 esse
1424 2160 1514 2214 post
1533 2177 1645 2214 supe-

202 2230 279 2264 rius
299 2225 517 2280 capiamini,
541 2226 685 2264 scilicet
704 2227 793 2274 quia
820 2225 890 2261 sibi
918 2227 1163 2274 persuaserat
1188 2224 1390 2261 verborum
1416 2225 1565 2270 captam
1591 2223 1647 2259 ire

203 2284 409 2322 subiectum
431 2295 516 2320 esse
543 2282 700 2335 Sullam.
759 2281 838 2319 Sed
869 2281 975 2319 Sulla
1006 2280 1180 2318 obiectum
1215 2283 1272 2317 est
1285 2309 1303 2324 ,i
1328 2279 1430 2327 quod
1464 2283 1646 2327 sequente

202 2341 463 2378 enunciatione
483 2339 639 2376 relativa
660 2339 871 2375 accuratius
895 2337 1139 2382 describitur;
1161 2348 1277 2385 quare
1299 2339 1351 2382 et,
1378 2337 1424 2372 ab
1448 2335 1587 2381 Orellio
1610 2332 1647 2371 in

202 2399 237 2435 ei
254 2400 453 2440 mutatum,
485 2395 711 2440 delevimus,
734 2396 871 2444 quippe
891 2398 1011 2431 ortum
1033 2406 1081 2431 ex
1101 2394 1229 2430 ultima
1256 2394 1337 2429 licet
1361 2393 1468 2429 verbi
1500 2389 1647 2440 syllaba

202 2453 271 2504 (cs.
299 2452 421 2489 Hand.
450 2451 497 2488 de
516 2451 687 2497 ,Partica
714 2452 793 2488 Lat.
816 2451 976 2502 VOLIL
1002 2463 1042 2499 p.
1064 2453 1147 2490 539.
1182 2449 1468 2488 Drakenborch.
1495 2449 1546 2486 ad
1564 2449 1645 2486 Liv.

201 2509 379 2554 xxxm,
405 2511 468 2552 18,
492 2509 560 2553 8.),
596 2509 635 2544 in
668 2508 802 2545 ceteris
828 2509 1064 2556 ingeniosam
1089 2507 1216 2545 Orellii
1249 2507 1520 2553 coniecturam,
1560 2507 1647 2543 licet

204 2566 276 2603 alio
299 2577 433 2610 sensu,
456 2564 732 2612 adoptavimus.
772 2564 891 2610 Quam
912 2565 1021 2601 facile
1046 2565 1144 2600 enim
1163 2563 1235 2601 ΗΑ
1243 2563 1307 2600 ΠΙ)
1327 2562 1541 2601 PUDEAT
1559 2573 1646 2599 ocu-

204 2623 325 2659 lorum
359 2620 468 2670 lapsu
501 2622 537 2657 in
567 2619 778 2676 AUDEAT
805 2622 992 2669 corrumpi
1024 2621 1207 2670 potuerit,
1247 2620 1372 2667 quivis
1404 2619 1532 2663 videt;
1572 2631 1644 2666 quo

206 2689 331 2715 errore
362 2679 479 2715 semel
501 2677 700 2725 commisso
728 2687 886 2715 necesse
917 2682 997 2715 erat
1017 2686 1123 2726 quem
1147 2678 1185 2714 in
1217 2687 1332 2724 quam.
1361 2677 1508 2712 mutari.
1566 2676 1646 2712 Iam

207 2745 282 2771 non
303 2735 421 2772 solum
443 2735 534 2772 nihil
557 2733 665 2770 deest
690 2732 741 2770 ad
766 2736 1049 2782 grammaticam
1070 2736 1284 2771 verborum
1301 2737 1523 2771 structuram
1538 2761 1546 2776 ,
1576 2731 1644 2767 sed

208 2791 391 2828 obiectum
412 2793 523 2828 etiam
543 2790 595 2827 ita
616 2787 842 2827 declaratum
861 2794 937 2836 est,
952 2795 992 2827 ut
1013 2802 1167 2838 gravem
1185 2789 1311 2827 Sullae
1334 2789 1471 2826 habeat
1486 2789 1647 2825 insecta-
