1774 3002
490 149 818 189 HISTORIARUM
847 147 1158 186 FRAGMENTA.
1215 146 1303 182 ΠΒ.
1332 145 1391 180 111.
1568 137 1652 181 W

849 315 938 350 CAP.
972 315 1015 347 11.

305 386 437 420 Beilum
461 385 739 418 Mithridaticum.
766 384 972 416 Mithridatis
997 383 1042 415 ad
1066 381 1253 415 Sertorium
1277 379 1403 423 legatio
1428 379 1470 411 de
1500 378 1650 413 foedere.

213 466 260 471 —
282 448 365 480 Eius
388 452 573 490 apparatus
605 445 698 478 beni.
730 461 774 468 -
803 445 921 486 Cyzici
953 443 1088 477 obsidio
1121 453 1161 475 ac
1188 442 1377 474 fortissima
1408 439 1576 475 defensio.
1609 458 1656 463 --

213 509 322 540 Pestis
345 509 378 540 in
405 506 610 539 Mithridatis
642 507 805 538 exercitu.
837 522 883 527 —-
911 504 1045 537 Luculli
1078 503 1315 547 expeditiones
1346 502 1379 533 in
1412 500 1584 543 Bithynia.
1610 518 1656 523 —

215 569 426 601 Mithridates
450 568 484 599 in
506 567 647 599 Pontum
671 577 708 598 se
727 566 864 609 recipit:
888 575 964 597 eum
994 564 1154 597 Lucnlius
1186 562 1349 603 sequitur.
1383 579 1430 584 -
1461 562 1506 593 Μ.
1540 563 1656 594 Cottae

214 639 290 660 cum
314 627 355 666 Q.
382 627 493 672 Oppio
516 628 699 667 dissensio.
723 643 767 648 -
793 625 908 665 Ponti,
933 625 956 655 i.
990 636 1020 656 e.
1056 625 1160 657 maris
1191 624 1320 656 Pontici
1353 629 1385 655 et
1415 622 1656 654 circumiacen-

213 689 297 720 tium
321 693 485 724 terrarum
509 698 548 720 ac
572 687 777 730 populorum
806 685 1005 728 descriptio.
1049 684 1104 719 Fr.
1128 683 1271 718 8—53.
1300 682 1407 727 [Anni
1432 681 1596 715 73-71,
1622 691 1655 713 a.

217 747 296 781 chr.
323 746 377 791 n.]

353 923 394 966 8.
450 917 563 964 Ειιιιι
590 920 722 978 atque
753 917 1080 977 Metrophanem
1113 918 1294 962 senatus
1332 930 1495 976 magna
1524 913 1660 960 indu-

218 1001 325 1047 stria
349 1001 650 1062 perquirebat,
688 1015 821 1062 quum
858 1014 938 1060 per
971 1002 1036 1045 tot
1061 998 1274 1058 scaphas,
1311 1013 1423 1060 quas
1458 998 1513 1043 ad
1546 997 1661 1043 ostia

218 1099 318 1130 cum
339 1084 492 1144 paucis
518 1084 618 1130 fidis
646 1086 947 1143 percontatum
977 1082 1198 1128 miserant.

219 1224 347 1267 gutur,
385 1231 408 1256 a
433 1219 609 1256 Carrione
645 1230 692 1256 ex
719 1219 901 1256 Diomede
930 1230 1018 1256 esse
1047 1218 1230 1264 effictum,
1296 1222 1309 1253 t
1349 1217 1659 1266 Fragmentorum

220 1286 374 1312 numero
398 1277 649 1313 eximendum.

333 1332 392 1368 Fr.
418 1335 454 1371 8.
499 1332 615 1378 [Cort.
637 1344 677 1379 p.
695 1333 777 1371 967.
807 1332 904 1368 Gerl.
939 1331 1001 1367 ed.
1032 1331 1120 1367 mai.
1147 1331 1208 1375 ΠΙ,
1239 1333 1295 1370 17.
1324 1330 1387 1366 ed.
1412 1331 1499 1366 min.
1522 1329 1583 1374 ΙΙΙ,
1601 1331 1662 1368 36.

221 1400 258 1436 p.
279 1389 361 1433 217,
383 1391 441 1426 19.
470 1389 579 1425 Debr.
601 1389 662 1434 111,
685 1389 756 1433 12]
797 1388 893 1423 Non.
915 1388 1011 1431 Xlll,
1032 1392 1089 1426 11.
1107 1398 1146 1434 p.
1167 1390 1251 1430 535,
1271 1390 1307 1426 8.
1327 1387 1443 1422 Mero.
1486 1386 1539 1421 De
1561 1387 1663 1432 lega-

224 1446 323 1480 tione
342 1444 565 1481 Mithridatis
585 1445 634 1481 ad
649 1444 855 1482 Sertorium
876 1444 923 1479 de
945 1444 1096 1480 foedere
1118 1443 1280 1479 ineundo
1299 1445 1354 1487 (a.
1373 1445 1432 1481 74.
1454 1454 1490 1478 a.
1506 1441 1592 1478 Chr.
1604 1443 1663 1486 ιι.)

223 1501 341 1536 missa
363 1502 420 1545 (v.
437 1501 501 1537 Fr.
521 1501 565 1545 11,
584 1503 661 1545 58.)
678 1500 750 1536 hoc
770 1500 799 1536 F
802 1505 995 1547 rag-mento
1015 1500 1090 1547 agi,
1121 1499 1377 1546 Metrophanis
1397 1509 1664 1534 commemora-

224 1557 274 1592 tio
301 1556 439 1592 indicio
470 1562 546 1601 est,
575 1558 638 1604 qui
661 1567 709 1592 ex
729 1556 923 1593 fidissimis
949 1557 1052 1604 regis
1079 1555 1238 1592 ducibus
1265 1556 1334 1599 (cf.
1350 1556 1515 1602 Appian.
1537 1554 1662 1590 Mithr.

223 1624 257 1648 c.
276 1614 339 1650 29.
359 1611 476 1649 Oros.
499 1613 564 1659 VI,
581 1617 617 1657 2,
638 1612 736 1649 med.
757 1612 891 1649 Isidor.
912 1613 955 1657 11,
978 1617 1033 1658 11,
1058 1617 1092 1651 1.
1112 1623 1150 1658 p.
1170 1615 1227 1651 75.
1250 1612 1377 1655 Lind.)
1405 1622 1491 1647 eam
1509 1611 1664 1658 legatio-

224 1679 309 1703 nem
330 1679 403 1704 una
431 1680 515 1705 cum
535 1670 574 1704 L.
600 1669 724 1716 Magio
752 1673 789 1704 et
805 1669 847 1704 L.
867 1669 1009 1705 Fannio
1035 1669 1252 1715 suscepisse
1279 1668 1479 1731 putandus‘
1495 1673 1566 1704 est.
1609 1667 1663 1702 De

225 1735 266 1759 re
285 1725 369 1771 ipsa
389 1735 426 1760 v.
448 1725 665 1761 Plutarch.
656 1736 694 1761 ιιι
715 1724 856 1762 Sertor.
887 1737 922 1762 c.
942 1728 1001 1763 23.
1026 1720 1181 1772 Πέμπει
1204 1720 1247 1761 δὲ
1266 1715 1479 1775 πρέσβεις(
1463 1735 1485 1760 ο
1503 1723 1664 1785 Μιθρι-

225 1773 351 1844 διέτης
363 1777 417 1825 εἰς
435 1771 607 1831 Ἰβηρίαν
623 1774 833 1830 γράμματα
851 1777 1060 1843 Σερτωρίω
1081 1777 1149 1817 και
1168 1773 1310 1829 λογους
1327 1778 1579 1841 κομίζοντας,
1605 1769 1662 1815 δι’

225 1824 283 1872 ὧν
301 1827 417 1880 αὐτὸς
436 1832 509 1898 μὲν
538 1832 789 1886 ἐπηγγέλλετο
817 1831 993 1899 χρήματα
1012 1849 1081 1873 και
1107 1836 1206 1881 ναῦς
1227 1832 1409 1883 παρέξειν
1427 1833 1483 1880 εἰς
1503 1827 1573 1872 τὸν
1591 1827 1665 1871 πό-

226 1891 364 1955 λεμον,
401 1883 474 1927 ὑπ’
497 1887 647 1928 ἐκείνου
662 1888 705 1929 δὲ
722 1887 845 1953 ἠξίου
853 1887 927 1952 τὴν
941 1884 1076 1954 Ἀσίαν
1102 1883 1210 1943 αὐτῷ
1231 1890 1492 1940 βεβαιοῦσθαι
1519 1890 1666 1937 πᾶσαν,

225 1935 274 1994 ἧς
297 1938 519 1995 ὑπεχώρησε
529 1939 729 1994 Ῥωμαίοις
750 1959 851 1983 κατα
877 1940 948 1992 τὰς
973 1939 1071 1997 πρὸς
1087 1930 1248 1984 Σύλλαν
1275 1943 1486 1996 γενομένας
1511 1940 1667 1996 συνθή-

229 2013 314 2045 κας.
355 2002 396 2037 Ιιι
419 2002 551 2038 Dianio
580 2014 668 2046 eos,
699 2003 800 2049 quod
820 2008 899 2039 erat
918 2005 1210 2050 promontorium
1238 2003 1395 2040 arduum
1415 2015 1500 2040 cum
1520 2004 1612 2040 urbe
1630 2007 1668 2039 et

229 2058 366 2103 templo
401 2058 563 2103 Dianae,
606 2059 832 2095 convenisse
862 2058 1066 2096 Sertorium
1103 2063 1203 2106 patet
1238 2071 1287 2096 ex
1317 2059 1395 2096 Cic.
1424 2061 1464 2096 in
1494 2061 1603 2096 Verr.
1637 2059 1667 2104 1,

230 2116 289 2156 34,
309 2114 371 2152 87.
410 2113 546 2150 Verres
573 2124 835 2162 nmoparonem
853 2115 1147 2162 pulcherrimum
1173 2115 1219 2151 L.
1240 2115 1366 2163 May-fo
1390 2120 1426 2152 et
1449 2116 1494 2153 L.
1521 2116 1668 2153 Fanmsso

229 2169 399 2204 vendidit.
452 2170 535 2206 Hoc
562 2171 1667 2220 illinamywadomnespopulirommzihosoeeusquea

231 2225 421 2270 Dianio,
447 2227 546 2272 quod
574 2228 612 2262 in
633 2226 819 2274 Hispania
849 2231 922 2272 est,
959 2228 1012 2263 ad
1041 2227 1235 2276 Sinopam,
1272 2238 1368 2276 quae
1393 2230 1434 2265 in
1459 2228 1576 2265 Ponto
1601 2233 1667 2273 est,

231 2282 580 2326 nam‘yaveruntffi-
523 2282 755 2319 —Senatus
778 2294 854 2319 non
874 2288 932 2319 est
948 2283 1159 2329 Romanus,
1189 2284 1259 2321 sed
1278 2295 1389 2332 quem
1410 2284 1599 2323 Sertorius
1618 2295 1667 2321 ex

234 2347 387 2372 suorum
404 2347 560 2374 numero
577 2344 863 2400 composuerat3
894 2351 931 2378 v
951 2339 1114 2387 Appian.
1136 2341 1180 2376 B.
1200 2340 1240 2377 C.
1262 2341 1291 2386 I,
1310 2344 1391 2380 108.
1411 2333 1669 2391 Περιωνυμος

236 2387 279 2428 δὲ
299 2404 356 2427 ων
374 2387 437 2428 ἔπι
454 2385 576 2459 τόλμῃ
582 2386 744 2455 ’βουλὴν
760 2391 958 2442 κατέλεξεν
974 2392 1018 2437 ἐκ
1041 2396 1120 2433 τῶν
1138 2389 1339 2434 συνόντων
1359 2394 1402 2434 οἱ
1414 2394 1543 2444 φίλων
1553 2409 1667 2461 τρια·

236 2445 410 2492 κοσίους·
449 2444 516 2484 και
544 2443 661 2498 τήνδε
688 2447 816 2512 {leyen
846 2444 949 2488 εἶναι
966 2446 1165 2500 Ῥωμαίων
1193 2444 1363 2502 βουλὴν,
1394 2449 1462 2490 καὶ
1487 2448 1527 2497 ἐς
1549 2446 1668 2503 υβριν

237 2500 386 2552 ἐκείνης
404 2499 621 2553 σύγκλητον
642 2499 780 2543 ἔπαλει.
819 2507 872 2543 De
895 2519 941 2544 eo
966 2508 1015 2544 ad
1036 2509 1181 2556 legatos
1202 2509 1426 2546 Mithridatis
1455 2509 1666 2545 audiendos

238 2565 445 2596 convocato
483 2573 521 2597 v.
549 2562 730 2598 Plutarch.
763 2564 787 2598 Ι.
816 2564 840 2599 Ι.
867 2554 1144 2628 Ἀθροίσαντος
1183 2560 1226 2600 δὲ
1250 2562 1472 2627 Σερτωρίου
1503 2557 1666 2626 βουλὴν,

236 2606 297 2664 ἣν
314 2609 590 2676 σύγκλητον
610 2607 847 2680 ωνόμαζε,
877 2616 944 2656 και
962 2619 1042 2657 τῶν
1057 2613 1187 2656 αλλων
1206 2616 1389 2682 δέχεσθαι
1405 2633 1475 2665 τας
1491 2613 1666 2670 προκλή-

238 2679 316 2715 σεις
340 2683 407 2707 και
432 2662 593 2720 αγαπᾶν
611 2666 846 2710 κελευόντων
858 2694 915 2701 -
929 2667 1003 2712 οὐκ
1013 2667 1235 2738 ἠνέσχετο’
1218 2687 1239 2712 o
1254 2670 1483 2726 Σερτώριος.
1504 2678 1666 2722 Appian-

239 2726 358 2762 Mithr.
380 2739 414 2763 c.
434 2731 490 2766 68.
511 2739 550 2774 p·
567 2731 649 2767 742.
677 2728 804 2766 Schw.
824 2721 960 2778 Ὁμὲν
978 2724 1029 2778 δὴ
1056 2735 1130 2777 (mc
1152 2732 1401 2777 Mithridates)
1423 2729 1463 2776 ἐς
1482 2724 1666 2780 τὸνΣερ-
