1774 3002
0 0 75 394 ‘*‘*''··3

479 133 810 173 fflSTORIARUM
835 133 1147 171 FRAGMENTA.
1206 134 1295 170 ΠΒ.
1326 134 1353 170 1.
1581 130 1638 173 31

301 301 304 305 .
333 261 403 306 35.
439 258 497 304 Ut
519 258 563 304 in
586 259 642 305 Μ.
670 259 830 314 Mario,
864 258 934 304 cui
955 259 1092 304 fracta
1112 258 1235 319 prius
1261 272 1411 314 crura,
1447 258 1636 314 brachia,

197 343 241 387 et
265 342 380 388 oculi
399 341 576 398 effossi,
605 342 770 389 scilicet
794 345 843 387 ut
866 356 946 402 per
973 341 1177 402 singulos
1202 345 1326 388 artus
1354 341 1586 401 expiraret.

306 509 410 554 Quae
431 512 634 556 sequuntur
649 508 856 555 fragmenta
873 511 1040 548 35—39
1061 507 1163 544 haud
1184 507 1294 543 dubie
1316 509 1485 554 spectant
1511 507 1636 543 omnia

194 563 243 600 ad
270 576 356 602 eum
390 566 532 610 locum,
567 576 641 612 quo
672 564 797 602 Sullae
830 564 971 612 flagitia
992 566 1167 602 continuo
1196 569 1283 612 post
1312 565 1507 600 victoriam
1535 575 1636 600 com-

193 620 310 674 missa
334 633 358 658 a
379 621 555 677 Sallustio
577 625 726 658 narrata
745 627 844 658 sunt.

302 707 366 744 Fr.
382 709 444 745 35.
482 706 597 753 [Cort.
620 719 658 755 p,
683 711 787 746 1012.
819 707 919 743 Gerl.
935 706 998 743 ed.
1019 707 1106 743 mai.
1125 707 1202 742 Ine.
1227 707 1308 744 174.
1328 703 1391 740 ed.
1415 705 1506 741 min.
1526 705 1560 751 1,
1575 707 1632 744 26.

128 753 133 757 Κ
189 773 226 809 p.
238 765 414 807 ‘184‚‘19.
438 763 551 800 Debr.
570 765 605 809 1,
621 765 697 808 39.]
745 763 934 800 Rufinian.
963 763 1009 799 de
1036 764 1180 799 schem.
1207 762 1409 805 dianoeas,
1431 764 1473 802 c.
1500 766 1559 800 11.
1593 773 1633 809 p.

179 820 265 860 ⁴2⁷3,
281 831 339 866 sq.
368 819 431 855 cd.
450 820 600 856 Ruhnk.
621 821 715 856 haec
739 824 776 856 ut
795 821 1007 867 exemplum
1036 820 1216 856 sarcasmi
1242 820 1296 855 sic
1322 817 1470 854 laudat:
1500 823 1567 861 „ut
1596 819 1634 854 in

188 875 238 911 M.
261 875 380 911 Mario
406 877 466 912 cui
489 878 605 913 fracta
628 877 738 923 'prius
767 888 876 913 crura
899 881 1001 913 artus
1028 877 1252 923 expiraret-‘⁶
1309 874 1453 911 Eadem
1482 875 1632 921 plenius

188 930 298 967 affert
325 930 451 968 Schol.
480 933 530 969 ad
556 934 695 970 Lucan.
721 933 781 977 Η,
812 935 895 971 173.
935 933 1040 978 (Vol.
1074 933 1135 968 111.
1165 944 1206 979 p.
1235 934 1318 970 129.
1340 931 1403 967 ed.
1431 931 1630 975 Weber.):

189 987 377 1033 ‚,Marius‚
407 989 467 1024 eui
491 989 607 1025 fracta
625 990 732 1036 prius
756 1000 884 1033 crura,
911 989 1085 1033 brachia,
1119 992 1156 1024 et
1178 989 1278 1024 oculi
1304 986 1455 1031 effossi,
1487 987 1631 1024 seilicet

184 1047 224 1079 ut
250 1054 319 1090 per
342 1044 491 1092 singula
516 1047 683 1082 membra
705 1045 933 1092 expiraret.“
992 1045 1135 1090 Quibus
1167 1045 1260 1081 locis
1290 1045 1384 1080 inter
1414 1054 1456 1080 se
1485 1044 1628 1080 collatis

181 1103 284 1146 patet
302 1100 403 1147 apud
423 1094 680 1147 Rufinianum,
712 1103 773 1148 qui
805 1102 987 1149 integram
1007 1103 1209 1138 verborum
1226 1100 1535 1138 Sallustianorum
1557 1102 1629 1137 sor-

182 1166 280 1191 mam
300 1158 483 1202 servavit,
505 1170 598 1195 casu
624 1161 739 1194 totum
763 1169 915 1194 versum
944 1158 1125 1204 (bmchia
1148 1163 1183 1194 el
1208 1158 1305 1194 omli
1320 1157 1459 1204 effossi,
1493 1158 1631 1194 seilicet

181 1209 222 1248 αὶ
231 1219 307 1260 per·-
323 1215 504 1261 sinqulos)
523 1215 732 1260 excidisse,
763 1215 902 1251 Lucani
923 1220 1044 1252 autem
1069 1215 1333 1259 scholiastam,
1360 1213 1460 1250 unde
1484 1215 1627 1250 omissa

175 1268 339 1305 «feliciter
369 1271 512 1307 restitui
536 1276 753 1319 potuerunt,
785 1276 822 1307 et
852 1273 995 1308 initium
1019 1271 1235 1320 Fragmenti
1256 1272 1494 1315 immutasse,
1525 1276 1561 1307 et
1590 1272 1630 1307 in·

181 1324 255 1360 fine
275 1326 438 1363 men-bra
463 1339 532 1376 pro
561 1332 667 1366 artus
687 1328 862 1373 dedisse,
898 1333 1092 1375 utrumque
1112 1340 1160 1364 cx
1181 1339 1226 1364 eo
1240 1357 1249 1372 ,
1282 1327 1384 1374 quod
1412 1328 1628 1364 memoriter

144 1379 146 1382 ’
180 1381 303 1418 locum
332 1384 470 1429 attulit,
504 1386 612 1421 cuius
641 1387 695 1421 rei
727 1386 976 1421 certissimum
1009 1385 1272 1421 documentum
1303 1384 1376 1420 hoc
1407 1388 1485 1428 est,
1525 1384 1627 1431 quod

181 1439 296 1475 verba
319 1450 367 1475 ex
386 1439 605 1487 Iugurthino
626 1441 766 1477 laudat.
824 1441 1063 1486 Gerlaehius,
1095 1442 1133 1477 in
1160 1441 1255 1488 turpi
1286 1441 1521 1488 ignoratione
1546 1441 1629 1477 edi-

180 1494 291 1535 tionis
312 1494 610 1533 Ruhnkenianae
635 1501 829 1542 versatus,
863 1498 1024 1541 V01.111.
1042 1509 1081 1545 p.
1097 1501 1179 1536 142.
1203 1498 1284 1544 cui,
1316 1496 1419 1543 quod
1444 1498 1625 1534 in·codd.

181 1555 258 1595 est,
277 1561 346 1597 pro
373 1555 660 1597 „nonnullorum
681 1554 968 1590 emendatione“
991 1555 1124 1599 habet,
1142 1565 1246 1598 aem,
1276 1564 1373 1600 quae
1400 1558 1459 1590 est
1476 1552 1522 1589 R.
1544 1553 1627 1591 Ste-

177 1605 292 1653 phuni
311 1609 544 1655 coniectura,
575 1611 776 1658 genuinam
801 1611 1023 1658 scripturam
1049 1610 1157 1656 dicit,
1192 1622 1237 1647 ac
1269 1614 1468 1657 practerea
1493 1610 1623 1657 fracta

118 1661 121 1663 “
177 1663 218 1698 in
233 1662 398 1710 fractus
407 1666 582 1711 mutavit,
609 1678 704 1714 quae
730 1678 841 1714 quam
864 1678 964 1705 vana
990 1668 1083 1712 sint,
1101 1668 1138 1703 in
1158 1668 1289 1703 oculos
1310 1667 1478 1703 incurrit.
1530 1667 1623 1704 Ver-

176 1719 307 1773 borum
325 1724 510 1759 structura
532 1723 642 1759 facile
663 1723 878 1770 expeditur,
898 1725 929 1760 si
946 1725 1119 1760 statueris
1141 1724 1219 1759 fere
1242 1724 1316 1759 tale
1335 1723 1426 1770 quid
1445 1734 1623 1770 praeces-

177 1776 295 1812 sisse:
324 1776 419 1814 Tum
446 1779 485 1815 in
504 1780 675 1826 plurimis
695 1779 800 1817 Sulla
826 1780 1012 1817 nefandae
1035 1780 1267 1818 crudelitatis
1293 1780 1466 1826 exempla
1489 1780 1619 1825 edidit,

176 1836 216 1868 ut
240 1832 278 1868 ἰιι
295 1833 347 1868 M.
372 1833 491 1875 Mario
512 1839 583 1872 etc.
640 1835 731 1873 Cum
751 1836 916 1874 Sallustii
940 1837 1065 1874 verbis
1090 1837 1253 1873 maxime
1274 1841 1502 1883 congruunt,
1524 1848 1620 1883 quae

175 1888 224 1926 de
248 1888 381 1929 eadem
399 1901 440 1929 re
460 1891 573 1928 habet
593 1892 691 1928 Flor.
712 1893 779 1939 111,
797 1897 867 1938 21,
882 1897 943 1933 26
1002 1893 1108 1941 Piqet
1135 1893 1285 1940 referre
1303 1891 1489 1937 Marium,
1518 1893 1623 1929 ἀνεὶς

172 1944 290 1991 §peius
309 1946 350 1990 [i.
368 1957 405 1981 e.
433 1948 541 1983 Marii
565 1949 736 1994 iunioris]
766 1949 946 1996 fratrem,
981 1950 1156 1995 oculis,
1190 1949 1424 1993 manibus,
1458 1950 1621 1985 cruri-

177 1999 351 2046 busque
380 2002 607 2049 defossis
640 2009 825 2041 servatam
854 2006 1098 2052 aliquamdiu,
1126 2009 1167 2040 ul
1186 2015 1264 2051 per
1290 2005 1433 2052 sinqula
1455 2006 1619 2041 membra

173 2059 391 2092 κωκυ-εἰη.
430 2059 479 2093 cs.
502 2058 637 2096 Senec.
659 2060 708 2095 de
729 2060 871 2105 IrmlII,
894 2064 951 2099 18.
995 2061 1058 2097 M
1082 2060 1208 2097 Mario
1234 2060 1279 2096 L.
1302 2060 1406 2097 Sulla
1426 2061 1623 2109 perfrinqi

172 2119 312 2155 crura,
332 2114 416 2149 mi
431 2115 556 2150 oculos
567 2117 786 2163 ,amputari
799 2126 932 2153 manus
951 2119 1075 2158 iamt,-
1105 2121 1140 2153 et
1156 2119 1266 2164 qimai
1281 2118 1407 2154 totiens
1424 2117 1616 2163 ocdderel,

172 2139 335 2214 quoae-{s
363 2170 595 2216 vulnerabat,
624 2182 700 2218 per
726 2168 888 2220 sinyndos'
920 2177 1027 2210 arms
1055 2174 1242 2210 laceravit.
1299 2172 1389 2217 Quis
1407 2177 1491 2211 erat
1509 2174 1619 2212 hadas

170 2224 320 2269 imperit·
337 2225 524 2263 navus-ter?
564 2201 672 2273 ducis,
693 2230 767 2264 msi
783 2229 951 2266 Catilina.
1011 2230 1056 2274 Q.
1078 2229 1154 2266 Cic.
1183 2229 1230 2265 de
1256 2232 1361 2277 petit.
1388 2241 1493 2267 cons.
1520 2243 1554 2267 c.
1579 2234 1616 2276 3,

174 2282 231 2316 1⁰.
290 2279 386 2324 Quid
407 2291 471 2329 eqo
491 2292 591 2320 ntmc
616 2285 735 2320 dicam
753 2289 883 2332 petere
907 2295 987 2322 eum
1018 2286 1261 2331 consulantm,
1295 2286 1615 2333 mammarium

170 2335 398 2382 inspectante
412 2340 553 2385 populo
570 2340 677 2377 Rom.
696 2342 824 2377 vitibus
833 2352 909 2388 per
924 2346 1031 2378 totam
1049 2343 1176 2379 urbem
1195 2343 1384 2387 ceciderit,
1405 2344 1458 2379 ad
1473 2344 1615 2380 busimn

171 2393 302 2439 eqerit,
324 2392 376 2428 ibn·
397 2396 496 2430 omni
512 2396 683 2433 cruciatu
695 2399 812 2433 vivum
831 2399 1069 2444 laceraverit,
1099 2400 1211 2434 stanti
1237 2399 1368 2435 collum
1392 2400 1515 2446 qladio
1543 2410 1613 2437 sua

134 2464 138 2465 ⁷
170 2447 327 2486 dea-tera
345 2451 526 2486 secuerit?
580 2453 776 2489 Praeterea
794 2454 843 2489 cs.
864 2455 958 2491 Livii
980 2455 1076 2501 Epit.
1096 2454 1326 2490 LXXXVIII.
1368 2456 1492 2492 Valer.
1509 2457 1610 2493 Max.

170 2502 239 2549 lx,
258 2507 301 2549 2,
322 2509 356 2543 1.
417 2506 525 2543 Oros.
539 2506 588 2552 V,
611 2513 670 2547 21.
704 2509 912 2557 ‘Augustim
935 2510 983 2547 de
998 2510 1079 2548 Civ.
1095 2511 1139 2546 D.
1156 2510 1224 2555 111,
1244 2514 1303 2549 28.
1343 2512 1441 2547 Plut.
1460 2513 1498 2548 in
1517 2512 1610 2549 Suu.

169 2569 202 2593 e·
236 2563 303 2607 32,
320 2566 435 2598 extr.
490 2561 659 2600 Ceterum
690 2576 925 2610 sarcasmus,
962 2577 1071 2613 quem
1091 2566 1311 2603 Rufinianus
1334 2567 1407 2604 hoc
1436 2570 1609 2615 exemplo

166 2615 349 2654 illustrare
377 2619 510 2663 voluit,
567 2620 662 2656 inest
691 2621 730 2656 in
758 2622 894 2659 verbis
916 2627 957 2659 ut
974 2633 1050 2671 per
1076 2623 1237 2670 myndos
1261 2627 1368 2660 arius
1395 2626 1611 2672 capit-aret.-

167 2681 262 2718 quae
294 2676 530 2712 exacerbatio
559 2687 634 2723 quo
660 2677 781 2724 magis
799 2681 963 2726 pateret,
988 2680 1126 2716 sedicet
1148 2680 1330 2726 particula
1358 2682 1516 2717 orationi
1544 2681 1608 2716 ad-

167 2727 263 2765 iecta
292 2735 361 2766 est.
