1774 3002
344 377 928 484 ιιιειυιιιιιιυιι
981 399 1479 481 iniciam.

771 557 943 605 LIBER
978 555 1054 602 IV.

735 795 1088 834 ARGUMENTUM.

838 894 927 928 cu.
954 895 981 930 Ι.

282 963 415 999 Bellum
439 964 714 1001 Mithridaticum.
756 965 866 998 Amisi
897 965 1191 1008 oppugnatum-
1215 961 1335 1006 Pugna
1355 960 1401 994 ad
1425 960 1561 997 Cabira.
1585 977 1634 985 —-

192 1026 399 1061 Mithridatis
421 1026 505 1070 fuga
536 1026 580 1058 ad
602 1015 795 1069 Tigranem.
819 1044 868 1051 —-
878 1023 1033 1059 Clodius
1057 1023 1101 1056 ad
1124 1022 1306 1067 Tigranem
1331 1022 1464 1066 legatus
1488 1023 1629 1058 missus.

190 1106 235 1112 —
250 1088 413 1121 Lucullus
438 1098 554 1131 regem
576 1088 611 1119 iu
635 1087 796 1120 interiora
819 1087 916 1130 regni
940 1086 1103 1128 sequitur.
1123 1103 1169 1108 ——
1189 1084 1373 1128 Euphratis
1396 1083 1568 1118 transitus
1587 1101 1632 1106 —-

190 1150 455 1194 Mesopotamiae
479 1149 676 1192 descriptio.
711 1167 757 1171 —
786 1149 1103 1192 Tigranocertorum
1128 1147 1349 1190 expugnatio.
1376 1163 1423 1168 —-
1447 1144 1631 1190 Copiarum

189 1205 349 1256 Tigranis
373 1211 569 1254 descriptio.
593 1228 640 1233 —
665 1209 798 1242 Luculli
823 1210 887 1242 iter
912 1219 974 1254 per
1006 1209 1215 1242 Corduenos.
1244 1225 1291 1231 —-
1320 1206 1526 1239 Mithridatis
1557 1206 1632 1249 epi-

191 1273 279 1307 stola
302 1273 348 1306 ad
369 1271 626 1306 Aisnoem.1·'r.
655 1271 793 1305 1.-21
821 1268 927 1314 [Anni
951 1271 1049 1304 71—
1057 1270 1115 1305 69.
1139 1281 1172 1305 a.
1195 1269 1278 1304 Chr.
1302 1266 1354 1311 n.]

842 1350 932 1384 GAP.
958 1351 1001 1384 11.

282 1416 565 1457 ΒεΙΙῑιιιιεειὟίΙε
589 1425 789 1454 extremum.
827 1419 985 1455 pastores
1009 1419 1044 1450 in
1067 1418 1219 1451 Lucania
1242 1417 1352 1450 servis
1377 1426 1415 1449 se
1443 1416 1631 1459 adiungunt

192 1490 225 1517 et
249 1482 349 1517 mdia
370 1493 464 1516 arma
488 1487 623 1526 parant.
650 1500 697 1504 —
718 1481 861 1514 Crassus
881 1480 951 1512 dux
975 1485 1091 1512 contra
1113 1479 1278 1523 fugitivos
1301 1477 1450 1520 eligitur.
1466 1476 1631 1520 —Spar-

190 1551 288 1578 tacus
311 1545 347 1576 in
369 1543 536 1576 Bruttium
560 1553 680 1586 agrum
704 1552 742 1575 se
765 1541 899 1584 recipit.
926 1559 972 1564 —-
996 1541 1080 1574 Eius
1112 1546 1252 1573 conatus
1284 1541 1319 1572 in
1351 1538 1505 1572 Siciliam
1535 1539 1631 1571 traii-

192 1604 316 1638 ciendi.
339 1622 387 1627 —
405 1603 599 1646 Descriptio
620 1602 738 1636 Italiae
762 1602 935 1636 inferioris
958 1588 991 1635 et
1015 1601 1093 1635 freti
1118 1600 1240 1641 Siculi.
1272 1617 1319 1622 —
1351 1599 1535 1633 Servorum
1558 1599 1630 1632 ‹lis-

190 1666 326 1715 curtlia,
352 1665 483 1699 reditus
506 1675 551 1698 ex
574 1665 715 1697 Bruttiis
735 1673 798 1708 per
819 1662 1022 1703 Lucaniam,
1048 1668 1081 1695 et
1106 1663 1222 1695 variae
1244 1661 1372 1696 clades.
1401 1678 1450 1688 —·-
1472 1660 1630 1705 Spartaci

190 1736 294 1762 mors.
319 1727 375 1759 Fr.
398 1727 496 1760 22-
503 1716 561 1762 45.
588 1725 723 1770 [Annus
747 1725 805 1760 71.
831 1735 863 1759 a.
893 1723 972 1759 Chr.
998 1722 1051 1767 ιι]

822 1805 911 1838 ΟΛ».
938 1806 997 1839 111.

279 1874 413 1907 Bellum
436 1874 691 1907 Macedonicum
711 1884 751 1906 ac
773 1873 967 1909 Thracium.
1010 1875 1055 1925 M.
1087 1874 1221 1907 Luculli
1254 1874 1430 1917 expeditio
1458 1875 1494 1906 iu
1519 1850 1627 1913 Thra—

189 1934 289 1968 ciam.
322 1933 378 1965 Fr.
404 1933 566 1967 46—47.
594 1934 700 1978 [Anni
724 1935 781 1967 72.
807 1934 864 1967 71.
891 1945 922 1967 a.
950 1934 1030 1970 Chr.
1056 1933 1107 1977 n.]

819 2015 908 2049 Cn.
932 2016 991 2050 IV.

280 2081 466 2114 piratarum
491 2082 678 2116 latrocinia.
709 2083 765 2119 Fr.
789 2085 953 2119 48-49.
981 2085 1086 2129 [Anni
1108 2082 1290 2126 71—69.]

826 2165 915 2198 Gn.
940 2165 984 2198 V.

279 2231 348 2264 Res
374 2232 533 2268 urbanae.
583 2232 644 2266 Cn.
668 2233 804 2267 Lentuli
826 2237 978 2269 censoris
999 2235 1066 2270 lex.
1091 2253 1138 2258 —
1161 2232 1249 2268 Urbs
1280 2240 1390 2267 terrae
1422 2238 1514 2265 motu
1545 2241 1625 2266 con-

188 2302 301 2326 cussa.
327 2310 374 2324 ,-
397 2292 620 2329 ΜοιεΠιιεμβκ
644 2295 810 2338 Hispania
829 2306 999 2331 reversus.
1031 2315 1079 2319 —
1109 2296 1225 2329 Crassi
1256 2301 1287 2327 et
1317 2293 1470 2336 Pompeii
1500 2302 1624 2326 consu-

188 2353 290 2385 latus.
315 2369 362 2376 —
383 2353 567 2397 Pompeius
590 2355 742 2389 favorem
766 2357 878 2400 plebis
901 2359 1046 2400 quaerit.
1071 2376 1118 2380 —
1140 2357 1234 2390 Idem
1257 2360 1459 2398 potestatem
1480 2353 1622 2386 tribuni-

187 2414 276 2446 ciam
296 2415 452 2447 restituit.
477 2433 525 2438 —
545 2416 724 2450 Palicanus
746 2419 872 2460 aliique
895 2420 1022 2453 tribuni
1046 2418 1242 2452 turbulenti.
1265 2434 1311 2439 --
1335 2416 1448 2449 Crassi
1472 2422 1504 2447 et
1522 2416 1621 2448 Pom-

186 2475 256 2516 peii
279 2469 447 2508 simultas.
474 2493 521 2499 —-
543 2477 667 2510 Verres
697 2488 717 2510 a
740 2477 900 2512 Cicerone
933 2486 1124 2514 accusatus.
1155 2479 1211 2513 Fr.
1235 2475 1397 2511 50—63.
1430 2474 1538 2518 [Anni
1561 2475 1618 2507 71.

186 2535 243 2568 70.
267 2546 298 2567 a.
326 2535 404 2569 Chr.
431 2534 484 2579 n.]

817 2619 907 2654 CAP.
932 2621 992 2655 Vl.
1007 2639 1012 2642 -

277 2683 477 2728 Fragmenta
514 2685 728 2726 obscuriora,
765 2695 797 2720 et
833 2689 979 2722 incertae
1010 2693 1066 2720 aut
1098 2687 1225 2720 nullius
1261 2686 1511 2729 explicationi&
1560 2683 1617 2718 Fr.

182 2743 344 2781 64—77.
