1774 3002
127 143 184 186 24
540 176 542 178 »
610 149 651 186 C.
687 148 918 187 SALLUSTI
947 148 1099 187 CRISPI

267 279 334 322 25.
370 274 560 331 Bellum,
588 274 746 336 quibus
774 276 929 334 posset
959 273 1312 331 condicionibus,
1345 273 1576 322 desineret.

130 434 370 487 θέμενον,
402 433 580 475 ἐκέλευον
608 429 686 486 ὅπη
709 429 868 474 δύναιτο
889 428 1089 488 εὐπρεπῶς
1113 430 1402 487 διαλυσάμενον
1421 432 1579 475 ἐπικου-

133 495 217 545 ρεῖν
235 495 284 546 τῇ
311 492 470 545 πατρίδι
498 489 821 546 πολιορκουμένῃ.
842 515 898 520 -
927 494 1067 532 Procul
1096 496 1206 542 igitur
1235 495 1281 531 de
1303 493 1507 542 Campania
1527 495 1581 530 in-

133 552 388 600 telligendum,
410 553 471 588 ubi
482 552 653 588 Metellus
666 563 750 587 cum
763 553 929 587 exercitu
939 557 1040 596 erat3
1065 563 1098 587 v.
1116 551 1165 588 ad
1178 553 1240 588 Fr.
1251 563 1330 599 seq.
1346 572 1400 579 —
1422 551 1482 588 Lo
1493 562 1581 599 nya

130 619 216 657 spes
232 613 289 645 est
307 620 415 655 sera,
436 610 651 656 lonqinqua,
682 618 777 655 quae
795 609 834 643 in
857 608 1001 655 lonyum
1025 609 1254 655 extenditur,
1286 613 1326 645 ut
1345 611 1444 644 recte
1465 609 1583 655 expli-

132 670 192 702 cat
212 666 401 702 Bentleius
432 665 481 701 ad
500 665 627 701 Horat.
647 665 692 700 A.
713 665 750 700 P.
772 666 850 702 172.
880 666 993 701 ubere
1024 665 1070 701 de
1091 665 1163 701 hoc
1193 677 1264 702 usu
1285 665 1505 712 disputans;
1536 666 1583 701 cs.

134 722 266 760 Senec.
286 723 354 770 Ep.
376 726 436 760 22.
482 721 579 765 Quid
597 724 712 768 eryo?
741 724 814 757 tam
843 722 886 757 lo
897 732 1014 769 nyas
1043 732 1154 769 spes
1173 723 1405 769 relinquam?
1431 722 1479 758 ab
1501 723 1584 769 ipsa

134 789 250 815 messe
270 779 469 815 recedam?
902 823 906 825 ‚

246 836 304 871 Fr.
325 838 380 873 25.
421 832 541 883 [Cort.
562 845 596 880 p.
621 836 722 871 1009.
765 833 861 869 Gerl.
884 832 943 868 ed.
964 834 1049 870 mai.
1068 834 1141 870 Inc.
1167 836 1243 872 147.
1271 833 1330 870 ed.
1351 834 1439 870 min.
1467 834 1504 878 Ι,
1530 837 1585 873 19.

134 905 170 940 p.
194 894 280 937 184,
307 895 342 931 9.
383 892 490 927 Debr.
511 890 545 934 1,
567 892 624 928 28.
645 890 704 933 Ill,
735 888 794 938 5.]
845 890 972 926 Verba
991 890 1098 935 haec,
1120 902 1143 926 a
1163 890 1295 927 Servio
1317 890 1366 927 ad
1385 891 1489 938 Virg.
1510 891 1587 926 Ecl.

138 950 192 995 V,
215 951 269 986 19.
291 950 372 984 sine
390 948 473 983 libri
494 946 634 982 indicio
656 947 779 991 allata,
803 947 840 981 in
861 946 1023 982 confinio
1045 948 1162 983 fuisse
1185 947 1449 994 praecedentis
1471 948 1587 996 Frag-

136 1005 248 1041 menti
277 1006 376 1041 clare
404 1004 628 1051 perspicitur
649 1014 697 1038 ex
718 1002 853 1038 eodem
877 1002 1040 1049 Appiani
1061 1004 1165 1048 loco,
1195 1014 1304 1055 quem
1326 1004 1375 1040 ad
1396 1003 1488 1040 illud
1507 1004 1588 1039 illu-

137 1061 331 1098 strandum
352 1061 600 1097 adhibuimus
638 1059 733 1095 Nam
758 1070 853 1122 quae
876 1060 923 1095 ibi
948 1061 1120 1106 leguntur
1149 1056 1357 1096 Καικίλιον
1384 1055 1588 1097 Μέτελλον

136 1109 423 1154 -ἐκέλευον’
402 1127 496 1165 οπη
517 1110 729 1152 δύναιτο
749 1106 1007 1166 ευπρεπῶς
1028 1109 1408 1164 διαλυσάμενον
1428 1113 1587 1154 ἐπικου-

137 1175 221 1226 ρεῖν
253 1174 303 1226 τῇ
329 1171 488 1224 πατρίδι
527 1167 841 1224 πολιορκουμένῃ
877 1172 1079 1209 ostendunt
1108 1173 1324 1210 Sallustium
1359 1173 1502 1210 dixisse
1540 1172 1588 1208 de

138 1231 323 1268 mandatis
345 1243 377 1267 a.
398 1232 455 1268 87.
478 1242 510 1266 a.
533 1229 618 1266 Chr.
639 1240 673 1264 n.
695 1230 740 1265 ab
763 1229 917 1266 Octavio
942 1231 1097 1266 consule
1119 1234 1326 1277 senatuque
1350 1230 1518 1266 Romano
1540 1230 1590 1266 ad

138 1289 327 1325 Metellum
348 1287 489 1332 missis,
509 1290 548 1323 ut
563 1286 767 1323 Samnitico
789 1285 887 1322 bello
909 1297 1019 1332 quam
1035 1290 1166 1333 posset
1185 1287 1378 1323 celerrime
1398 1287 1500 1322 finito
1516 1287 1589 1323 Ro-

138 1356 237 1381 mam
265 1356 348 1380 cum
381 1344 548 1380 exercitu
577 1342 839 1388 contenderet,
870 1354 965 1389 quae
996 1345 1112 1379 verba
1132 1347 1216 1379 sunt
1245 1343 1395 1379 Linkeri
1425 1343 1473 1379 de
1500 1343 1588 1380 Sall.

138 1402 292 1438 H1storr.
308 1402 475 1437 Prooem.
495 1412 529 1447 p.
545 1403 601 1439 61.
622 1400 668 1435 er.
690 1400 769 1435 Dio.
786 1398 891 1436 Cass.
906 1400 934 1435 F
937 1411 1052 1446 ragm
1066 1400 1188 1436 Ursin.
1203 1402 1281 1439 166.
1301 1412 1336 1447 Ρ.
1351 1402 1409 1439 70.
1425 1400 1588 1436 Reimar.

140 1454 196 1495 Οἱ
198 1449 382 1506 Ρωμαῖοι
393 1449 670 1500 στασιάσαντες
683 1445 780 1519 πρὸς
792 1446 986 1503 ἀλλήλους
1000 1448 1069 1492 τὸν
1080 1451 1285 1493 Μέτελλον
1297 1451 1591 1519 μετεπέμψαντο

138 1509 467 1558 κελέυσαντες
496 1503 628 1564 αυτῷ
655 1503 781 1577 πρτὸς
808 1505 946 1579 vobs„
952 1509 1207 1558 Σαυνίτας
1235 1503 1369 1558 ὅπως
1391 1503 1497 1549 ποτ’
1531 1525 1592 1549 αν

138 1563 357 1618 δύνηται
381 1568 652 1631 συμβῆναι·
684 1557 792 1606 οὗτοι
819 1562 895 1620 γὰρ
922 1564 977 1605 ἔτι
1005 1561 1088 1605 τότε
1117 1561 1232 1617 μόνοι
1259 1561 1332 1618 τὴν
1351 1566 1592 1633 Καμπανίαν

139 1621 208 1664 καὶ
226 1619 299 1676 τὴν
319 1622 496 1663 ἐπέκεινα
516 1616 637 1674 αυτῆς
657 1618 938 1692 ἐκακούργουν.
970 1625 1021 1661 Id.
1042 1627 1088 1662 ib.
1108 1626 1166 1662 Fr.
1185 1628 1264 1664 172.
1285 1637 1321 1672 p.
1338 1628 1394 1664 72.
1433 1622 1489 1663 Οἱ
1500 1617 1589 1662 Ρω-

138 1683 250 1732 μαῖοι
279 1682 350 1720 τοῦ
387 1678 580 1731 ε’μφυλιου
608 1677 780 1730 πολέμου
808 1674 1053 1729 ἐνεστηκότος
1080 1672 1150 1718 τὸν
1178 1677 1382 1718 Μέτελλον
1408 1678 1590 1731 μετεπέμ-

139 1745 270 1787 ψαντο
291 1732 539 1783 κελεύσαντες
557 1736 739 1788 βοηθεῖν.
785 1737 894 1783 Quod
916 1738 965 1774 ad
983 1740 1185 1774 verborum
1207 1742 1429 1775 structuram
1449 1740 1588 1784 attinet,

139 1797 268 1832 bellum
288 1796 473 1832 obiectum
495 1800 552 1831 est
571 1796 751 1831 desineret
779 1795 906 1839 verbi,
937 1795 1044 1831 cuius
1067 1795 1273 1831 subiectum
1294 1795 1460 1832 Metellus
1487 1796 1590 1843 cogi-

138 1853 274 1890 tandus
302 1855 370 1890 est.
426 1853 606 1890 Desinere
631 1852 729 1887 enim
758 1852 953 1887 transitivo
992 1862 1108 1887 sensu
1139 1852 1238 1888 valet
1270 1852 1422 1899 efficere
1448 1856 1487 1889 ut
1520 1853 1589 1888 ali-

138 1910 229 1957 quid
246 1910 399 1955 desinat,
423 1910 504 1945 sive
524 1910 637 1945 alicui
653 1910 710 1945 rei
723 1908 836 1955 finem
855 1909 1064 1955 imponere;
1088 1908 1134 1943 cs.
1157 1908 1245 1944 Gell.
1267 1909 1345 1945 NN.
1366 1907 1445 1946 AA.
1467 1909 1510 1954 ΙΙ,
1531 1913 1588 1953 12,

138 1965 236 2002 med.
274 1966 386 2003 Solon
414 1977 488 2003 non
509 1966 561 2002 ad
577 1965 796 2013 amendam,
819 1965 888 2001 sed
905 1965 966 2001 ad
983 1965 1287 2001 desinendam
1305 1965 1590 2002 seditionem

139 2024 252 2071 leyem
270 2022 369 2059 hanc
384 2032 463 2059 esse
482 2022 634 2059 dicebat.
675 2023 776 2061 Haec
793 2021 898 2058 verbi
918 2025 1084 2068 potestas
1104 2026 1272 2068 cognata<
1284 2025 1342 2058 est
1357 2033 1442 2058 cum
1462 2022 1590 2068 altera,

139 2090 213 2126 qua
238 2079 426 2126 significat
456 2080 618 2126 aliquam
645 2089 724 2115 rem
752 2080 932 2124 omittere,
962 2079 1044 2115 sive
1069 2088 1218 2114 cessare
1237 2078 1284 2114 ab
1303 2079 1428 2125 aliqua
1448 2088 1516 2119 re,·
1544 2079 1590 2114 cf.

138 2134 214 2172 Cic.
234 2136 327 2182 Epp.
352 2135 402 2171 ad
419 2136 559 2171 Famm.
584 2136 672 2179 VII,
701 2140 742 2180 1,
765 2138 819 2173 14.
859 2134 1028 2171 Libenter
1051 2134 1257 2171 mehercule
1280 2138 1433 2171 artem
1460 2135 1590 2172 desi—

137 2201 307 2228 nerem.
350 2190 502 2228 Sueton.
531 2191 650 2227 Tiber.
682 2203 714 2227 c.
733 2191 902 2227 XXXVI.
936 2191 1205 2227 Mathematicis
1224 2195 1376 2227 artem
1405 2192 1432 2228 d
1440 2193 1512 2228 esi
1519 2195 1590 2228 tu-

137 2258 216 2285 ros
227 2247 522 2295 promittentibus
540 2248 682 2283 veniam
700 2247 822 2283 dedit.
846 2247 935 2283 Gell.
958 2248 1035 2283 NN.
1061 2247 1141 2283 AA.
1162 2246 1252 2292 XV,
1274 2251 1329 2286 16.
1369 2246 1488 2292 Quum
1502 2247 1592 2284 Milo

139 2308 295 2341 artem
314 2303 594 2340 athleticam
614 2303 832 2340 desisset.
853 2323 911 2329 ——
948 2303 1175 2340 Debrossius
1196 2304 1322 2340 verbis
1345 2304 1509 2367 Appiani
1543 2304 1591 2340 de

138 2361 182 2399 B.
206 2361 332 2397 Mithr.
352 2372 384 2396 c.
406 2362 463 2398 54.
494 2363 528 2407 Ρ.
560 2361 640 2398 718.
664 2359 725 2395 ed.
749 2359 965 2407 Sehweigh.
990 2349 1238 2396 Ἀπέστελλεν
1257 2350 1452 2413 Ἀρχελάῳ
1477 2358 1590 2397 δια-

139 2409 304 2462 λύσεις
335 2407 396 2461 ὧς
417 2408 624 2453 δύναιτο
652 2414 910 2467 ευπρεπῶς
938 2408 1260 2465 ἐργάσασθαι
1291 2417 1470 2454 seductus
1491 2418 1590 2465 frag-

139 2478 303 2510 mentum
324 2474 458 2509 iterum
485 2473 578 2509 libro
600 2473 668 2518 ΙΙΙ,
697 2477 730 2511 5.
750 2473 896 2519 posuit,
926 2473 988 2509 ubi
1016 2472 1123 2519 fingit
1142 2474 1279 2509 bellum
1300 2472 1589 2510 Mithridaticum

135 2531 298 2579 primum
319 2532 507 2567 narratum
537 2530 667 2566 fuisse.
714 2528 792 2566 Sed
820 2529 902 2565 eius
932 2530 1019 2566 belli
1040 2540 1162 2577 neque
1184 2530 1257 2566 alio
1283 2531 1388 2574 loco,
1419 2541 1531 2576 quam
1550 2531 1589 2566 in

135 2587 231 2629 libro
251 2587 370 2634 primo
391 2587 511 2633 potuit
534 2587 672 2623 mentio
696 2585 778 2622 fieri
799 2586 876 2630 (cs.
901 2586 962 2621 Fr.
982 2586 1018 2630 Ι,
1049 2587 1157 2631 20.),
1188 2597 1309 2633 neque
1331 2586 1482 2622 omnino
1502 2597 1588 2633 pro-

136 2643 258 2681 babile
277 2647 335 2680 est
351 2641 567 2680 Sallustium
583 2638 793 2680 accuratius
815 2642 862 2678 de
884 2653 930 2678 eo
948 2643 1087 2690 egisse.
1129 2643 1252 2688 Quare
1268 2653 1479 2687 censemus,
1502 2653 1587 2678 eum

138 2700 256 2750 obiter
276 2702 418 2737 tantum
441 2698 488 2735 de
510 2710 556 2735 eo
575 2700 673 2736 bello
697 2699 853 2744 dixisse,
880 2709 955 2736 non
975 2703 1152 2746 quantum
1167 2699 1392 2736 Mithridatis
1410 2709 1587 2746 magnum

139 2766 272 2794 ausum
288 2766 486 2804 rerumque
510 2760 701 2804 gestarum
720 2756 830 2804 copia
851 2759 888 2792 et
906 2755 1124 2804 magnitudo
1152 2759 1347 2805 posceret,
1381 2755 1450 2792 sed
1471 2766 1586 2803 quan-

799 2854 820 2874 Ι
