<?xml version="1.0" encoding="UTF-8"?>
<!DOCTYPE html PUBLIC "-//W3C//DTD XHTML 1.0 Transitional//EN"
    "http://www.w3.org/TR/xhtml1/DTD/xhtml1-transitional.dtd">
<html xmlns="http://www.w3.org/1999/xhtml" xml:lang="en" lang="en">
 <head>
  <title>
</title>
<meta http-equiv="Content-Type" content="text/html;charset=utf-8" />
  <meta name='ocr-system' content='tesseract 3.04.00' />
  <meta name='ocr-capabilities' content='ocr_page ocr_carea ocr_par ocr_line ocrx_word'/>
</head>
<body>
  <div class='ocr_page' id='page_1' title='image "./operaquaesupersu03salluoft_0123.png"; bbox 0 0 1774 3002; ppageno 0'>
   <div class='ocr_carea' id='block_1_1' title="bbox 0 0 347 150">
    <p class='ocr_par' dir='ltr' id='par_1_1' title="bbox 0 0 347 150">
     <span class='ocr_line' id='line_1_1' title="bbox 0 0 347 150; baseline 0 2852"><span class='ocrx_word' id='word_1_1' title='bbox 0 0 347 150; x_wconf 95' lang='lat' dir='ltr'><strong> </strong></span> 
     </span>
    </p>
   </div>
   <div class='ocr_carea' id='block_1_2' title="bbox 456 176 1607 225">
    <p class='ocr_par' dir='ltr' id='par_1_2' title="bbox 456 176 1607 225">
     <span class='ocr_line' id='line_1_2' title="bbox 456 176 1607 225; baseline -0.003 -3"><span class='ocrx_word' id='word_1_2' title='bbox 456 183 790 222; x_wconf 80' lang='lat' dir='ltr'><strong>HlST-ORIARUM</strong></span> <span class='ocrx_word' id='word_1_3' title='bbox 813 181 1120 225; x_wconf 76' lang='lat' dir='ltr'><strong>FRAGMENTA.</strong></span> <span class='ocrx_word' id='word_1_4' title='bbox 1168 184 1254 221; x_wconf 88' lang='lat' dir='ltr'><strong>LlB.</strong></span> <span class='ocrx_word' id='word_1_5' title='bbox 1282 184 1306 220; x_wconf 95' lang='lat'><strong>1.</strong></span> <span class='ocrx_word' id='word_1_6' title='bbox 1551 176 1607 221; x_wconf 79' lang='lat'><strong>⁷3</strong></span> 
     </span>
    </p>
   </div>
   <div class='ocr_carea' id='block_1_3' title="bbox 165 303 1612 536">
    <p class='ocr_par' dir='ltr' id='par_1_3' title="bbox 165 303 1612 536">
     <span class='ocr_line' id='line_1_3' title="bbox 165 303 1604 381; baseline -0.003 -24"><span class='ocrx_word' id='word_1_7' title='bbox 165 310 380 357; x_wconf 80' lang='lat' dir='ltr'><strong>scelerum</strong></span> <span class='ocrx_word' id='word_1_8' title='bbox 402 309 667 356; x_wconf 83' lang='lat' dir='ltr'><strong>conscientia</strong></span> <span class='ocrx_word' id='word_1_9' title='bbox 698 303 930 381; x_wconf 82' lang='lat' dir='ltr'><strong>exagitati,</strong></span> <span class='ocrx_word' id='word_1_10' title='bbox 959 308 1117 370; x_wconf 89' lang='lat' dir='ltr'><strong>quibus</strong></span> <span class='ocrx_word' id='word_1_11' title='bbox 1149 308 1274 369; x_wconf 90' lang='lat' dir='ltr'><strong>quies</strong></span> <span class='ocrx_word' id='word_1_12' title='bbox 1302 308 1345 353; x_wconf 91' lang='lat' dir='ltr'><strong>in</strong></span> <span class='ocrx_word' id='word_1_13' title='bbox 1370 307 1604 354; x_wconf 87' lang='lat' dir='ltr'><strong>seditioni-</strong></span> 
     </span>
     <span class='ocr_line' id='line_1_4' title="bbox 166 390 1610 454; baseline -0.003 -14"><span class='ocrx_word' id='word_1_14' title='bbox 166 395 272 450; x_wconf 85' lang='lat' dir='ltr'>bus,</span> <span class='ocrx_word' id='word_1_15' title='bbox 299 394 344 440; x_wconf 88' lang='lat' dir='ltr'><strong>in</strong></span> <span class='ocrx_word' id='word_1_16' title='bbox 371 408 479 454; x_wconf 81' lang='lat' dir='ltr'><strong>pace</strong></span> <span class='ocrx_word' id='word_1_17' title='bbox 507 393 660 439; x_wconf 86' lang='lat' dir='ltr'><strong>turbae</strong></span> <span class='ocrx_word' id='word_1_18' title='bbox 691 396 816 451; x_wconf 90' lang='lat' dir='ltr'><strong>sunt;</strong></span> <span class='ocrx_word' id='word_1_19' title='bbox 853 392 895 438; x_wconf 90' lang='lat' dir='ltr'><strong>hi</strong></span> <span class='ocrx_word' id='word_1_20' title='bbox 924 391 1156 438; x_wconf 87' lang='lat' dir='ltr'><strong>tumultum</strong></span> <span class='ocrx_word' id='word_1_21' title='bbox 1186 407 1243 437; x_wconf 84' lang='lat' dir='ltr'><strong>ex</strong></span> <span class='ocrx_word' id='word_1_22' title='bbox 1270 391 1480 446; x_wconf 84' lang='lat' dir='ltr'><strong>tumultu,</strong></span> <span class='ocrx_word' id='word_1_23' title='bbox 1511 390 1610 436; x_wconf 85' lang='lat' dir='ltr'><strong>bel-</strong></span> 
     </span>
     <span class='ocr_line' id='line_1_5' title="bbox 169 473 1612 536; baseline -0.004 -13"><span class='ocrx_word' id='word_1_24' title='bbox 169 477 260 522; x_wconf 90' lang='lat' dir='ltr'><strong>lum</strong></span> <span class='ocrx_word' id='word_1_25' title='bbox 288 492 344 523; x_wconf 82' lang='lat' dir='ltr'><strong>ex</strong></span> <span class='ocrx_word' id='word_1_26' title='bbox 374 475 487 522; x_wconf 92' lang='lat' dir='ltr'><strong>bello</strong></span> <span class='ocrx_word' id='word_1_27' title='bbox 519 475 691 528; x_wconf 84' lang='lat' dir='ltr'><strong>serunt,</strong></span> <span class='ocrx_word' id='word_1_28' title='bbox 725 473 946 518; x_wconf 84' lang='lat' dir='ltr'><strong>Saturnini</strong></span> <span class='ocrx_word' id='word_1_29' title='bbox 985 474 1111 531; x_wconf 90' lang='lat' dir='ltr'><strong>olim,</strong></span> <span class='ocrx_word' id='word_1_30' title='bbox 1153 479 1256 536; x_wconf 90' lang='lat' dir='ltr'><strong>post</strong></span> <span class='ocrx_word' id='word_1_31' title='bbox 1293 474 1480 535; x_wconf 79' lang='lat' dir='ltr'><strong>Sulpici,</strong></span> <span class='ocrx_word' id='word_1_32' title='bbox 1511 473 1612 519; x_wconf 87' lang='lat' dir='ltr'><strong>dein</strong></span> 
     </span>
    </p>
   </div>
   <div class='ocr_carea' id='block_1_4' title="bbox 131 548 1614 707">
    <p class='ocr_par' dir='ltr' id='par_1_4' title="bbox 131 548 1614 707">
     <span class='ocr_line' id='line_1_6' title="bbox 131 548 1614 629; baseline 0.001 -27"><span class='ocrx_word' id='word_1_33' title='bbox 131 560 282 606; x_wconf 66' lang='lat' dir='ltr'><strong>&amp;Mari</strong></span> <span class='ocrx_word' id='word_1_34' title='bbox 326 557 686 621; x_wconf 76' lang='lat' dir='ltr'><strong>Damasippique,</strong></span> <span class='ocrx_word' id='word_1_35' title='bbox 734 571 850 601; x_wconf 88' lang='lat' dir='ltr'><strong>nunc</strong></span> <span class='ocrx_word' id='word_1_36' title='bbox 870 557 1040 617; x_wconf 63' lang='lat' dir='ltr'><strong>&gt;Lepidi</strong></span> <span class='ocrx_word' id='word_1_37' title='bbox 1085 548 1308 629; x_wconf 77' lang='lat' dir='ltr'><strong>satellites.</strong></span> <span class='ocrx_word' id='word_1_38' title='bbox 1336 609 1351 625; x_wconf 8' lang='grc' dir='ltr'><strong>,γ</strong></span> <span class='ocrx_word' id='word_1_39' title='bbox 1369 557 1614 603; x_wconf 78' lang='lat' dir='ltr'><strong>Praeterea</strong></span> 
     </span>
     <span class='ocr_line' id='line_1_7' title="bbox 171 638 1610 707; baseline -0.003 -18"><span class='ocrx_word' id='word_1_40' title='bbox 171 642 344 691; x_wconf 75' lang='lat' dir='ltr'><strong>Etruria</strong></span> <span class='ocrx_word' id='word_1_41' title='bbox 375 645 506 707; x_wconf 88' lang='lat' dir='ltr'><strong>atque</strong></span> <span class='ocrx_word' id='word_1_42' title='bbox 542 655 695 688; x_wconf 87' lang='lat' dir='ltr'><strong>omnes</strong></span> <span class='ocrx_word' id='word_1_43' title='bbox 734 639 943 702; x_wconf 83' lang='lat' dir='ltr'><strong>reliquiae</strong></span> <span class='ocrx_word' id='word_1_44' title='bbox 978 640 1084 687; x_wconf 85' lang='lat' dir='ltr'><strong>belli</strong></span> <span class='ocrx_word' id='word_1_45' title='bbox 1114 642 1332 698; x_wconf 81' lang='lat' dir='ltr'><strong>arrectae3</strong></span> <span class='ocrx_word' id='word_1_46' title='bbox 1371 638 1610 701; x_wconf 82' lang='lat' dir='ltr'><strong>Hispaniae</strong></span> 
     </span>
    </p>
   </div>
   <div class='ocr_carea' id='block_1_5' title="bbox 170 794 1653 2149">
    <p class='ocr_par' dir='ltr' id='par_1_5' title="bbox 170 794 1653 2085">
     <span class='ocr_line' id='line_1_8' title="bbox 170 794 1613 847; baseline -0.003 -6"><span class='ocrx_word' id='word_1_47' title='bbox 170 807 318 841; x_wconf 74' lang='lat' dir='ltr'><strong>citatam</strong></span> <span class='ocrx_word' id='word_1_48' title='bbox 341 803 573 841; x_wconf 79' lang='lat' dir='ltr'><strong>vastabat.</strong></span> <span class='ocrx_word' id='word_1_49' title='bbox 603 802 694 838; x_wconf 85' lang='lat' dir='ltr'><strong>ibid.</strong></span> <span class='ocrx_word' id='word_1_50' title='bbox 724 814 756 838; x_wconf 87' lang='lat' dir='ltr'><strong>c.</strong></span> <span class='ocrx_word' id='word_1_51' title='bbox 779 801 877 845; x_wconf 87' lang='lat' dir='ltr'>XIV,</span> <span class='ocrx_word' id='word_1_52' title='bbox 898 805 933 839; x_wconf 83' lang='lat'><strong>3.</strong></span> <span class='ocrx_word' id='word_1_53' title='bbox 988 801 1138 845; x_wconf 83' lang='lat' dir='ltr'><strong><em>Omnes,</em></strong></span> <span class='ocrx_word' id='word_1_54' title='bbox 1161 810 1250 847; x_wconf 80' lang='lat' dir='ltr'><strong>quos</strong></span> <span class='ocrx_word' id='word_1_55' title='bbox 1270 819 1326 825; x_wconf 90' lang='lat'>—</span> <span class='ocrx_word' id='word_1_56' title='bbox 1346 794 1514 838; x_wconf 71' lang='lat' dir='ltr'><strong>conscias</strong></span> <span class='ocrx_word' id='word_1_57' title='bbox 1530 803 1613 837; x_wconf 85' lang='lat' dir='ltr'><strong>ani—</strong></span> 
     </span>
     <span class='ocr_line' id='line_1_9' title="bbox 170 856 1614 908; baseline -0.003 -10"><span class='ocrx_word' id='word_1_58' title='bbox 170 871 252 898; x_wconf 74' lang='lat' dir='ltr'><strong>mus</strong></span> <span class='ocrx_word' id='word_1_59' title='bbox 269 860 492 908; x_wconf 59' lang='lat' dir='ltr'><strong>may-‘zabau</strong></span> <span class='ocrx_word' id='word_1_60' title='bbox 512 880 567 885; x_wconf 87' lang='lat'><strong>-—</strong></span> <span class='ocrx_word' id='word_1_61' title='bbox 598 858 736 903; x_wconf 78' lang='lat' dir='ltr'><strong>Quies</strong></span> <span class='ocrx_word' id='word_1_62' title='bbox 764 859 802 893; x_wconf 83' lang='lat' dir='ltr'><strong>in</strong></span> <span class='ocrx_word' id='word_1_63' title='bbox 827 858 1059 894; x_wconf 73' lang='lat' dir='ltr'><strong>seditionibus</strong></span> <span class='ocrx_word' id='word_1_64' title='bbox 1089 861 1146 892; x_wconf 88' lang='lat' dir='ltr'><strong>est</strong></span> <span class='ocrx_word' id='word_1_65' title='bbox 1170 856 1360 902; x_wconf 77' lang='lat' dir='ltr'><strong>scelestis,</strong></span> <span class='ocrx_word' id='word_1_66' title='bbox 1396 859 1483 904; x_wconf 86' lang='lat' dir='ltr'><strong>quia</strong></span> <span class='ocrx_word' id='word_1_67' title='bbox 1512 858 1614 893; x_wconf 87' lang='lat' dir='ltr'><strong>nulla</strong></span> 
     </span>
     <span class='ocr_line' id='line_1_10' title="bbox 173 913 1614 964; baseline -0.002 -11"><span class='ocrx_word' id='word_1_68' title='bbox 173 917 266 964; x_wconf 86' lang='lat' dir='ltr'><strong>ipsis</strong></span> <span class='ocrx_word' id='word_1_69' title='bbox 284 928 407 964; x_wconf 88' lang='lat' dir='ltr'><strong>poena</strong></span> <span class='ocrx_word' id='word_1_70' title='bbox 426 914 626 956; x_wconf 85' lang='lat' dir='ltr'><strong>metuenda</strong></span> <span class='ocrx_word' id='word_1_71' title='bbox 647 918 724 958; x_wconf 80' lang='lat' dir='ltr'><strong>est,</strong></span> <span class='ocrx_word' id='word_1_72' title='bbox 756 914 817 950; x_wconf 92' lang='lat' dir='ltr'><strong>ubi</strong></span> <span class='ocrx_word' id='word_1_73' title='bbox 839 915 963 950; x_wconf 84' lang='lat' dir='ltr'><strong>omnia</strong></span> <span class='ocrx_word' id='word_1_74' title='bbox 987 915 1175 950; x_wconf 87' lang='lat' dir='ltr'><strong>turbarum</strong></span> <span class='ocrx_word' id='word_1_75' title='bbox 1196 913 1427 959; x_wconf 34' lang='lat' dir='ltr'><strong>ptenaxsunt.</strong></span> <span class='ocrx_word' id='word_1_76' title='bbox 1475 913 1614 950; x_wconf 88' lang='lat' dir='ltr'><strong>lisdem</strong></span> 
     </span>
     <span class='ocr_line' id='line_1_11' title="bbox 172 968 1615 1020; baseline -0.003 -10"><span class='ocrx_word' id='word_1_77' title='bbox 172 975 215 1009; x_wconf 75' lang='lat' dir='ltr'><strong>in</strong></span> <span class='ocrx_word' id='word_1_78' title='bbox 223 983 323 1020; x_wconf 77' lang='lat' dir='ltr'><strong>pace</strong></span> <span class='ocrx_word' id='word_1_79' title='bbox 346 972 518 1009; x_wconf 75' lang='lat' dir='ltr'><strong>turbae</strong></span> <span class='ocrx_word' id='word_1_80' title='bbox 544 981 623 1008; x_wconf 76' lang='lat' dir='ltr'><strong>esse</strong></span> <span class='ocrx_word' id='word_1_81' title='bbox 654 970 845 1014; x_wconf 85' lang='lat' dir='ltr'><strong>dicuntur,</strong></span> <span class='ocrx_word' id='word_1_82' title='bbox 873 971 961 1016; x_wconf 87' lang='lat' dir='ltr'><strong>quia</strong></span> <span class='ocrx_word' id='word_1_83' title='bbox 981 975 1056 1006; x_wconf 89' lang='lat' dir='ltr'><strong>tum</strong></span> <span class='ocrx_word' id='word_1_84' title='bbox 1076 968 1225 1005; x_wconf 87' lang='lat' dir='ltr'><strong>iudiciis</strong></span> <span class='ocrx_word' id='word_1_85' title='bbox 1249 971 1375 1006; x_wconf 86' lang='lat' dir='ltr'><strong>vexati</strong></span> <span class='ocrx_word' id='word_1_86' title='bbox 1396 982 1441 1006; x_wconf 84' lang='lat' dir='ltr'><strong>ac</strong></span> <span class='ocrx_word' id='word_1_87' title='bbox 1468 971 1615 1018; x_wconf 86' lang='lat' dir='ltr'><strong>legibus</strong></span> 
     </span>
     <span class='ocr_line' id='line_1_12' title="bbox 173 1024 1616 1076; baseline -0.003 -10"><span class='ocrx_word' id='word_1_88' title='bbox 173 1029 324 1066; x_wconf 81' lang='lat' dir='ltr'><strong>coerciti</strong></span> <span class='ocrx_word' id='word_1_89' title='bbox 343 1029 480 1076; x_wconf 80' lang='lat' dir='ltr'><strong>pariter</strong></span> <span class='ocrx_word' id='word_1_90' title='bbox 501 1028 540 1063; x_wconf 89' lang='lat' dir='ltr'><strong>in</strong></span> <span class='ocrx_word' id='word_1_91' title='bbox 559 1027 742 1074; x_wconf 70' lang='lat' dir='ltr'><strong>angustiis</strong></span> <span class='ocrx_word' id='word_1_92' title='bbox 763 1030 980 1070; x_wconf 70' lang='lat' dir='ltr'><strong>versantur,</strong></span> <span class='ocrx_word' id='word_1_93' title='bbox 1006 1030 1044 1061; x_wconf 92' lang='lat' dir='ltr'><strong>ut</strong></span> <span class='ocrx_word' id='word_1_94' title='bbox 1064 1025 1151 1062; x_wconf 89' lang='lat' dir='ltr'><strong>boni</strong></span> <span class='ocrx_word' id='word_1_95' title='bbox 1178 1024 1304 1068; x_wconf 83' lang='lat' dir='ltr'><strong>cives,</strong></span> <span class='ocrx_word' id='word_1_96' title='bbox 1326 1026 1476 1072; x_wconf 81' lang='lat' dir='ltr'><strong>quando</strong></span> <span class='ocrx_word' id='word_1_97' title='bbox 1498 1027 1616 1062; x_wconf 86' lang='lat' dir='ltr'><strong>turbis</strong></span> 
     </span>
     <span class='ocr_line' id='line_1_13' title="bbox 173 1075 1618 1130; baseline -0.002 -8"><span class='ocrx_word' id='word_1_98' title='bbox 173 1097 218 1122; x_wconf 72' lang='lat' dir='ltr'><strong>ae</strong></span> <span class='ocrx_word' id='word_1_99' title='bbox 239 1081 484 1122; x_wconf 61' lang='lat' dir='ltr'><strong>seditionibus</strong></span> <span class='ocrx_word' id='word_1_100' title='bbox 507 1075 719 1130; x_wconf 58' lang='lat' dir='ltr'><strong>respublica</strong></span> <span class='ocrx_word' id='word_1_101' title='bbox 750 1083 921 1129; x_wconf 75' lang='lat' dir='ltr'><strong>agitatur.</strong></span> <span class='ocrx_word' id='word_1_102' title='bbox 954 1101 1009 1108; x_wconf 93' lang='lat'><strong>--</strong></span> <span class='ocrx_word' id='word_1_103' title='bbox 1054 1081 1114 1118; x_wconf 82' lang='lat' dir='ltr'><strong>Ad</strong></span> <span class='ocrx_word' id='word_1_104' title='bbox 1144 1082 1261 1117; x_wconf 77' lang='lat' dir='ltr'><strong>verba</strong></span> <span class='ocrx_word' id='word_1_105' title='bbox 1292 1082 1421 1119; x_wconf 72' lang='lat' dir='ltr'><strong>bellum</strong></span> <span class='ocrx_word' id='word_1_106' title='bbox 1449 1093 1500 1119; x_wconf 70' lang='lat' dir='ltr'><strong>ex</strong></span> <span class='ocrx_word' id='word_1_107' title='bbox 1527 1082 1618 1119; x_wconf 77' lang='lat' dir='ltr'><strong>beno</strong></span> 
     </span>
     <span class='ocr_line' id='line_1_14' title="bbox 172 1137 1653 1186; baseline -0.002 -8"><span class='ocrx_word' id='word_1_108' title='bbox 172 1144 344 1178; x_wconf 63' lang='lat' dir='ltr'><strong>serant</strong></span> <span class='ocrx_word' id='word_1_109' title='bbox 369 1142 442 1178; x_wconf 83' lang='lat' dir='ltr'><strong>iam</strong></span> <span class='ocrx_word' id='word_1_110' title='bbox 464 1140 608 1177; x_wconf 77' lang='lat' dir='ltr'><strong>Cottius</strong></span> <span class='ocrx_word' id='word_1_111' title='bbox 634 1139 788 1175; x_wconf 83' lang='lat' dir='ltr'><strong>eontulit</strong></span> <span class='ocrx_word' id='word_1_112' title='bbox 805 1139 955 1186; x_wconf 83' lang='lat' dir='ltr'><strong>Fragm.</strong></span> <span class='ocrx_word' id='word_1_113' title='bbox 978 1139 1040 1183; x_wconf 93' lang='lat' dir='ltr'><strong>IV,</strong></span> <span class='ocrx_word' id='word_1_114' title='bbox 1061 1141 1124 1182; x_wconf 89' lang='grc'><strong>19,</strong></span> <span class='ocrx_word' id='word_1_115' title='bbox 1146 1141 1203 1175; x_wconf 99' lang='grc'><strong>20.</strong></span> <span class='ocrx_word' id='word_1_116' title='bbox 1264 1137 1427 1175; x_wconf 82' lang='lat' dir='ltr'><strong>Romani</strong></span> <span class='ocrx_word' id='word_1_117' title='bbox 1449 1139 1542 1175; x_wconf 79' lang='lat' dir='ltr'><strong>bella</strong></span> <span class='ocrx_word' id='word_1_118' title='bbox 1567 1149 1619 1175; x_wconf 77' lang='lat' dir='ltr'><strong>ex</strong></span> <span class='ocrx_word' id='word_1_119' title='bbox 1646 1164 1653 1169; x_wconf 79' lang='lat'><em>-</em></span> 
     </span>
     <span class='ocr_line' id='line_1_15' title="bbox 172 1194 1618 1243; baseline -0.003 -8"><span class='ocrx_word' id='word_1_120' title='bbox 172 1197 497 1235; x_wconf 59' lang='lat' dir='ltr'><strong>bdhkserendo</strong></span> <span class='ocrx_word' id='word_1_121' title='bbox 520 1195 764 1243; x_wconf 71' lang='lat' dir='ltr'><strong>maynis&#39;acli.</strong></span> <span class='ocrx_word' id='word_1_122' title='bbox 824 1195 903 1230; x_wconf 90' lang='lat' dir='ltr'><strong>Liv.</strong></span> <span class='ocrx_word' id='word_1_123' title='bbox 925 1194 1032 1238; x_wconf 87' lang='lat' dir='ltr'>XXI,</span> <span class='ocrx_word' id='word_1_124' title='bbox 1066 1199 1128 1239; x_wconf 90' lang='lat'><strong>10,</strong></span> <span class='ocrx_word' id='word_1_125' title='bbox 1148 1197 1185 1232; x_wconf 81' lang='lat'><strong>4.</strong></span> <span class='ocrx_word' id='word_1_126' title='bbox 1244 1194 1287 1230; x_wconf 85' lang='lat' dir='ltr'><strong>Si</strong></span> <span class='ocrx_word' id='word_1_127' title='bbox 1311 1206 1362 1232; x_wconf 75' lang='lat' dir='ltr'><strong>ex</strong></span> <span class='ocrx_word' id='word_1_128' title='bbox 1390 1196 1492 1232; x_wconf 79' lang='lat' dir='ltr'><strong>bellis</strong></span> <span class='ocrx_word' id='word_1_129' title='bbox 1525 1195 1618 1232; x_wconf 81' lang='lat' dir='ltr'><strong>bella</strong></span> 
     </span>
     <span class='ocr_line' id='line_1_16' title="bbox 173 1250 1619 1299; baseline -0.002 -8"><span class='ocrx_word' id='word_1_130' title='bbox 173 1264 249 1291; x_wconf 78' lang='lat' dir='ltr'><strong>ser</strong></span> <span class='ocrx_word' id='word_1_131' title='bbox 259 1253 374 1290; x_wconf 81' lang='lat' dir='ltr'><strong>endo</strong></span> <span class='ocrx_word' id='word_1_132' title='bbox 393 1254 604 1290; x_wconf 83' lang='lat' dir='ltr'><strong>succinctus</strong></span> <span class='ocrx_word' id='word_1_133' title='bbox 626 1253 743 1288; x_wconf 78' lang='lat' dir='ltr'><strong>armis</strong></span> <span class='ocrx_word' id='word_1_134' title='bbox 765 1250 1031 1299; x_wconf 73' lang='lat' dir='ltr'><strong>leqionibusque</strong></span> <span class='ocrx_word' id='word_1_135' title='bbox 1050 1253 1155 1288; x_wconf 80' lang='lat' dir='ltr'><strong>vivat.</strong></span> <span class='ocrx_word' id='word_1_136' title='bbox 1202 1250 1264 1287; x_wconf 92' lang='lat' dir='ltr'><strong>XL</strong></span> <span class='ocrx_word' id='word_1_137' title='bbox 1279 1254 1374 1296; x_wconf 75' lang='lat'><strong>‚,48‚</strong></span> <span class='ocrx_word' id='word_1_138' title='bbox 1397 1257 1432 1292; x_wconf 82' lang='lat'><strong>2.</strong></span> <span class='ocrx_word' id='word_1_139' title='bbox 1476 1250 1524 1288; x_wconf 86' lang='lat' dir='ltr'><strong>In</strong></span> <span class='ocrx_word' id='word_1_140' title='bbox 1540 1253 1619 1288; x_wconf 77' lang='lat' dir='ltr'><strong>dies</strong></span> 
     </span>
     <span class='ocr_line' id='line_1_17' title="bbox 173 1307 1617 1356; baseline -0.002 -9"><span class='ocrx_word' id='word_1_141' title='bbox 173 1312 316 1348; x_wconf 75' lang='lat' dir='ltr'><strong>maiora</strong></span> <span class='ocrx_word' id='word_1_142' title='bbox 329 1311 531 1348; x_wconf 76' lang='lat' dir='ltr'><strong>certamina</strong></span> <span class='ocrx_word' id='word_1_143' title='bbox 550 1309 755 1345; x_wconf 82' lang='lat' dir='ltr'><strong>serebat.</strong></span> <span class='ocrx_word' id='word_1_144' title='bbox 775 1328 831 1333; x_wconf 92' lang='lat'><strong>———</strong></span> <span class='ocrx_word' id='word_1_145' title='bbox 857 1307 1098 1344; x_wconf 78' lang='lat' dir='ltr'><strong>Saturninum</strong></span> <span class='ocrx_word' id='word_1_146' title='bbox 1124 1319 1207 1344; x_wconf 86' lang='lat' dir='ltr'><strong>cum</strong></span> <span class='ocrx_word' id='word_1_147' title='bbox 1238 1310 1374 1345; x_wconf 87' lang='lat' dir='ltr'><strong>ceteris</strong></span> <span class='ocrx_word' id='word_1_148' title='bbox 1402 1320 1425 1344; x_wconf 84' lang='lat' dir='ltr'><strong>a</strong></span> <span class='ocrx_word' id='word_1_149' title='bbox 1446 1307 1617 1356; x_wconf 86' lang='lat' dir='ltr'><strong>Philippo</strong></span> 
     </span>
     <span class='ocr_line' id='line_1_18' title="bbox 173 1364 1621 1411; baseline -0.001 -8"><span class='ocrx_word' id='word_1_150' title='bbox 173 1367 372 1409; x_wconf 82' lang='lat' dir='ltr'><strong>nominatis</strong></span> <span class='ocrx_word' id='word_1_151' title='bbox 396 1367 600 1402; x_wconf 81' lang='lat' dir='ltr'><strong>acerrimos</strong></span> <span class='ocrx_word' id='word_1_152' title='bbox 621 1366 799 1401; x_wconf 88' lang='lat' dir='ltr'><strong>nobilium</strong></span> <span class='ocrx_word' id='word_1_153' title='bbox 820 1364 1062 1400; x_wconf 85' lang='lat' dir='ltr'><strong>adversarios</strong></span> <span class='ocrx_word' id='word_1_154' title='bbox 1083 1365 1200 1400; x_wconf 79' lang='lat' dir='ltr'><strong>fuisse</strong></span> <span class='ocrx_word' id='word_1_155' title='bbox 1221 1375 1264 1399; x_wconf 81' lang='lat' dir='ltr'><strong>ac</strong></span> <span class='ocrx_word' id='word_1_156' title='bbox 1285 1376 1354 1411; x_wconf 89' lang='lat' dir='ltr'><strong>pro</strong></span> <span class='ocrx_word' id='word_1_157' title='bbox 1376 1364 1621 1401; x_wconf 84' lang='lat' dir='ltr'><strong>immoderata</strong></span> 
     </span>
     <span class='ocr_line' id='line_1_19' title="bbox 173 1420 1620 1470; baseline -0.002 -11"><span class='ocrx_word' id='word_1_158' title='bbox 173 1423 294 1470; x_wconf 88' lang='lat' dir='ltr'><strong>plebis</strong></span> <span class='ocrx_word' id='word_1_159' title='bbox 313 1423 477 1470; x_wconf 84' lang='lat' dir='ltr'><strong>potentia</strong></span> <span class='ocrx_word' id='word_1_160' title='bbox 495 1432 707 1470; x_wconf 82' lang='lat' dir='ltr'><strong>pugnasse,</strong></span> <span class='ocrx_word' id='word_1_161' title='bbox 730 1420 820 1457; x_wconf 86' lang='lat' dir='ltr'><strong>sa&#39;tis</strong></span> <span class='ocrx_word' id='word_1_162' title='bbox 841 1424 966 1456; x_wconf 82' lang='lat' dir='ltr'><strong>notum</strong></span> <span class='ocrx_word' id='word_1_163' title='bbox 988 1425 1065 1464; x_wconf 88' lang='lat' dir='ltr'><strong>est;</strong></span> <span class='ocrx_word' id='word_1_164' title='bbox 1089 1420 1135 1456; x_wconf 90' lang='lat' dir='ltr'><strong>de</strong></span> <span class='ocrx_word' id='word_1_165' title='bbox 1149 1420 1351 1457; x_wconf 85' lang='lat' dir='ltr'><strong>Saturnino</strong></span> <span class='ocrx_word' id='word_1_166' title='bbox 1372 1423 1456 1468; x_wconf 88' lang='lat' dir='ltr'><strong>ipso</strong></span> <span class='ocrx_word' id='word_1_167' title='bbox 1475 1433 1514 1457; x_wconf 90' lang='lat' dir='ltr'><strong>v.</strong></span> <span class='ocrx_word' id='word_1_168' title='bbox 1539 1422 1620 1468; x_wconf 90' lang='lat' dir='ltr'><strong>Ap-</strong></span> 
     </span>
     <span class='ocr_line' id='line_1_20' title="bbox 173 1476 1621 1527; baseline -0.003 -11"><span class='ocrx_word' id='word_1_169' title='bbox 173 1480 276 1527; x_wconf 88' lang='lat' dir='ltr'><strong>pian.</strong></span> <span class='ocrx_word' id='word_1_170' title='bbox 304 1479 352 1515; x_wconf 86' lang='lat' dir='ltr'><strong>de</strong></span> <span class='ocrx_word' id='word_1_171' title='bbox 374 1479 419 1515; x_wconf 87' lang='lat' dir='ltr'><strong>B.</strong></span> <span class='ocrx_word' id='word_1_172' title='bbox 440 1478 479 1515; x_wconf 87' lang='lat' dir='ltr'><strong>C.</strong></span> <span class='ocrx_word' id='word_1_173' title='bbox 501 1479 535 1523; x_wconf 94' lang='grc' dir='ltr'><strong>Ι,</strong></span> <span class='ocrx_word' id='word_1_174' title='bbox 554 1480 714 1516; x_wconf 82' lang='grc'><strong>28-32.</strong></span> <span class='ocrx_word' id='word_1_175' title='bbox 748 1476 933 1513; x_wconf 77' lang='lat' dir='ltr'><strong>Plutarch.</strong></span> <span class='ocrx_word' id='word_1_176' title='bbox 954 1476 1001 1513; x_wconf 69' lang='lat' dir='ltr'><strong>in</strong></span> <span class='ocrx_word' id='word_1_177' title='bbox 1010 1477 1130 1513; x_wconf 86' lang='lat' dir='ltr'><strong>Mario</strong></span> <span class='ocrx_word' id='word_1_178' title='bbox 1156 1488 1188 1512; x_wconf 86' lang='lat' dir='ltr'><strong>e.</strong></span> <span class='ocrx_word' id='word_1_179' title='bbox 1207 1479 1253 1514; x_wconf 89' lang='grc'><strong>28</strong></span> <span class='ocrx_word' id='word_1_180' title='bbox 1274 1489 1329 1524; x_wconf 86' lang='lat' dir='ltr'><strong>sq.</strong></span> <span class='ocrx_word' id='word_1_181' title='bbox 1362 1478 1436 1514; x_wconf 84' lang='lat' dir='ltr'><strong>Cic.</strong></span> <span class='ocrx_word' id='word_1_182' title='bbox 1456 1478 1494 1512; x_wconf 88' lang='lat' dir='ltr'><strong>in</strong></span> <span class='ocrx_word' id='word_1_183' title='bbox 1516 1477 1621 1514; x_wconf 86' lang='lat' dir='ltr'><strong>Catil.</strong></span> 
     </span>
     <span class='ocr_line' id='line_1_21' title="bbox 174 1532 1623 1579; baseline -0.001 -7"><span class='ocrx_word' id='word_1_184' title='bbox 174 1535 246 1579; x_wconf 89' lang='lat' dir='ltr'><strong>IV,</strong></span> <span class='ocrx_word' id='word_1_185' title='bbox 265 1539 310 1579; x_wconf 85' lang='grc'><strong>2,</strong></span> <span class='ocrx_word' id='word_1_186' title='bbox 329 1537 366 1572; x_wconf 80' lang='lat'><strong>4.</strong></span> <span class='ocrx_word' id='word_1_187' title='bbox 392 1535 519 1571; x_wconf 89' lang='lat' dir='ltr'><strong>Valer.</strong></span> <span class='ocrx_word' id='word_1_188' title='bbox 543 1534 645 1569; x_wconf 87' lang='lat' dir='ltr'><strong>Max.</strong></span> <span class='ocrx_word' id='word_1_189' title='bbox 664 1534 733 1577; x_wconf 87' lang='lat'><strong>111,</strong></span> <span class='ocrx_word' id='word_1_190' title='bbox 753 1537 797 1578; x_wconf 88' lang='grc'><strong>2,</strong></span> <span class='ocrx_word' id='word_1_191' title='bbox 818 1537 874 1571; x_wconf 88' lang='grc'><strong>18.</strong></span> <span class='ocrx_word' id='word_1_192' title='bbox 903 1533 954 1567; x_wconf 84' lang='lat' dir='ltr'><strong>VI</strong></span> <span class='ocrx_word' id='word_1_193' title='bbox 970 1561 978 1576; x_wconf 94' lang='lat'><strong>,</strong></span> <span class='ocrx_word' id='word_1_194' title='bbox 998 1536 1042 1577; x_wconf 83' lang='lat'><strong>3,</strong></span> <span class='ocrx_word' id='word_1_195' title='bbox 1065 1537 1099 1570; x_wconf 94' lang='lat'><strong>1.</strong></span> <span class='ocrx_word' id='word_1_196' title='bbox 1136 1532 1182 1568; x_wconf 90' lang='lat' dir='ltr'><strong>de</strong></span> <span class='ocrx_word' id='word_1_197' title='bbox 1218 1533 1300 1569; x_wconf 93' lang='lat' dir='ltr'><strong>eius</strong></span> <span class='ocrx_word' id='word_1_198' title='bbox 1330 1534 1480 1571; x_wconf 83' lang='lat' dir='ltr'><strong>dicendi</strong></span> <span class='ocrx_word' id='word_1_199' title='bbox 1509 1535 1623 1570; x_wconf 79' lang='lat' dir='ltr'><strong>racul-</strong></span> 
     </span>
     <span class='ocr_line' id='line_1_22' title="bbox 174 1588 1621 1636; baseline 0 -8"><span class='ocrx_word' id='word_1_200' title='bbox 174 1595 248 1628; x_wconf 83' lang='lat' dir='ltr'><strong>tate</strong></span> <span class='ocrx_word' id='word_1_201' title='bbox 267 1603 309 1629; x_wconf 89' lang='lat' dir='ltr'><strong>v.</strong></span> <span class='ocrx_word' id='word_1_202' title='bbox 330 1590 407 1627; x_wconf 87' lang='lat' dir='ltr'><strong>Cic.</strong></span> <span class='ocrx_word' id='word_1_203' title='bbox 429 1591 532 1627; x_wconf 82' lang='lat' dir='ltr'><strong>Brut.</strong></span> <span class='ocrx_word' id='word_1_204' title='bbox 553 1601 586 1626; x_wconf 83' lang='lat' dir='ltr'><strong>c.</strong></span> <span class='ocrx_word' id='word_1_205' title='bbox 605 1593 671 1634; x_wconf 86' lang='grc'><strong>62,</strong></span> <span class='ocrx_word' id='word_1_206' title='bbox 693 1592 773 1628; x_wconf 80' lang='grc'><strong>224-</strong></span> <span class='ocrx_word' id='word_1_207' title='bbox 794 1607 852 1616; x_wconf 87' lang='lat'><strong>--</strong></span> <span class='ocrx_word' id='word_1_208' title='bbox 885 1589 938 1624; x_wconf 90' lang='lat' dir='ltr'><strong>De</strong></span> <span class='ocrx_word' id='word_1_209' title='bbox 962 1588 1127 1636; x_wconf 80' lang='lat' dir='ltr'><strong>Sulpicio</strong></span> <span class='ocrx_word' id='word_1_210' title='bbox 1150 1590 1196 1625; x_wconf 79' lang='lat' dir='ltr'><strong>cs.</strong></span> <span class='ocrx_word' id='word_1_211' title='bbox 1218 1589 1345 1626; x_wconf 80' lang='lat' dir='ltr'><strong>Valet.</strong></span> <span class='ocrx_word' id='word_1_212' title='bbox 1370 1591 1472 1626; x_wconf 86' lang='lat' dir='ltr'><strong>Max.</strong></span> <span class='ocrx_word' id='word_1_213' title='bbox 1494 1591 1564 1634; x_wconf 92' lang='lat' dir='ltr'><strong>Vl,</strong></span> <span class='ocrx_word' id='word_1_214' title='bbox 1585 1594 1621 1635; x_wconf 90' lang='grc'><strong>5,</strong></span> 
     </span>
     <span class='ocr_line' id='line_1_23' title="bbox 176 1645 1623 1696; baseline -0.001 -12"><span class='ocrx_word' id='word_1_215' title='bbox 176 1649 213 1696; x_wconf 72' lang='grc'><strong>7.</strong></span> <span class='ocrx_word' id='word_1_216' title='bbox 238 1647 285 1684; x_wconf 81' lang='lat' dir='ltr'><strong>L.</strong></span> <span class='ocrx_word' id='word_1_217' title='bbox 302 1647 406 1684; x_wconf 80' lang='lat' dir='ltr'><strong>Sulla</strong></span> <span class='ocrx_word' id='word_1_218' title='bbox 426 1646 628 1694; x_wconf 78' lang='lat' dir='ltr'><strong>Sulpicium</strong></span> <span class='ocrx_word' id='word_1_219' title='bbox 643 1645 987 1693; x_wconf 71' lang='lat' dir='ltr'><strong>Rufumperditum</strong></span> <span class='ocrx_word' id='word_1_220' title='bbox 1006 1646 1134 1689; x_wconf 78' lang='lat' dir='ltr'><strong>voluit,</strong></span> <span class='ocrx_word' id='word_1_221' title='bbox 1166 1645 1429 1683; x_wconf 74' lang='lat' dir='ltr'><strong>tribunicio</strong></span> <span class='ocrx_word' id='word_1_222' title='bbox 1446 1646 1623 1693; x_wconf 82' lang='lat' dir='ltr'><strong>furore</strong></span> 
     </span>
     <span class='ocr_line' id='line_1_24' title="bbox 177 1701 1623 1750; baseline -0.001 -10"><span class='ocrx_word' id='word_1_223' title='bbox 177 1704 281 1740; x_wconf 78' lang='lat' dir='ltr'><strong>eius</strong></span> <span class='ocrx_word' id='word_1_224' title='bbox 307 1705 411 1740; x_wconf 74' lang='lat' dir='ltr'><strong>sine</strong></span> <span class='ocrx_word' id='word_1_225' title='bbox 436 1704 532 1739; x_wconf 81' lang='lat' dir='ltr'><strong>ullo</strong></span> <span class='ocrx_word' id='word_1_226' title='bbox 555 1702 661 1750; x_wconf 81' lang='lat' dir='ltr'><strong>fine</strong></span> <span class='ocrx_word' id='word_1_227' title='bbox 689 1705 898 1738; x_wconf 74' lang='lat' dir='ltr'><strong>vexatus.</strong></span> <span class='ocrx_word' id='word_1_228' title='bbox 956 1701 1046 1737; x_wconf 90' lang='lat' dir='ltr'><strong>Eius</strong></span> <span class='ocrx_word' id='word_1_229' title='bbox 1075 1713 1175 1737; x_wconf 89' lang='lat' dir='ltr'><strong>mors</strong></span> <span class='ocrx_word' id='word_1_230' title='bbox 1197 1702 1307 1738; x_wconf 82' lang='lat' dir='ltr'><strong>etiam</strong></span> <span class='ocrx_word' id='word_1_231' title='bbox 1326 1707 1552 1743; x_wconf 75' lang='lat' dir='ltr'><strong>memoratur</strong></span> <span class='ocrx_word' id='word_1_232' title='bbox 1577 1705 1623 1739; x_wconf 87' lang='lat' dir='ltr'><strong>ab</strong></span> 
     </span>
     <span class='ocr_line' id='line_1_25' title="bbox 176 1758 1623 1804; baseline -0.001 -8"><span class='ocrx_word' id='word_1_233' title='bbox 176 1759 285 1796; x_wconf 72' lang='lat' dir='ltr'><strong>Auci.</strong></span> <span class='ocrx_word' id='word_1_234' title='bbox 308 1759 357 1796; x_wconf 86' lang='lat' dir='ltr'><strong>ad</strong></span> <span class='ocrx_word' id='word_1_235' title='bbox 376 1759 537 1795; x_wconf 86' lang='lat' dir='ltr'><strong>Herenn.</strong></span> <span class='ocrx_word' id='word_1_236' title='bbox 558 1759 594 1803; x_wconf 92' lang='lat'><strong>1,</strong></span> <span class='ocrx_word' id='word_1_237' title='bbox 629 1763 695 1803; x_wconf 87' lang='grc'><strong>15,</strong></span> <span class='ocrx_word' id='word_1_238' title='bbox 720 1761 802 1803; x_wconf 88' lang='grc'><strong>25.;</strong></span> <span class='ocrx_word' id='word_1_239' title='bbox 830 1758 942 1794; x_wconf 83' lang='lat' dir='ltr'><strong>valde</strong></span> <span class='ocrx_word' id='word_1_240' title='bbox 967 1759 1201 1804; x_wconf 83' lang='lat' dir='ltr'><strong>eloquentem</strong></span> <span class='ocrx_word' id='word_1_241' title='bbox 1237 1759 1354 1796; x_wconf 77' lang='lat' dir='ltr'><strong>fuisse</strong></span> <span class='ocrx_word' id='word_1_242' title='bbox 1390 1762 1544 1795; x_wconf 86' lang='lat' dir='ltr'><strong>testatur</strong></span> <span class='ocrx_word' id='word_1_243' title='bbox 1566 1758 1623 1795; x_wconf 90' lang='lat' dir='ltr'><strong>Ci-</strong></span> 
     </span>
     <span class='ocr_line' id='line_1_26' title="bbox 178 1814 1622 1862; baseline 0 -11"><span class='ocrx_word' id='word_1_244' title='bbox 178 1826 266 1852; x_wconf 87' lang='lat' dir='ltr'><strong>cero</strong></span> <span class='ocrx_word' id='word_1_245' title='bbox 286 1816 324 1851; x_wconf 90' lang='lat' dir='ltr'><strong>in</strong></span> <span class='ocrx_word' id='word_1_246' title='bbox 344 1816 458 1852; x_wconf 88' lang='lat' dir='ltr'><strong>Bruto</strong></span> <span class='ocrx_word' id='word_1_247' title='bbox 479 1828 513 1852; x_wconf 88' lang='lat' dir='ltr'><strong>e.</strong></span> <span class='ocrx_word' id='word_1_248' title='bbox 534 1818 599 1860; x_wconf 83' lang='lat'><strong>55,</strong></span> <span class='ocrx_word' id='word_1_249' title='bbox 628 1817 709 1853; x_wconf 79' lang='grc'><strong>203.</strong></span> <span class='ocrx_word' id='word_1_250' title='bbox 741 1814 787 1850; x_wconf 90' lang='lat' dir='ltr'><strong>de</strong></span> <span class='ocrx_word' id='word_1_251' title='bbox 805 1814 878 1851; x_wconf 85' lang='lat' dir='ltr'><strong>Off.</strong></span> <span class='ocrx_word' id='word_1_252' title='bbox 903 1814 952 1859; x_wconf 91' lang='lat'><strong>11,</strong></span> <span class='ocrx_word' id='word_1_253' title='bbox 973 1816 1038 1858; x_wconf 85' lang='lat'><strong>14,</strong></span> <span class='ocrx_word' id='word_1_254' title='bbox 1054 1816 1114 1851; x_wconf 81' lang='lat'><strong>49.</strong></span> <span class='ocrx_word' id='word_1_255' title='bbox 1142 1818 1178 1849; x_wconf 85' lang='lat' dir='ltr'><strong>et</strong></span> <span class='ocrx_word' id='word_1_256' title='bbox 1197 1817 1450 1862; x_wconf 87' lang='lat' dir='ltr'><strong>compluribus</strong></span> <span class='ocrx_word' id='word_1_257' title='bbox 1471 1816 1508 1850; x_wconf 92' lang='lat' dir='ltr'><strong>in</strong></span> <span class='ocrx_word' id='word_1_258' title='bbox 1529 1816 1622 1852; x_wconf 87' lang='lat' dir='ltr'><strong>libro</strong></span> 
     </span>
     <span class='ocr_line' id='line_1_27' title="bbox 179 1870 1623 1918; baseline -0.001 -11"><span class='ocrx_word' id='word_1_259' title='bbox 179 1871 226 1907; x_wconf 90' lang='lat' dir='ltr'><strong>de</strong></span> <span class='ocrx_word' id='word_1_260' title='bbox 246 1871 399 1908; x_wconf 83' lang='lat' dir='ltr'><strong>Oratore</strong></span> <span class='ocrx_word' id='word_1_261' title='bbox 420 1872 525 1908; x_wconf 87' lang='lat' dir='ltr'><strong>loeis.</strong></span> <span class='ocrx_word' id='word_1_262' title='bbox 547 1872 596 1907; x_wconf 82' lang='lat' dir='ltr'><strong>el&#39;.</strong></span> <span class='ocrx_word' id='word_1_263' title='bbox 616 1870 776 1907; x_wconf 87' lang='lat' dir='ltr'><strong>Ellendt.</strong></span> <span class='ocrx_word' id='word_1_264' title='bbox 800 1871 893 1906; x_wconf 90' lang='lat' dir='ltr'><strong>Hist.</strong></span> <span class='ocrx_word' id='word_1_265' title='bbox 914 1871 1012 1916; x_wconf 92' lang='lat' dir='ltr'><strong>eloq.</strong></span> <span class='ocrx_word' id='word_1_266' title='bbox 1036 1881 1129 1906; x_wconf 88' lang='lat' dir='ltr'><strong>rom.</strong></span> <span class='ocrx_word' id='word_1_267' title='bbox 1148 1873 1182 1913; x_wconf 93' lang='grc'><strong>5.</strong></span> <span class='ocrx_word' id='word_1_268' title='bbox 1206 1874 1263 1909; x_wconf 86' lang='grc'><strong>29</strong></span> <span class='ocrx_word' id='word_1_269' title='bbox 1285 1884 1321 1918; x_wconf 92' lang='lat' dir='ltr'><strong>p.</strong></span> <span class='ocrx_word' id='word_1_270' title='bbox 1346 1874 1391 1910; x_wconf 86' lang='grc'><strong>78</strong></span> <span class='ocrx_word' id='word_1_271' title='bbox 1411 1883 1469 1917; x_wconf 87' lang='lat' dir='ltr'><strong>sq.</strong></span> <span class='ocrx_word' id='word_1_272' title='bbox 1495 1871 1556 1907; x_wconf 84' lang='lat' dir='ltr'><strong>ed.</strong></span> <span class='ocrx_word' id='word_1_273' title='bbox 1577 1872 1623 1906; x_wconf 94' lang='grc' dir='ltr'><strong>ΙΙ.</strong></span> 
     </span>
     <span class='ocr_line' id='line_1_28' title="bbox 178 1925 1625 1975; baseline 0.001 -13"><span class='ocrx_word' id='word_1_274' title='bbox 178 1927 231 1962; x_wconf 89' lang='lat' dir='ltr'><strong>De</strong></span> <span class='ocrx_word' id='word_1_275' title='bbox 268 1927 501 1975; x_wconf 78' lang='lat' dir='ltr'><strong>Damasippo</strong></span> <span class='ocrx_word' id='word_1_276' title='bbox 535 1928 609 1964; x_wconf 86' lang='lat' dir='ltr'><strong>iam</strong></span> <span class='ocrx_word' id='word_1_277' title='bbox 645 1927 783 1962; x_wconf 82' lang='lat' dir='ltr'><strong>dictum</strong></span> <span class='ocrx_word' id='word_1_278' title='bbox 812 1930 869 1962; x_wconf 86' lang='lat' dir='ltr'><strong>est</strong></span> <span class='ocrx_word' id='word_1_279' title='bbox 901 1926 950 1962; x_wconf 86' lang='lat' dir='ltr'><strong>ad</strong></span> <span class='ocrx_word' id='word_1_280' title='bbox 985 1925 1091 1962; x_wconf 84' lang='lat' dir='ltr'><strong>Catil.</strong></span> <span class='ocrx_word' id='word_1_281' title='bbox 1135 1939 1169 1962; x_wconf 83' lang='lat' dir='ltr'><strong>c.</strong></span> <span class='ocrx_word' id='word_1_282' title='bbox 1206 1927 1268 1970; x_wconf 92' lang='lat' dir='ltr'><strong>LI,</strong></span> <span class='ocrx_word' id='word_1_283' title='bbox 1308 1931 1368 1966; x_wconf 84' lang='grc'><strong>32.</strong></span> <span class='ocrx_word' id='word_1_284' title='bbox 1427 1928 1625 1963; x_wconf 85' lang='lat' dir='ltr'><strong>Praeterea</strong></span> 
     </span>
     <span class='ocr_line' id='line_1_29' title="bbox 180 1981 1623 2037; baseline 0.001 -19"><span class='ocrx_word' id='word_1_285' title='bbox 180 1984 228 2018; x_wconf 82' lang='lat' dir='ltr'><strong>cf.</strong></span> <span class='ocrx_word' id='word_1_286' title='bbox 249 1983 411 2029; x_wconf 87' lang='lat' dir='ltr'><strong>Appian.</strong></span> <span class='ocrx_word' id='word_1_287' title='bbox 441 1983 488 2018; x_wconf 88' lang='lat' dir='ltr'><strong>de</strong></span> <span class='ocrx_word' id='word_1_288' title='bbox 504 1983 549 2018; x_wconf 87' lang='lat' dir='ltr'><strong>B.</strong></span> <span class='ocrx_word' id='word_1_289' title='bbox 571 1981 671 2026; x_wconf 85' lang='lat' dir='ltr'><strong>c.1,</strong></span> <span class='ocrx_word' id='word_1_290' title='bbox 695 1985 754 2020; x_wconf 83' lang='lat'><strong>88.</strong></span> <span class='ocrx_word' id='word_1_291' title='bbox 786 1993 871 2018; x_wconf 85' lang='lat' dir='ltr'><strong>cum</strong></span> <span class='ocrx_word' id='word_1_292' title='bbox 893 1983 1129 2018; x_wconf 76' lang='lat' dir='ltr'><strong>annotatione</strong></span> <span class='ocrx_word' id='word_1_293' title='bbox 1160 1981 1514 2034; x_wconf 65' lang='lat' dir='ltr'><strong>Schweighaeuseri</strong></span> <span class='ocrx_word' id='word_1_294' title='bbox 1536 1984 1623 2037; x_wconf 66' lang='lat' dir='ltr'><strong>Vol.</strong></span> 
     </span>
     <span class='ocr_line' id='line_1_30' title="bbox 181 2028 1447 2090; baseline -0.002 -17"><span class='ocrx_word' id='word_1_295' title='bbox 181 2038 242 2074; x_wconf 92' lang='lat'><strong>111.</strong></span> <span class='ocrx_word' id='word_1_296' title='bbox 257 2050 294 2085; x_wconf 87' lang='lat' dir='ltr'><strong>p.</strong></span> <span class='ocrx_word' id='word_1_297' title='bbox 316 2040 398 2090; x_wconf 72' lang='grc'><strong>716.</strong></span> <span class='ocrx_word' id='word_1_298' title='bbox 428 2038 539 2075; x_wconf 90' lang='lat' dir='ltr'><strong>Oros.</strong></span> <span class='ocrx_word' id='word_1_299' title='bbox 557 2038 605 2081; x_wconf 88' lang='lat' dir='ltr'><strong>V,</strong></span> <span class='ocrx_word' id='word_1_300' title='bbox 619 2041 678 2075; x_wconf 87' lang='grc'><strong>20.</strong></span> <span class='ocrx_word' id='word_1_301' title='bbox 702 2036 781 2073; x_wconf 81' lang='lat' dir='ltr'><strong>Cic.</strong></span> <span class='ocrx_word' id='word_1_302' title='bbox 803 2037 896 2085; x_wconf 85' lang='lat' dir='ltr'><strong>Epp.</strong></span> <span class='ocrx_word' id='word_1_303' title='bbox 922 2028 979 2074; x_wconf 83' lang='lat' dir='ltr'><strong>ad</strong></span> <span class='ocrx_word' id='word_1_304' title='bbox 984 2038 1117 2073; x_wconf 77' lang='lat' dir='ltr'><strong>Famit.</strong></span> <span class='ocrx_word' id='word_1_305' title='bbox 1133 2037 1206 2084; x_wconf 90' lang='grc' dir='ltr'><strong>ΙΧ,</strong></span> <span class='ocrx_word' id='word_1_306' title='bbox 1227 2042 1293 2083; x_wconf 83' lang='grc'><strong>21,</strong></span> <span class='ocrx_word' id='word_1_307' title='bbox 1315 2041 1348 2077; x_wconf 91' lang='grc'><strong>7.</strong></span> <span class='ocrx_word' id='word_1_308' title='bbox 1390 2062 1393 2064; x_wconf 29' lang='lat' dir='ltr'>v</span> <span class='ocrx_word' id='word_1_309' title='bbox 1444 2067 1447 2070; x_wconf 28' lang='lat'><strong>⁴</strong></span> 
     </span>
    </p>

    <p class='ocr_par' dir='ltr' id='par_1_6' title="bbox 293 2093 1624 2149">
     <span class='ocr_line' id='line_1_31' title="bbox 293 2093 1624 2149; baseline 0.002 -19"><span class='ocrx_word' id='word_1_310' title='bbox 293 2096 327 2136; x_wconf 90' lang='grc'><strong>5.</strong></span> <span class='ocrx_word' id='word_1_311' title='bbox 347 2096 383 2131; x_wconf 88' lang='grc'><strong>8.</strong></span> <span class='ocrx_word' id='word_1_312' title='bbox 405 2094 582 2140; x_wconf 74' lang='lat' dir='ltr'><strong>reliquiae</strong></span> <span class='ocrx_word' id='word_1_313' title='bbox 599 2093 697 2136; x_wconf 82' lang='lat' dir='ltr'><strong>belli)</strong></span> <span class='ocrx_word' id='word_1_314' title='bbox 738 2093 1016 2140; x_wconf 81' lang='lat' dir='ltr'><strong>Intelligendae</strong></span> <span class='ocrx_word' id='word_1_315' title='bbox 1026 2093 1201 2129; x_wconf 87' lang='lat' dir='ltr'><strong>videntur</strong></span> <span class='ocrx_word' id='word_1_316' title='bbox 1221 2096 1402 2149; x_wconf 85' lang='lat' dir='ltr'><strong>reliquiae</strong></span> <span class='ocrx_word' id='word_1_317' title='bbox 1426 2097 1512 2132; x_wconf 91' lang='lat' dir='ltr'><strong>belli</strong></span> <span class='ocrx_word' id='word_1_318' title='bbox 1531 2098 1624 2133; x_wconf 87' lang='lat' dir='ltr'><strong>eivi-</strong></span> 
     </span>
    </p>
   </div>
   <div class='ocr_carea' id='block_1_6' title="bbox 177 2148 1624 2256">
    <p class='ocr_par' dir='ltr' id='par_1_7' title="bbox 177 2148 1624 2256">
     <span class='ocr_line' id='line_1_32' title="bbox 177 2148 1622 2200; baseline 0.002 -13"><span class='ocrx_word' id='word_1_319' title='bbox 177 2152 227 2187; x_wconf 40' lang='lat' dir='ltr'><strong>*lis</strong></span> <span class='ocrx_word' id='word_1_320' title='bbox 247 2148 424 2185; x_wconf 81' lang='lat' dir='ltr'><strong>Sullani.-</strong></span> <span class='ocrx_word' id='word_1_321' title='bbox 451 2150 631 2186; x_wconf 70' lang='lat' dir='ltr'><strong>Arrectae</strong></span> <span class='ocrx_word' id='word_1_322' title='bbox 658 2149 682 2184; x_wconf 88' lang='lat' dir='ltr'><strong>i.</strong></span> <span class='ocrx_word' id='word_1_323' title='bbox 703 2160 736 2188; x_wconf 93' lang='lat' dir='ltr'><strong>e</strong></span> <span class='ocrx_word' id='word_1_324' title='bbox 765 2152 874 2186; x_wconf 78' lang='lat' dir='ltr'><strong>motu</strong></span> <span class='ocrx_word' id='word_1_325' title='bbox 883 2151 1041 2198; x_wconf 74' lang='lat' dir='ltr'><strong>ayitatae</strong></span> <span class='ocrx_word' id='word_1_326' title='bbox 1060 2153 1094 2185; x_wconf 85' lang='lat' dir='ltr'><strong>el</strong></span> <span class='ocrx_word' id='word_1_327' title='bbox 1116 2152 1301 2194; x_wconf 76' lang='lat' dir='ltr'><strong>occasioni</strong></span> <span class='ocrx_word' id='word_1_328' title='bbox 1322 2152 1375 2188; x_wconf 80' lang='lat' dir='ltr'><strong>ad</strong></span> <span class='ocrx_word' id='word_1_329' title='bbox 1399 2153 1539 2200; x_wconf 72' lang='lat' dir='ltr'><strong>aliquid</strong></span> <span class='ocrx_word' id='word_1_330' title='bbox 1558 2164 1622 2200; x_wconf 77' lang='lat' dir='ltr'><strong>ye-</strong></span> 
     </span>
     <span class='ocr_line' id='line_1_33' title="bbox 181 2197 1624 2256; baseline 0.004 -17"><span class='ocrx_word' id='word_1_331' title='bbox 181 2197 336 2243; x_wconf 69' lang='lat' dir='ltr'><strong>rendam</strong></span> <span class='ocrx_word' id='word_1_332' title='bbox 366 2205 541 2246; x_wconf 57' lang='lat' dir='ltr'><strong>imemaae</strong></span> <span class='ocrx_word' id='word_1_333' title='bbox 579 2206 626 2240; x_wconf 83' lang='lat' dir='ltr'><strong>cl&#39;.</strong></span> <span class='ocrx_word' id='word_1_334' title='bbox 657 2205 707 2240; x_wconf 85' lang='lat' dir='ltr'><strong>ad</strong></span> <span class='ocrx_word' id='word_1_335' title='bbox 737 2201 841 2241; x_wconf 84' lang='lat' dir='ltr'><strong>Catil.</strong></span> <span class='ocrx_word' id='word_1_336' title='bbox 867 2218 900 2242; x_wconf 89' lang='lat' dir='ltr'><strong>c.</strong></span> <span class='ocrx_word' id='word_1_337' title='bbox 931 2205 1095 2249; x_wconf 82' lang='lat' dir='ltr'><strong>XXXIX,</strong></span> <span class='ocrx_word' id='word_1_338' title='bbox 1121 2209 1156 2245; x_wconf 79' lang='lat'><strong>3.</strong></span> <span class='ocrx_word' id='word_1_339' title='bbox 1191 2218 1231 2254; x_wconf 81' lang='lat' dir='ltr'><strong>p·-</strong></span> <span class='ocrx_word' id='word_1_340' title='bbox 1257 2210 1326 2246; x_wconf 85' lang='grc'><strong>183</strong></span> <span class='ocrx_word' id='word_1_341' title='bbox 1357 2220 1416 2256; x_wconf 89' lang='lat' dir='ltr'><strong>sq.</strong></span> <span class='ocrx_word' id='word_1_342' title='bbox 1455 2229 1511 2234; x_wconf 87' lang='lat'><strong>—</strong></span> <span class='ocrx_word' id='word_1_343' title='bbox 1552 2211 1624 2245; x_wconf 85' lang='lat' dir='ltr'><strong>Pro</strong></span> 
     </span>
    </p>
   </div>
   <div class='ocr_carea' id='block_1_7' title="bbox 181 2261 1628 2762">
    <p class='ocr_par' dir='ltr' id='par_1_8' title="bbox 181 2261 1628 2762">
     <span class='ocr_line' id='line_1_34' title="bbox 181 2261 1625 2313; baseline 0.003 -14"><span class='ocrx_word' id='word_1_344' title='bbox 181 2262 375 2310; x_wconf 74' lang='lat' dir='ltr'><strong>sollicitae,</strong></span> <span class='ocrx_word' id='word_1_345' title='bbox 415 2261 516 2308; x_wconf 82' lang='lat' dir='ltr'><strong>quod</strong></span> <span class='ocrx_word' id='word_1_346' title='bbox 542 2265 599 2299; x_wconf 82' lang='lat' dir='ltr'><strong>est</strong></span> <span class='ocrx_word' id='word_1_347' title='bbox 622 2261 660 2296; x_wconf 84' lang='lat' dir='ltr'><strong>in</strong></span> <span class='ocrx_word' id='word_1_348' title='bbox 682 2261 767 2309; x_wconf 78' lang='lat' dir='ltr'><strong>Vat.</strong></span> <span class='ocrx_word' id='word_1_349' title='bbox 789 2266 822 2300; x_wconf 91' lang='lat'><strong>1.</strong></span> <span class='ocrx_word' id='word_1_350' title='bbox 842 2266 888 2300; x_wconf 83' lang='grc'><strong>2.·</strong></span> <span class='ocrx_word' id='word_1_351' title='bbox 903 2266 939 2298; x_wconf 81' lang='lat' dir='ltr'><strong>et</strong></span> <span class='ocrx_word' id='word_1_352' title='bbox 959 2261 1106 2308; x_wconf 60' lang='lat' dir='ltr'><strong>Gracc„</strong></span> <span class='ocrx_word' id='word_1_353' title='bbox 1138 2263 1222 2307; x_wconf 77' lang='lat' dir='ltr'><strong>Vat.</strong></span> <span class='ocrx_word' id='word_1_354' title='bbox 1245 2267 1282 2303; x_wconf 83' lang='grc'><strong>3.</strong></span> <span class='ocrx_word' id='word_1_355' title='bbox 1312 2268 1349 2300; x_wconf 89' lang='lat' dir='ltr'><strong>et</strong></span> <span class='ocrx_word' id='word_1_356' title='bbox 1373 2264 1460 2301; x_wconf 88' lang='lat' dir='ltr'><strong>edd.</strong></span> <span class='ocrx_word' id='word_1_357' title='bbox 1476 2266 1625 2313; x_wconf 72' lang='lat' dir='ltr'><strong>antiqq.</strong></span> 
     </span>
     <span class='ocr_line' id='line_1_35' title="bbox 183 2316 1626 2366; baseline 0.003 -12"><span class='ocrx_word' id='word_1_358' title='bbox 183 2319 322 2355; x_wconf 89' lang='lat' dir='ltr'><strong>habent</strong></span> <span class='ocrx_word' id='word_1_359' title='bbox 340 2317 572 2358; x_wconf 53' lang='lat' dir='ltr'><strong>sollicitatam</strong></span> <span class='ocrx_word' id='word_1_360' title='bbox 599 2316 668 2353; x_wconf 88' lang='lat' dir='ltr'><strong>sed</strong></span> <span class='ocrx_word' id='word_1_361' title='bbox 686 2328 798 2364; x_wconf 88' lang='lat' dir='ltr'><strong>quum</strong></span> <span class='ocrx_word' id='word_1_362' title='bbox 819 2318 1045 2355; x_wconf 87' lang='lat' dir='ltr'><strong>adieetivum</strong></span> <span class='ocrx_word' id='word_1_363' title='bbox 1066 2331 1226 2366; x_wconf 87' lang='lat' dir='ltr'><strong>quoque,</strong></span> <span class='ocrx_word' id='word_1_364' title='bbox 1257 2321 1343 2357; x_wconf 89' lang='lat' dir='ltr'><strong>licet</strong></span> <span class='ocrx_word' id='word_1_365' title='bbox 1363 2322 1497 2365; x_wconf 88' lang='lat' dir='ltr'><strong>rarius,</strong></span> <span class='ocrx_word' id='word_1_366' title='bbox 1527 2322 1626 2358; x_wconf 88' lang='lat' dir='ltr'><strong>idem</strong></span> 
     </span>
     <span class='ocr_line' id='line_1_36' title="bbox 186 2373 1628 2422; baseline 0.002 -11"><span class='ocrx_word' id='word_1_367' title='bbox 186 2373 530 2421; x_wconf 24' lang='lat' dir='ltr'><strong>significem-atque</strong></span> <span class='ocrx_word' id='word_1_368' title='bbox 552 2374 791 2422; x_wconf 61' lang='lat' dir='ltr'><strong>exagitatus,</strong></span> <span class='ocrx_word' id='word_1_369' title='bbox 815 2375 872 2418; x_wconf 87' lang='lat' dir='ltr'><strong>(v.</strong></span> <span class='ocrx_word' id='word_1_370' title='bbox 892 2375 1091 2422; x_wconf 75' lang='lat' dir='ltr'><strong>Forcellini</strong></span> <span class='ocrx_word' id='word_1_371' title='bbox 1110 2376 1200 2411; x_wconf 83' lang='lat' dir='ltr'><strong>Lex.</strong></span> <span class='ocrx_word' id='word_1_372' title='bbox 1227 2376 1266 2412; x_wconf 92' lang='lat' dir='ltr'><strong>h.</strong></span> <span class='ocrx_word' id='word_1_373' title='bbox 1287 2378 1347 2422; x_wconf 91' lang='lat' dir='ltr'><strong>v.)</strong></span> <span class='ocrx_word' id='word_1_374' title='bbox 1376 2389 1450 2413; x_wconf 90' lang='lat' dir='ltr'><strong>non</strong></span> <span class='ocrx_word' id='word_1_375' title='bbox 1480 2383 1538 2414; x_wconf 89' lang='lat' dir='ltr'><strong>est</strong></span> <span class='ocrx_word' id='word_1_376' title='bbox 1561 2390 1628 2414; x_wconf 84' lang='lat' dir='ltr'><strong>cur</strong></span> 
     </span>
     <span class='ocr_line' id='line_1_37' title="bbox 185 2427 1628 2482; baseline 0.003 -16"><span class='ocrx_word' id='word_1_377' title='bbox 185 2431 380 2477; x_wconf 85' lang='lat' dir='ltr'><strong>vulgarem</strong></span> <span class='ocrx_word' id='word_1_378' title='bbox 404 2429 569 2467; x_wconf 78' lang='lat' dir='ltr'><strong>sormam.</strong></span> <span class='ocrx_word' id='word_1_379' title='bbox 581 2430 862 2482; x_wconf 56' lang='lat' dir='ltr'><strong>praeferamus„</strong></span> <span class='ocrx_word' id='word_1_380' title='bbox 892 2427 1063 2467; x_wconf 87' lang='lat' dir='ltr'><strong>Ceterum</strong></span> <span class='ocrx_word' id='word_1_381' title='bbox 1079 2431 1334 2469; x_wconf 88' lang='lat' dir='ltr'><strong>Sertorianum</strong></span> <span class='ocrx_word' id='word_1_382' title='bbox 1356 2435 1492 2470; x_wconf 92' lang='lat' dir='ltr'><strong>bellum</strong></span> <span class='ocrx_word' id='word_1_383' title='bbox 1513 2436 1628 2482; x_wconf 82' lang='lat' dir='ltr'><strong>signi-</strong></span> 
     </span>
     <span class='ocr_line' id='line_1_38' title="bbox 185 2485 1627 2538; baseline 0.003 -16"><span class='ocrx_word' id='word_1_384' title='bbox 185 2486 289 2522; x_wconf 84' lang='lat' dir='ltr'><strong>ficari</strong></span> <span class='ocrx_word' id='word_1_385' title='bbox 318 2486 471 2532; x_wconf 87' lang='lat' dir='ltr'><strong>planum</strong></span> <span class='ocrx_word' id='word_1_386' title='bbox 494 2488 564 2520; x_wconf 80' lang='lat' dir='ltr'><strong>est.</strong></span> <span class='ocrx_word' id='word_1_387' title='bbox 590 2503 648 2510; x_wconf 88' lang='lat'>—</span> <span class='ocrx_word' id='word_1_388' title='bbox 674 2485 723 2522; x_wconf 82' lang='lat' dir='ltr'><strong>In</strong></span> <span class='ocrx_word' id='word_1_389' title='bbox 750 2486 863 2523; x_wconf 72' lang='lat' dir='ltr'><strong>latere</strong></span> <span class='ocrx_word' id='word_1_390' title='bbox 891 2489 1204 2534; x_wconf 87' lang='lat' dir='ltr'><strong>propinquitatem</strong></span> <span class='ocrx_word' id='word_1_391' title='bbox 1232 2489 1428 2536; x_wconf 82' lang='lat' dir='ltr'><strong>designat3</strong></span> <span class='ocrx_word' id='word_1_392' title='bbox 1465 2491 1513 2527; x_wconf 81' lang='lat' dir='ltr'><strong>cf.</strong></span> <span class='ocrx_word' id='word_1_393' title='bbox 1545 2492 1627 2538; x_wconf 86' lang='lat' dir='ltr'><strong>lug.</strong></span> 
     </span>
     <span class='ocr_line' id='line_1_39' title="bbox 186 2540 1627 2592; baseline 0.005 -16"><span class='ocrx_word' id='word_1_394' title='bbox 186 2541 285 2586; x_wconf 86' lang='lat' dir='ltr'><strong>XIV,</strong></span> <span class='ocrx_word' id='word_1_395' title='bbox 306 2546 363 2580; x_wconf 90' lang='grc'><strong>10.</strong></span> <span class='ocrx_word' id='word_1_396' title='bbox 392 2540 525 2576; x_wconf 74' lang='lat' dir='ltr'><strong>Hostes</strong></span> <span class='ocrx_word' id='word_1_397' title='bbox 552 2540 607 2576; x_wconf 84' lang='lat' dir='ltr'><strong>ab</strong></span> <span class='ocrx_word' id='word_1_398' title='bbox 634 2541 802 2585; x_wconf 74' lang='lat' dir='ltr'><strong>latere,</strong></span> <span class='ocrx_word' id='word_1_399' title='bbox 828 2553 891 2579; x_wconf 79' lang='lat' dir='ltr'><strong>vos</strong></span> <span class='ocrx_word' id='word_1_400' title='bbox 910 2546 1020 2580; x_wconf 87' lang='lat' dir='ltr'><strong>amici</strong></span> <span class='ocrx_word' id='word_1_401' title='bbox 1040 2545 1235 2590; x_wconf 82' lang='lat' dir='ltr'><strong>procul,</strong></span> <span class='ocrx_word' id='word_1_402' title='bbox 1261 2555 1348 2592; x_wconf 79' lang='lat' dir='ltr'><strong>spes</strong></span> <span class='ocrx_word' id='word_1_403' title='bbox 1367 2549 1482 2583; x_wconf 77' lang='lat' dir='ltr'><strong>omnis</strong></span> <span class='ocrx_word' id='word_1_404' title='bbox 1503 2548 1542 2583; x_wconf 81' lang='lat' dir='ltr'><strong>in</strong></span> <span class='ocrx_word' id='word_1_405' title='bbox 1561 2559 1627 2583; x_wconf 86' lang='lat' dir='ltr'><strong>ar-</strong></span> 
     </span>
     <span class='ocr_line' id='line_1_40' title="bbox 187 2596 1628 2646; baseline 0.005 -14"><span class='ocrx_word' id='word_1_406' title='bbox 187 2598 256 2632; x_wconf 78' lang='lat' dir='ltr'><strong>mis</strong></span> <span class='ocrx_word' id='word_1_407' title='bbox 273 2602 366 2633; x_wconf 65' lang='lat' dir='ltr'><strong>erat.</strong></span> <span class='ocrx_word' id='word_1_408' title='bbox 394 2615 451 2622; x_wconf 91' lang='grc'><strong>--</strong></span> <span class='ocrx_word' id='word_1_409' title='bbox 491 2596 597 2632; x_wconf 84' lang='lat' dir='ltr'><strong>Diem</strong></span> <span class='ocrx_word' id='word_1_410' title='bbox 623 2599 841 2644; x_wconf 84' lang='lat' dir='ltr'><strong>praegnanti</strong></span> <span class='ocrx_word' id='word_1_411' title='bbox 870 2611 985 2636; x_wconf 87' lang='lat' dir='ltr'><strong>sensu</strong></span> <span class='ocrx_word' id='word_1_412' title='bbox 1014 2604 1070 2635; x_wconf 86' lang='lat' dir='ltr'><strong>est</strong></span> <span class='ocrx_word' id='word_1_413' title='bbox 1098 2601 1321 2638; x_wconf 78' lang='lat' dir='ltr'><strong>commodum</strong></span> <span class='ocrx_word' id='word_1_414' title='bbox 1350 2603 1467 2646; x_wconf 55' lang='lat' dir='ltr'><strong>diem,</strong></span> <span class='ocrx_word' id='word_1_415' title='bbox 1493 2603 1628 2639; x_wconf 87' lang='lat' dir='ltr'><strong>eodem</strong></span> 
     </span>
     <span class='ocr_line' id='line_1_41' title="bbox 188 2652 1627 2703; baseline 0.003 -15"><span class='ocrx_word' id='word_1_416' title='bbox 188 2652 299 2688; x_wconf 90' lang='lat' dir='ltr'><strong>modo</strong></span> <span class='ocrx_word' id='word_1_417' title='bbox 331 2656 529 2698; x_wconf 87' lang='lat' dir='ltr'><strong>usurpatur</strong></span> <span class='ocrx_word' id='word_1_418' title='bbox 558 2653 669 2688; x_wconf 83' lang='lat' dir='ltr'><strong>etiam</strong></span> <span class='ocrx_word' id='word_1_419' title='bbox 698 2655 856 2700; x_wconf 73' lang='lat' dir='ltr'><strong>tempus,</strong></span> <span class='ocrx_word' id='word_1_420' title='bbox 890 2667 931 2691; x_wconf 91' lang='lat' dir='ltr'><strong>v.</strong></span> <span class='ocrx_word' id='word_1_421' title='bbox 962 2656 1013 2691; x_wconf 88' lang='lat' dir='ltr'><strong>ad</strong></span> <span class='ocrx_word' id='word_1_422' title='bbox 1042 2656 1123 2703; x_wconf 83' lang='lat' dir='ltr'><strong>lug.</strong></span> <span class='ocrx_word' id='word_1_423' title='bbox 1154 2668 1187 2692; x_wconf 85' lang='lat' dir='ltr'><strong>e.</strong></span> <span class='ocrx_word' id='word_1_424' title='bbox 1210 2657 1370 2702; x_wconf 87' lang='lat' dir='ltr'><strong>LXXIX,</strong></span> <span class='ocrx_word' id='word_1_425' title='bbox 1400 2661 1436 2696; x_wconf 91' lang='grc'><strong>7.</strong></span> <span class='ocrx_word' id='word_1_426' title='bbox 1463 2679 1519 2684; x_wconf 87' lang='lat'><strong>—-</strong></span> <span class='ocrx_word' id='word_1_427' title='bbox 1555 2660 1627 2694; x_wconf 93' lang='lat' dir='ltr'><strong>Pro</strong></span> 
     </span>
     <span class='ocr_line' id='line_1_42' title="bbox 187 2707 1626 2762; baseline 0.004 -19"><span class='ocrx_word' id='word_1_428' title='bbox 187 2707 276 2744; x_wconf 72' lang='lat' dir='ltr'><strong>nihil</strong></span> <span class='ocrx_word' id='word_1_429' title='bbox 302 2708 439 2744; x_wconf 75' lang='lat' dir='ltr'><strong>abest</strong></span> <span class='ocrx_word' id='word_1_430' title='bbox 465 2718 558 2744; x_wconf 86' lang='lat' dir='ltr'><strong>cave</strong></span> <span class='ocrx_word' id='word_1_431' title='bbox 590 2707 723 2748; x_wconf 80' lang='lat' dir='ltr'><strong>credas</strong></span> <span class='ocrx_word' id='word_1_432' title='bbox 752 2710 862 2746; x_wconf 84' lang='lat' dir='ltr'><strong>etiam</strong></span> <span class='ocrx_word' id='word_1_433' title='bbox 890 2711 962 2748; x_wconf 84' lang='lat' dir='ltr'><strong>diei</strong></span> <span class='ocrx_word' id='word_1_434' title='bbox 998 2714 1164 2759; x_wconf 88' lang='lat' dir='ltr'><strong>potuisse</strong></span> <span class='ocrx_word' id='word_1_435' title='bbox 1193 2712 1284 2749; x_wconf 64' lang='lat' dir='ltr'><strong>nffll</strong></span> <span class='ocrx_word' id='word_1_436' title='bbox 1309 2714 1458 2759; x_wconf 76' lang='lat' dir='ltr'><strong>deest,</strong></span> <span class='ocrx_word' id='word_1_437' title='bbox 1489 2716 1626 2762; x_wconf 88' lang='lat' dir='ltr'><strong>quippe</strong></span> 
     </span>
    </p>
   </div>
   <div class='ocr_carea' id='block_1_8' title="bbox 189 2763 1628 2817">
    <p class='ocr_par' dir='ltr' id='par_1_9' title="bbox 189 2763 1628 2817">
     <span class='ocr_line' id='line_1_43' title="bbox 189 2763 1628 2817; baseline 0.005 -19"><span class='ocrx_word' id='word_1_438' title='bbox 189 2774 260 2809; x_wconf 89' lang='lat' dir='ltr'><strong>quo</strong></span> <span class='ocrx_word' id='word_1_439' title='bbox 289 2763 480 2811; x_wconf 88' lang='lat' dir='ltr'><strong>Philippus</strong></span> <span class='ocrx_word' id='word_1_440' title='bbox 511 2763 739 2811; x_wconf 85' lang='lat' dir='ltr'><strong>significaret</strong></span> <span class='ocrx_word' id='word_1_441' title='bbox 766 2765 836 2802; x_wconf 86' lang='lat' dir='ltr'><strong>sibi</strong></span> <span class='ocrx_word' id='word_1_442' title='bbox 863 2767 985 2804; x_wconf 85' lang='lat' dir='ltr'><strong>videri</strong></span> <span class='ocrx_word' id='word_1_443' title='bbox 1015 2769 1197 2805; x_wconf 88' lang='lat' dir='ltr'><strong>subverso</strong></span> <span class='ocrx_word' id='word_1_444' title='bbox 1230 2769 1386 2817; x_wconf 88' lang='lat' dir='ltr'><strong>imperio</strong></span> <span class='ocrx_word' id='word_1_445' title='bbox 1414 2781 1507 2817; x_wconf 79' lang='lat' dir='ltr'><strong>opus</strong></span> <span class='ocrx_word' id='word_1_446' title='bbox 1536 2780 1628 2806; x_wconf 77' lang='lat' dir='ltr'><strong>esse.</strong></span> 
     </span>
    </p>
   </div>
  </div>
 </body>
</html>
