1774 3002
481 147 811 188 HlSTomAlu-JM
837 145 1150 183 FRAGMENTA.
1208 144 1297 179 LIB.
1325 143 1367 178 ΙΙ.
1547 135 1629 178 143

193 275 276 320 bus
301 274 433 320 rebus
459 273 720 334 aliquantam
752 272 920 330 partem
943 267 1114 328 gloriae
1142 265 1400 319 demiserat,
1428 276 1631 309 maxume

193 357 309 417 apud
335 359 510 402 veteres
542 359 588 401 et
619 355 798 400 sanctos
828 351 973 406 viros,
1006 350 1198 409 superba
1222 348 1315 403 illa,
1343 346 1520 408 gravia,
1559 345 1631 389 in-

194 440 329 501 digna
358 452 539 485 romano
569 435 752 496 imperio
785 433 1114 480 existumantes.

195 603 345 640 tarchns
364 604 402 640 in
422 602 587 640 Sertorio
609 612 642 637 e.
661 605 721 640 22.
742 600 872 637 dicens
890 599 992 635 illum
1013 592 1163 646 ἐσθῆτα
1179 589 1430 644 θριαμβικὴν
1447 591 1629 639 gessisse.

195 659 365 707 Ceterum
387 664 469 706 {oya
481 660 584 706 picta
603 669 671 705 per
691 668 732 694 se
763 667 838 692 non
867 656 979 702 plane
1000 653 1133 689 eadem
1154 656 1211 688 est
1231 661 1325 697 quae
1342 650 1530 696 palmata,
1561 647 1632 684 sed

197 717 247 752 ita
272 715 467 760 differunt,
497 719 536 751 ut
555 715 678 762 picta,
705 714 842 760 quippe
872 711 954 747 aliis
977 720 1123 757 quoque
1145 707 1274 754 figuris
1303 706 1451 742 intextis
1473 706 1532 740 vel
1562 715 1632 739 acu

198 773 305 808 raetis
333 776 484 816 ornata,
512 772 622 807 latins
642 774 770 817 pateat
788 762 1064 815 palmatamilue
1082 762 1393 811 comprehendat,
1424 761 1519 797 haee
1541 768 1631 795 vero

199 829 347 876 speeies
368 829 415 864 sit
433 828 566 875 pictae.
614 826 736 871 Quare
760 835 872 871 quum
891 834 965 859 non
986 822 1137 869 quidem
1156 820 1277 856 omnis
1295 820 1397 866 picta
1416 821 1506 864 toga
1523 815 1631 853 simul

199 889 302 921 esset
319 885 499 932 palmia,
520 882 732 930 sedromnis
750 882 911 928 palmata
932 879 1043 915 etiam
1060 879 1180 925 pieta,
1208 876 1246 911 in
1265 878 1438 923 promptu
1460 877 1518 909 est
1537 883 1631 919 qum

199 951 285 978 uam
303 940 415 977 modo
434 940 528 976 haec
550 939 733 976 vocabula
753 938 847 973 inter
866 947 908 972 se
930 937 1138 983 permutata
1158 931 1309 975 fuerint,
1338 940 1563 977 quamquam
1584 928 1631 964 de

199 1008 246 1033 ea
257 994 298 1032 re
311 997 407 1032 inter
422 997 525 1034 viros
538 994 862 1039 doctos-nonnulla
879 993 945 1028 l'uit
960 990 1161 1033 dissensio,
1185 993 1224 1024 ut
1236 991 1338 1035 patet
1351 997 1401 1022 ex
1416 986 1631 1032 Nieupoort.

199 1051 248 1089 de
268 1052 425 1089 Ritubus
444 1052 553 1088 Rom.
581 1063 618 1098 p.
639 1053 721 1088 405.
742 1049 804 1085 ed.
819 1047 886 1091 IX.
924 1047 1024 1084 Festi
1046 1055 1231 1089 errorem,
1262 1053 1373 1091 quem
1400 1042 1632 1089 amplectitur

200 1108 419 1156 Geriaehius
440 1107 489 1144 ad
509 1107 547 1143 h.
569 1109 615 1152 l.‚
636 1108 775 1154 pictam
801 1110 925 1152 togam
950 1114 1025 1140 non
1055 1103 1244 1139 diversam
1270 1111 1358 1136 esse
1381 1111 1403 1136 a
1423 1107 1633 1146 pamm-ea,

198 1162 273 1202 iam
301 1165 393 1201 satis
420 1164 595 1200 refutavit
622 1163 815 1199 Dacierius
833 1172 874 1208 p.
902 1163 984 1199 563.
1007 1160 1068 1196 ed.
1099 1158 1344 1194 Lindemann.
1386 1155 1549 1192 Amic-edo
1569 1153 1633 1190 da-

199 1222 276 1258 tivo
296 1222 458 1268 positum
479 1219 540 1256 hic
564 1220 749 1267 significat
768 1219 846 1255 loco
869 1218 1016 1253 amiculi
1032 1217 1094 1252 vel
1111 1226 1187 1263 pro
1208 1214 1385 1254 amiculm
1412 1213 1550 1259 quippe
1573 1223 1633 1247 su-

198 1277 328 1326 perbia
343 1277 480 1313 Metelli
502 1287 548 1311 eo
569 1277 629 1312 vel
649 1276 808 1311 maxime
827 1275 1060 1317 cernebatur,
1084 1271 1186 1319 quod
1206 1269 1513 1317 splendidissima
1530 1272 1634 1305 veste

199 1334 310 1369 etiam
335 1334 385 1370 ibi
414 1334 601 1377 utebatur,
629 1332 691 1368 ubi
723 1332 784 1367 alii
807 1331 1004 1366 amiculum
1030 1330 1052 1366 i.
1080 1340 1115 1364 e.
1141 1327 1397 1374 quotidianum
1424 1325 1631 1361 vestimenti

200 1400 320 1438 genus
342 1390 534 1438 gerebant.
552 1407 609 1414 —-·
644 1389 770 1423 Verba
787 1396 904 1433 neque
915 1396 989 1433 per
1007 1394 1147 1422 omnem
1158 1385 1330 1430 —plura
1346 1391 1484 1429 ρεπεν-α
1505 1381 1634 1417 durius

202 1440 366 1492 pendent
386 1456 434 1481 ex
453 1445 636 1480 vocabulo
656 1444 975 1491 quaesita-sumam
1005 1440 1107 1488 quod
1126 1451 1239 1487 quum
1262 1439 1311 1475 ad
1329 1438 1461 1485 epulae
1479 1438 1633 1473 relatum

202 1505 331 1549 aperte
340 1501 566 1538 adiectivum
580 1501 639 1544 sit,
650 1504 773 1536 tamen
783 1499 1015 1545 sequentium
1026 1499 1225 1533 verborum
1237 1495 1463 1532 constructio
1477 1494 1526 1529 ita
1535 1487 1634 1529 eom-

202 1562 334 1605 parata
360 1561 436 1600 est,
456 1561 497 1592 ut
515 1557 663 1592 nonnisi
686 1567 734 1591 ex
752 1556 869 1591 verbo
890 1563 1073 1602 quaerere
1090 1553 1259 1600 pendere
1277 1553 1436 1599 possint,
1458 1549 1560 1597 quod
1581 1555 1634 1585 ta-

202 1614 273 1649 eite
292 1622 344 1650 ex
357 1613 543 1650 adiectivo
560 1613 765 1648 eruendum
789 1616 856 1647 est.
889 1612 960 1647 Per
976 1610 1133 1657 synesin
1155 1609 1267 1656 igitur
1282 1608 1463 1655 cogitabis
1479 1615 1634 1654 quaere-

201 1670 348 1706 bantur.
367 1690 425 1696 —
460 1668 697 1705 Mauretania
721 1679 787 1704 cur
808 1667 1073 1714 scripserimus
1102 1676 1170 1713 pro
1199 1664 1447 1708 Mauritania,
1474 1662 1574 1710 quod
1594 1663 1633 1697 in

202 1725 316 1762 codd.
336 1730 373 1761 et
391 1724 480 1762 edd.
504 1730 581 1769 est,
609 1725 748 1772 patebit
766 1735 814 1759 ex
831 1724 1070 1759 annotatione
1088 1722 1138 1758 ad
1159 1722 1238 1768 Ing.
1260 1733 1295 1757 c.
1314 1720 1399 1757 XVI
1412 1749 1421 1765 ,
1442 1724 1477 1758 5.

299 1810 302 1813 .
315 1785 350 1824 s.
371 1787 407 1821 5.
445 1782 664 1825 demerui)
700 1781 783 1816 Noli
811 1785 943 1827 putare
971 1780 1044 1815 hoc
1073 1779 1213 1814 dictum
1242 1785 1327 1814 esse
1356 1788 1424 1824 pro
1450 1777 1634 1811 amiserat.

203 1838 426 1874 Insolentius
454 1837 622 1884 quidem,
643 1836 713 1873 sed
731 1840 854 1872 tamen
872 1841 1054 1883 perquam
1074 1834 1165 1871 scite
1190 1838 1319 1870 auctor
1338 1833 1410 1868 hoe
1430 1834 1546 1868 verbo
1566 1831 1636 1867 uti-

203 1898 272 1938 tur,
294 1898 333 1930 ut
352 1894 515 1930 declaret
530 1893 716 1929 Metellum
731 1894 852 1939 ipsum
869 1890 938 1928 sua
950 1892 1060 1938 culpa
1079 1891 1236 1937 gloriam
1253 1889 1486 1925 imminuisse
1503 1892 1540 1923 et
1551 1889 1635 1922 eam

205 1950 310 1995 quasi
328 1961 376 1985 ex
393 1959 538 1985 summa
556 1949 692 1984 recisse
715 1948 942 1983 interiorem.
960 1967 1018 1972 —
1064 1946 1146 1981 Viri
1161 1949 1298 1981 veteres
1315 1948 1400 1980 sunt
1422 1944 1466 1980 ob
1483 1947 1636 1979 aetatem

203 2006 404 2040 sever-‘ores
423 2009 460 2039 et
481 2015 504 2039 a
527 2005 676 2039 levitate
693 2003 1004 2046 adolescentium,
1034 2002 1168 2047 quibus
1195 2001 1387 2039 luxuriosa
1415 2000 1551 2036 Metelli
1574 2011 1636 2035 su-

205 2060 336 2107 perbia
349 2061 530 2106 placebat,
553 2060 678 2095 alieni.
693 2079 751 2098 Ἶ-
783 2059 837 2094 De
853 2060 890 2094 vi
908 2058 1013 2095 vocis
1028 2061 1179 2093 sanctus
1190 2068 1228 2092 v.
1244 2057 1297 2092 ad
1308 2057 1387 2104 lug.
1403 2068 1437 2092 c.
1455 2055 1634 2102 LXXXV,

204 2119 263 2153 40.
286 2127 322 2162 p.
342 2119 423 2154 462.
438 2136 495 2141 —
531 2115 667 2151 Gram’a
686 2115 748 2151 hic
774 2125 858 2150 cum
884 2114 1157 2160 vituperatione
1178 2112 1316 2148 dictum
1335 2113 1436 2149 valet
1452 2111 1636 2159 pestifera

207 2173 290 2208 sive
320 2173 456 2211 noa-im·
484 2172 531 2207 cs.
565 2171 646 2218 lug.
675 2170 883 2214 XXXVIII,
910 2174 964 2208 10.
1013 2169 1116 2214 Quae
1144 2179 1363 2216 quamquam
1389 2170 1561 2216 gravia
1591 2171 1637 2203 ei

204 2227 371 2275 slayiti
387 2229 532 2274 plena
557 2231 675 2273 erant,
696 2230 916 2273 tamenpax
934 2227 1107 2262 convenit.
1121 2243 1180 2250 —-
1212 2224 1382 2261 Ceterum
1402 2229 1518 2261 totum
1536 2224 1636 2260 hunc

209 2284 257 2319 de
287 2284 383 2319 fastu
411 2283 548 2319 Metelli
573 2285 694 2319 locum
714 2282 931 2319 Plutarchus
960 2283 997 2318 in
1025 2281 1189 2319 Sertorio
1211 2293 1244 2318 c.
1264 2285 1324 2320 22.
1345 2281 1413 2326 (T.
1435 2282 1476 2318 IL
1495 2293 1534 2328 p.
1552 2284 1633 2320 611.

209 2340 272 2375 ed.
299 2338 501 2383 Sintenis.)
534 2339 585 2375 ita
610 2339 812 2386 expressit,
840 2343 880 2375 ut
899 2339 1086 2375 luculento
1104 2339 1152 2374 sit
1173 2337 1396 2373 documento
1420 2337 1634 2374 Sallustium

208 2396 247 2431 in
266 2395 452 2432 Plutarchi
468 2396 627 2431 sontibus
642 2406 716 2430 non
729 2400 956 2441 postremum
971 2396 1091 2430 locum
1108 2394 1328 2430 obtinuisse.
1358 2394 1484 2429 Verba
1500 2397 1634 2437 autem,

210 2453 344 2498 quibus
365 2452 426 2487 ille
446 2461 493 2486 ex
510 2450 753 2487 Historiarum
774 2450 868 2486 libro
888 2450 1055 2487 seeundo
1083 2461 1208 2485 mores
1231 2449 1368 2485 Metelli
1387 2449 1634 2492 adumbravit,

211 2508 306 2544 haec
328 2511 432 2543 sunt:
458 2499 640 2554 Νικήσας
654 2501 749 2542 ποτὲ
764 2500 869 2559 μάχῃ
883 2503 1080 2550 Μέτελλος
1098 2497 1169 2542 τὸν
1188 2497 1409 2556 Σερτώριον
1429 2498 1553 2549 οὕτως
1569 2500 1636 2540 ἐπ-

209 2556 319 2613 ήρθη
334 2559 401 2599 καὶ
414 2554 488 2612 τὴν
503 2554 683 2610 εὐτυχίαν
694 2553 906 2611 ἦγᾶπησεν,
929 2554 1022 2598 ὥστε
1036 2553 1288 2610 αὐτοκράτωρ
1305 2553 1636 2612 ἀναγορευθῆναι,

212 2617 373 2664 θυσίαις
391 2609 424 2655 δ’
445 2609 565 2654 αὐτὸν
585 2614 631 2653 αἱ
642 2609 774 2662 πόλεις
797 2613 1056 2665 ἐπιφοιτῶντα
1082 2613 1149 2653 καὶ
1167 2615 1312 2665 βωμοῖς
1328 2612 1516 2665 ἐδέχοντο.
1557 2612 1637 2652 Λέ-

211 2686 317 2723 γεται
339 2670 381 2711 δὲ
407 2670 474 2710 καὶ
496 2665 701 2721 στεφάνων
718 2663 917 2718 ἀναδέσεις
933 2671 1162 2723 προςίεσθαι
1189 2668 1258 2708 καὶ
1274 2669 1444 2708 δείπνων
1460 2670 1636 2720 σοβαρω-

212 2725 334 2779 τέρων
350 2720 565 2778 ὑποδοχὰς,
594 2723 637 2765 ἔν
653 2720 712 2773 οἷς
732 2723 880 2776 ἐσθῆτα
895 2721 1142 2778 θριαμβικὴν
1158 2723 1256 2776 ἔχων
1268 2724 1395 2775 ἔπινε,
1426 2723 1495 2763 καὶ
1514 2726 1638 2763 Νῖκαι
