1774 3002
486 147 815 186 HISTORIARUM
842 146 1154 185 FRAGMENTA.
1214 147 1303 183 ΗΒ.
1333 147 1394 183 Ill.
1563 146 1649 190 m

271 310 273 313 .
337 274 404 318 12.
452 271 674 318 >Curribus
697 271 869 318 falcatis
893 271 1027 333 [usos
1054 287 1150 318 esse
1181 274 1383 333 antiquos
1422 271 1571 319 Livius
1602 283 1650 320 et

201 354 435 401 Sallustius
462 354 658 416 docan]

339 441 406 484 13.
465 437 620 484 Serum
656 438 772 484 enim
809 436 969 483 bellum
995 438 1039 483 in
1066 437 1286 499 angustiis
1321 437 1527 482 futurum.

202 599 293 634 bore
310 598 537 646 capiendum
557 601 627 638 est.
666 597 890 633 Debrossius
910 596 959 632 ad
981 595 1187 633 Sertorium
1210 598 1326 634 verba
1355 596 1508 634 trahens
1528 608 1646 646 nuga-

202 658 280 700 tur,
299 658 346 704 ⁴ut
363 655 582 702 plerumque
603 654 710 690 solet.

314 711 377 748 Fr.
409 716 467 750 11.
507 709 622 759 [cort.
644 721 681 757 p.
701 713 784 749 963.
811 710 910 746 Gerl.
942 709 1003 747 ed.
1031 711 1117 746 mai.
1148 710 1207 755 111,
1232 713 1270 750 7.
1295 710 1357 746 ed.
1385 712 1474 747 min.
1503 711 1564 756 ΙΙΙ,
1585 714 1645 750 83.

202 778 240 814 p.
260 769 343 812 223,
359 770 418 806 23.
442 768 553 804 Debr.
572 767 602 811 l,
622 767 700 812 32]
739 767 839 802 Haec
856 777 1004 813 quoque
1025 768 1160 810 verba,
1192 779 1215 803 a
1234 767 1427 803 prisciano
1448 767 1513 813 VI,
1531 770 1566 813 9,
1580 770 1642 807 4‘1.

202 834 241 870 p.
259 826 344 861 260.
365 824 429 860 Kr.
449 823 621 867 laudata,
652 823 702 859 ad
721 822 881 859 eandem
902 834 980 858 rem
1002 827 1183 870 spectant,
1216 828 1254 859 ut
1272 824 1333 859 Fr.
1358 828 1416 862 10.
1438 824 1642 871 Abruptior

204 880 387 916 sententia
412 880 643 944 aliquantum
671 879 765 915 lueis
794 880 930 926 accipit
956 891 1003 915 ex
1033 879 1216 916 Plutarch.
1246 879 1389 916 Lucull.
1422 891 1458 916 e.
1476 881 1512 923 ⁷,
1541 880 1642 916 med.

198 925 413 983 Ἀφελῶν
436 927 458 973 ὃ
491 928 819 999 Μιθριδάτης
846 927 1015 972 οπλων
1047 928 1360 999 διαχρυσων
1361 931 1449 972 καὶ
1477 933 1643 973 διαλί-

201 992 308 1028 θων
324 983 655 1039 κατασκευὰς,
681 984 735 1036 ὧς
751 986 913 1051 λάφυρα
931 990 1011 1028 τῶν
1014 986 1291 1054 κρατούντων,
1312 982 1388 1029 min
1406 982 1536 1054 ἇλιιήν
1553 1004 1645 1030 τινα

202 1046 282 1084 viv
299 1041 593 1110 ’tarquinum'
569 1060 677 1095 οντα,
699 1045 795 1096 ξίφη
817 1040 998 1084 ἔλαύνετο
1014 1039 1211 1096 Ῥωμαϊκὰ
1230 1044 1299 1085 καὶ
1318 1038 1491 1111 θνρεοῦς
1508 1043 1642 1100 ἔμβρω-

201 1103 290 1148 θεῖς
306 1097 521 1170 ἐπήγνυτο,
551 1099 636 1142 καὶ
660 1099 1107 1154 γεγυμνασμένους
1129 1104 1321 1153 μᾶλλον
1340 1095 1369 1154 ἢ
1392 1112 1643 1154 κεκοσμη-

201 1155 381 1208 μένους
413 1154 663 1225 ἤθροιζεν
690 1158 882 1205 ἵππους.
933 1161 1129 1198 Plutarcho
1159 1162 1270 1209 igitur
1296 1161 1392 1198 duee
1424 1160 1642 1198 Sallustium

200 1215 273 1252 hoe
299 1216 442 1254 dixisse
470 1217 670 1254 coniicias:
700 1217 953 1263 Mithridates,
992 1219 1052 1254 eui
1071 1218 1213 1254 inutilis
1234 1217 1431 1254 videbatur
1454 1218 1642 1254 exereitus

202 1274 320 1309 arn&
343 1278 379 1309 et
405 1275 507 1321 equis
533 1273 724 1310 decor-itm
749 1274 886 1319 cultus,
926 1274 1074 1320 gladios
1104 1286 1280 1311 romanos
1302 1278 1481 1321 scutaque
1509 1275 1644 1321 gravia

204 1329 463 1376 fabricabatur,
485 1341 676 1376 equosque
701 1331 821 1377 magis
840 1331 1064 1366 exercitatos
1086 1342 1196 1377 quam
1217 1334 1369 1366 ornatos
1389 1331 1645 1377 comparabat.

315 1385 375 1421 Fr.
398 1390 453 1424 12.
491 1385 605 1431 [Cort.
630 1397 665 1432 p.
688 1390 790 1424 1011-
812 1386 910 1422 Gerl.
930 1386 991 1423 ed.
1015 1387 1089 1422 mai
1110 1386 1185 1422 Ine.
1203 1389 1285 1425 209.
1307 1386 1371 1422 ed.
1391 1386 1480 1421 min.
1501 1386 1565 1430 lv,
1585 1389 1644 1425 56.

203 1443 344 1487 p.-229,
365 1446 421 1480 lo.
441 1442 552 1478 Debr.
573 1442 620 1482 V,
641 1439 718 1489 28.]
755 1442 811 1478 Ex
832 1441 988 1487 Servio,
1009 1443 1070 1490 qui
1090 1442 1186 1479 haee
1208 1442 1257 1479 ad
1274 1443 1383 1490 V‘irg.
1398 1443 1496 1478 Aen.
1519 1442 1547 1487 Ι,
1562 1444 1644 1481 m.

204 1497 286 1532 sine
307 1497 394 1534 ‘libri
435 1498 573 1534 indicio
603 1497 731 1542 affert,
761 1498 840 1534 hoc
866 1498 1119 1535 tantummodo
1151 1499 1387 1547 intelligitur,
1425 1497 1642 1535 Sallustium

205 1553 339 1589 alieubi
373 1553 422 1590 de
443 1554 613 1591 curribus
629 1554 779 1601 sulcatis
798 1554 962 1599 dixisse,
993 1555 1033 1590 id
1061 1555 1163 1602 quod
1192 1560 1349 1592 testatur
1376 1555 1488 1590 etiam
1516 1553 1644 1591 Schol-

205 1609 255 1645 ad
274 1608 365 1646 Stat.
389 1610 504 1647 Theb.
525 1610 680 1654 X‚.544.
711 1610 823 1655 „Hoc
849 1623 970 1658 genus
999 1623 1186 1648 armorum
1212 1613 1323 1648 etiam
1348 1611 1548 1648 Sallustius
1581 1610 1646 1646 de-

205 1666 370 1702 scribit.“
416 1666 506 1703 Eius
539 1667 594 1702 rei
630 1668 933 1703 commemoratio
966 1672 1007 1703 ut
1039 1673 1168 1716 aperte
1201 1669 1239 1704 in
1268 1669 1367 1705 bello
1393 1667 1644 1703 Mithridatico

204 1722 303 1766 sacta
326 1727 404 1768 est,
448 1724 499 1758 ita
527 1733 603 1759 non
629 1724 743 1770 liquet
773 1724 928 1760 tertione
959 1724 1052 1760 libro
1083 1736 1130 1761 an
1158 1729 1291 1771 quarto
1319 1725 1418 1761 faeta
1447 1725 1515 1768 sit,
1558 1734 1643 1759 nam

205 1781 401 1825 utrumque
419 1779 538 1825 potuit
553 1779 646 1815 fieri.
688 1779 767 1816 Sed
787 1784 826 1816 ut
844 1780 907 1817 hie
927 1782 1044 1817 verba
1069 1781 1354 1825 exhiberemus,
1383 1780 1540 1815 fecimus
1561 1784 1645 1826 per-

207 1834 295 1870 moti
320 1835 405 1870 loeo
433 1835 618 1871 Plutarchi
642 1835 691 1871 ad
718 1836 781 1872 Fr.
801 1841 859 1875 11.
891 1838 1012 1881 allati,
1049 1838 1110 1873 ubi
1139 1837 1188 1873 de
1217 1841 1399 1884 apparatu
1419 1835 1644 1871 Mithridatis

205 1887 338 1926 bellico
374 1890 470 1926 haec
499 1892 690 1937 leguntur:
733 1884 921 1955 ἤθροιζεν
951 1891 1079 1937 πεζῶν
1111 1885 1328 1953 μυριαδας
1346 1886 1500 1928 δώδεκα
1531 1902 1644 1928 κατε-

206 1941 494 2007 emperiam„
499 1943 554 1990 εἰς
575 1940 761 1996 φάλαγγα
772 1939 1020 2010 Ῥωμαϊκὴν,
1043 1945 1173 1993 ἱππεῖς
1191 1944 1235 1985 δὲ
1254 1939 1355 1998 πρὸς
1379 1945 1536 1997 μυρίοις
1559 1944 1644 1994 ἐξα-

207 1998 438 2069 mquam,
467 1993 588 2038 ἄνευ
605 2001 702 2038 τῶν
728 1996 1129 2054 δρεπανηφόρων
1148 2001 1463 2056 τεθρίππων·
1491 2003 1647 2040 ταῦτα

208 2047 249 2092 δ’
270 2069 333 2105 ην
353 2049 544 2093 ἑκατόν.

319 2113 379 2149 Fr.
404 2115 463 2151 13.
509 2112 624 2158 [Cort.
651 2125 690 2161 p.
712 2117 796 2154 998.
824 2115 924 2163 Gerl.
950 2115 1012 2151 ed.
1039 2117 1126 2152 mai.
1155 2117 1230 2153 Ine.
1249 2118 1286 2154 3.
1314 2115 1375 2152 ed.
1394 2115 1589 2156 min.1nc.
1609 2117 1647 2155 7.

208 2180 246 2215 p.
268 2170 350 2213 237,
370 2173 408 2206 5.
426 2168 537 2206 Debr.
557 2170 623 2214 lv,
641 2172 723 2215 56.]
770 2172 844 2215 Ita,
872 2172 954 2207 sine
975 2173 1058 2209 libri
1081 2177 1187 2218 nota,
1216 2172 1325 2210 Serv.
1346 2171 1396 2209 ad
1415 2171 1524 2219 Virg.
1547 2172 1644 2208 Aen.

209 2225 258 2267 V,
276 2228 360 2263 524.
388 2229 425 2261 et
441 2224 520 2270 XII,
540 2228 624 2265 864.
637 2255 647 2271 ,
668 2227 746 2263 sed
766 2227 802 2263 h.
824 2228 849 2263 l.
871 2229 1013 2265 omissa
1040 2230 1134 2265 enim
1164 2229 1359 2277 particula.
1398 2227 1541 2264 Eadem
1560 2228 1647 2264 Phi-

210 2282 398 2328 largyrius
425 2291 473 2317 ex
501 2282 593 2318 libro
619 2282 707 2327 XII,
742 2284 805 2331 qui
832 2295 1010 2321 numerus
1039 2290 1167 2333 aperte
1201 2297 1250 2322 ex
1275 2285 1323 2321 111
1347 2289 1547 2332 corruptus
1575 2290 1645 2331 est,

210 2338 333 2373 minus
361 2337 541 2373 accurate.
554 2338 607 2374 sie
627 2338 738 2376 affert
756 2339 962 2388 and-Georg.
983 2341 1047 2386 IV,
1071 2344 1147 2380 144.
1173 2352 1297 2379 sertem
1317 2342 1445 2377 bellum
1466 2343 1504 2376 in
1525 2353 1637 2389 miqu-

210 2395 286 2429 sliis
306 2393 403 2440 fore.
451 2393 737 2437 Quoniamsum
762 2397 879 2432 oratio
907 2398 1058 2444 obliqua
1093 2403 1168 2435 tum
1188 2400 1282 2434 enim
1307 2398 1491 2445 particula
1520 2397 1645 2444 prodit

211 2449 304 2486 haee
326 2450 440 2485 verba
460 2449 498 2484 in
518 2453 834 2497 argumentatione
854 2454 979 2511 aliqua
1003 2455 1123 2491 luisse
1145 2455 1289 2502 posita,
1318 2454 1364 2489 ea
1384 2453 1543 2490 eoniieio
1568 2465 1645 2490 ser-

211 2516 359 2542 monem
388 2516 518 2541 eorum
544 2510 755 2543 contentum
783 2509 923 2553 fuisse,
960 2511 1022 2557 qui
1048 2511 1191 2547 Luculli
1220 2521 1384 2555 moram,
1426 2510 1528 2546 initio
1558 2511 1644 2546 belli

212 2563 382 2598 consulto
416 2561 564 2624 initam,
606 2563 873 2626 vituperarent.
914 2566 960 2604 es.
994 2567 1179 2603 Plutarch.
1219 2568 1257 2602 in
1292 2566 1434 2602 Lucull.
1470 2578 1504 2602 e.
1523 2569 1560 2610 8,
1592 2567 1642 2602 ἰη.

204 2604 356 2654 Ἦσαν
379 2629 465 2666 μεν
492 2629 582 2653 ουν
608 2615 661 2655 οἵ
680 2610 767 2656 τὸν
790 2613 1118 2659 Λούκουλλον
1147 2613 1461 2684 ἀμελήσαντα
1482 2615 1643 2658 Κόττα

213 2667 383 2738 πρόσω
408 2673 587 2722 χωρεῖν
611 2675 955 2739 παρορμῶντες
982 2669 1034 2722 ὧς
1060 2675 1205 2728 ἔρημον
1227 2671 1444 2743 αἱρήσοντα
1463 2669 1537 2725 τὴν
1555 2678 1642 2713 Μι-

213 2724 410 2779 θριδάτου
427 2726 640 2778 βασιλείαν,
661 2726 726 2766 καὶ
746 2725 914 2780 μάλιστα
928 2732 1008 2771 τῶν
1026 2742 1271 2784 στρατιωτων
1287 2745 1401 2778 ουτος
1415 2746 1469 2781 ην
1490 2727 1512 2769 ὁ
1531 2726 1645 2781 λονος

269 2809 435 2835 εΑιιιετι
463 2810 599 2835 rnAcx.
1313 2799 1367 2840 14
