1774 3002
106 140 256 171 XXXVI
509 131 730 189 EDITORIS
759 131 994 169 EPISTOLA
1025 132 1212 170 CRITICA

108 252 267 308 φέρειν
310 248 360 293 τὸ
409 253 661 306 συμβαῖνον
706 250 949 305 ἐγκρατῶς,
1008 250 1313 307 αἰχμαλώτους
1366 251 1619 314 γεγονότας.

110 325 223 374 Quae
260 321 471 373 quomodo
509 333 600 361 cum
644 321 902 362 Sallustianis
941 328 1172 373 congruant
1208 329 1279 364 aut
1317 335 1366 364 ea
1403 318 1622 375 explicent,

112 403 233 431 nemo
260 401 388 430 sanus
424 389 640 440 intelliget,
686 403 810 440 quum
842 402 1070 441 personae,
1109 393 1252 441 locus,
1293 392 1509 433 consilium
1542 393 1624 434 sint

112 458 416 506 diversissima;
440 470 534 497 nam
554 459 665 508 apud
679 458 914 498 Sallustium
938 460 1188 510 oppidani
1205 463 1347 502 liberos
1361 466 1624 512 parentesque

113 530 154 568 in
174 530 328 568 muris
343 530 486 575 locant,
508 526 867 577 apudAppianum
880 527 1213 569 Mithridates
1230 532 1405 580 captivos
1419 532 1461 570 in
1481 533 1622 571 navi-

110 597 198 636 hus
235 597 293 635 ad
319 596 471 645 urbem·
494 597 696 641 admovet,·
724 594 792 634 ille
822 606 1013 635 caussam
1045 596 1139 636 sacti
1168 598 1288 638 affert
1313 598 1440 646 hanc,
1479 603 1525 638 ut
1554 610 1622 639 res

111 663 241 713 magis
281 675 404 713 quam
447 663 573 702 verba
610 668 872 712 gererentur,
922 663 947 702 i.
992 675 1028 703 e.
1066 669 1111 704 ut
1137 667 1240 705 cives
1278 672 1394 706 ante
1429 669 1623 707 moenia

105 746 171 783 pu
177 738 339 783 quant
346 745 394 771 es
422 735 701 781 ,qram'ssz‘mum
727 737 784 774 ad
801 738 980 775 virtutem
1002 734 1293 774 incitamentum
1312 735 1512 783 haberent,
1542 734 1622 784 hic,

110 807 154 842 ut
179 805 283 842 cives
310 802 476 841 urbem
513 802 852 849 defendentes
881 804 940 842 ad
960 803 1247 842 miserationem
1275 807 1482 852 captorum
1510 815 1622 843 com-

109 875 357 911 moverentur
386 873 427 908 et
456 869 601 908 urbem
627 869 849 923 Mithridati
869 871 1091 910 traderent.
1149 869 1322 909 Possem
1354 872 1472 920 plura
1501 870 1623 912 huius

107 938 272 990 generis
308 938 480 986 afferre,
520 937 598 977 nisi
636 939 738 977 haec
779 938 857 977 iam
899 938 998 978 satis
1037 938 1287 978 documento
1326 944 1489 988 essent,
1527 939 1623 980 nihil

107 1019 237 1058 posse
266 1008 318 1046 de
349 1018 399 1046 eo
427 1005 683 1055 exspectari,
719 1006 789 1056 qui
819 1011 900 1046 tam
930 1006 1076 1046 insane
1102 1010 1315 1055 peccaret,
1345 1012 1386 1047 et
1414 1013 1550 1054 tamen
1581 1009 1622 1049 in

107 1075 283 1126 epistola
320 1075 373 1114 ad
410 1073 659 1113 Heerenium
698 1075 919 1115 Volumine
953 1076 1019 1114 III.
1066 1075 1162 1113 data
1199 1086 1348 1124 magno
1390 1077 1624 1127 promissor

105 1144 218 1184 hiatu
266 1144 559 1193 proclamaret:
621 1142 749 1193 „ipsa
788 1145 1032 1194 Fragmenta
1079 1142 1330 1192 examinavi,
1376 1150 1418 1185 et
1452 1149 1625 1197 reliquos

105 1225 240 1253 rerum
260 1215 486 1262 scriptores,
517 1216 599 1251 tam
623 1213 794 1251 Graecos
815 1224 934 1262 quam
958 1213 1119 1253 Latinos
1140 1214 1181 1252 in
1207 1214 1404 1252 auxilium
1433 1216 1624 1263 vocando,

106 1286 303 1331 quantum
338 1279 426 1320 fieri
459 1279 612 1330 potuit,
653 1279 868 1320 illustravi.
881 1284 904 1300 “
966 1280 1050 1319 Sed
1084 1284 1342 1330 quantopere
1376 1280 1528 1322 iudicio
1554 1293 1624 1322 va-

105 1349 214 1389 cillet
245 1354 286 1388 et
313 1348 352 1388 in
375 1349 501 1388 rebus
517 1347 783 1399 'planissimis
807 1347 884 1388 sibi
906 1352 1130 1398 repugnet,
1160 1359 1244 1388 uno
1267 1348 1403 1388 adhuc
1432 1352 1622 1401 exemplo

106 1417 474 1458 demonstrandum
508 1421 573 1457 est
603 1428 655 1456 ex
674 1417 849 1456 Praefat.
884 1417 949 1455 ed.
973 1417 1020 1455 Il.
1051 1416 1286 1465 desumpto,
1315 1417 1385 1457 ubi
1414 1428 1455 1467 p.
1477 1430 1620 1463 xxxiv,

105 1487 209 1526 haec
237 1488 449 1537 leguntur:
510 1486 672 1533 „Multa
704 1486 927 1525 admodum
958 1485 1115 1524 incerta
1133 1495 1230 1524 esse
1259 1483 1351 1534 ipse
1372 1487 1518 1527 fateor.
1576 1489 1621 1528 In

105 1554 194 1595 aliis
223 1552 304 1594 iam
334 1566 440 1594 nunc
478 1556 627 1593 mutave·
663 1556 906 1593 sententiam.
966 1552 1151 1603 Pompeii
1194 1552 1301 1592 enim
1343 1553 1530 1605 Epistola
1569 1556 1622 1595 ad

104 1628 293 1663 senatum
313 1621 456 1662 nescio
486 1633 537 1660 an
564 1621 717 1662 rectius
736 1622 789 1661 ad
820 1621 967 1660 librum
994 1621 1223 1661 secundum
1253 1622 1468 1662 reseratur.
1521 1623 1620 1663 Cha·

103 1690 227 1731 risius
259 1690 366 1730 enim
395 1703 436 1741 p.
468 1689 564 1729 262.
599 1690 664 1729 ed.
695 1690 860 1729 Putsch.
886 1689 1036 1728 verba:
1097 1694 1228 1728 utrum
1254 1692 1376 1729 vicem
1399 1702 1461 1730 me
1483 1694 1625 1731 aerari

100 1763 313 1809 praestare
346 1761 526 1807 creditis,
571 1770 622 1798 ex
662 1757 763 1797 libro
804 1757 990 1797 secundo
1031 1757 1183 1796 laudat.
1243 1757 1363 1805 Quod
1401 1758 1436 1798 si
1477 1771 1620 1799 verum

104 1838 201 1867 esse
241 1825 469 1875 invenitur,
512 1838 561 1866 ea
590 1826 914 1886 confirmantur,
959 1836 1065 1875 quae
1098 1824 1138 1863 in
1173 1825 1397 1866 Comment.
1424 1829 1520 1867 Vol.
1551 1829 1619 1867 IIl.

102 1907 144 1946 p.
192 1894 282 1943 153.
314 1896 367 1934 de
403 1895 524 1935 huius
556 1895 647 1935 libri
676 1894 829 1934 ambitu
872 1894 1145 1934 conieceram.
1207 1893 1292 1932 Sed
1312 1904 1364 1934 ex
1393 1894 1618 1935 innumeris

103 1961 208 2003 locis
242 1962 393 2002 nemini
432 1963 601 2004 dubium
633 1974 728 2003 esse
759 1966 921 2012 potest,
970 1961 1067 2011 quin
1097 1961 1350 2010 grammatici
1386 1974 1532 2012 parum
1562 1962 1620 2003 di-

101 2030 276 2080 ligentes
314 2031 354 2070 in
387 2031 526 2071 verbis
559 2031 809 2082 scriptorum
840 2029 1056 2070 laudandis
1096 2040 1142 2069 se
1173 2029 1414 2079 praebeant.
1477 2032 1620 2080 Quare,

103 2097 181 2138 nisi
207 2097 285 2138 alia
315 2100 520 2139 accedunt
550 2104 808 2150 argumenta,
853 2101 970 2138 unius
1002 2101 1258 2148 qrammatici
1289 2100 1504 2138 testimonio
1542 2110 1620 2139 non

104 2171 255 2206 tantum
286 2168 582 2206 tribuendum.“
641 2169 732 2206 Non
765 2166 939 2206 confusa
971 2167 1094 2214 haec,
1128 2167 1204 2206 sed
1235 2177 1409 2216 prorsus
1439 2166 1622 2206 absurda

105 2245 201 2275 esse
220 2234 382 2284 planius
406 2235 580 2285 patebit,
612 2234 648 2274 si
675 2234 728 2273 ad
758 2233 1048 2284 simpliciorem
1071 2236 1287 2275 formulam
1315 2245 1364 2273 ca
1383 2234 1617 2284 redegerim

104 2313 150 2342 re
177 2301 285 2341 enim
321 2302 401 2341 hoc
432 2301 549 2341 dicit:
599 2301 678 2340 iam
713 2312 822 2341 nunc
862 2302 1015 2341 mutavi
1049 2302 1318 2351 sententiam,
1365 2303 1442 2342 sed
1479 2307 1616 2344 tamen

103 2381 187 2409 non
218 2373 357 2417 muto;
388 2369 572 2420 Pompeii
604 2369 823 2420 epistolam
854 2369 1007 2409 rectius
1038 2371 1091 2409 ad
1122 2371 1352 2410 secundum
1378 2370 1525 2410 librum
1555 2381 1616 2410 re-

103 2437 318 2477 ferendum
349 2437 600 2487 putaverim,
645 2438 720 2476 sed
750 2442 886 2477 tamen
917 2438 1177 2477 referendum
1209 2450 1291 2478 non
1320 2435 1444 2488 puto;¹
1483 2449 1615 2487 gram-

102 2504 239 2545 matici
272 2505 497 2546 auctoritas
541 2505 655 2555 facit,
693 2511 738 2545 ut
771 2506 828 2546 ita
864 2511 1063 2553 statuam,
1106 2507 1182 2546 sed
1218 2511 1351 2564 tamen
1390 2504 1478 2545 eius
1504 2505 1615 2546 testi-

102 2572 242 2614 monio
275 2572 372 2612 nihil
409 2573 687 2614 tribuendum.
747 2575 934 2614 Ferenda
963 2573 1059 2613 talia
1087 2576 1266 2615 fortasse
1297 2573 1378 2614 sint
1406 2578 1476 2614 aut
1504 2578 1617 2614 certe

104 2640 266 2682 silentio
296 2642 681 2692 praetermittenda,
712 2642 782 2681 ubi
814 2642 1030 2682 modestus
1063 2646 1146 2690 est,
1188 2642 1257 2692 qui
1280 2647 1363 2682 tam
1394 2641 1545 2682 misere
1571 2641 1615 2680 ti-

102 2710 239 2761 tubat,
287 2720 425 2759 neque
467 2721 514 2750 se
550 2722 643 2750 cum
682 2711 788 2749 fastu
831 2713 872 2748 et
913 2709 1147 2759 arrogantia
1184 2710 1315 2750 effert.
1376 2709 1460 2749 Sed
1499 2709 1613 2759 quod

102 2777 211 2826 haud
242 2789 335 2818 raro
368 2777 456 2817 fieri
483 2778 613 2826 solet,
654 2782 700 2817 ut
738 2788 820 2828 quo
854 2777 945 2827 quis
987 2782 1052 2817 est
1087 2778 1242 2819 maiore
1282 2777 1520 2828 stupiditate
1565 2781 1608 2818 et
