1774 3002
109 158 260 191 XXXIV
513 152 735 190 EDITORIS
765 153 1007 191 EPISTOLA
1033 153 1222 191 CRITICA

113 275 354 327 praeclusit,
403 275 638 326 interpretis
670 287 819 316 munus
850 287 900 316 eo
933 276 1151 324 contineri,
1196 282 1243 316 ut
1269 288 1353 317 non
1396 281 1480 316 tam
1518 275 1619 326 quid

112 357 256 386 verum
287 345 363 393 sit,
398 355 519 394 quam
541 344 640 394 quid
671 355 812 384 verum
841 355 937 384 esse
966 357 1050 385 non
1072 345 1228 395 possit,
1258 346 1447 395 exploret
1465 348 1507 384 et
1524 355 1622 384 con-

110 413 270 461 stituat,
303 412 442 452 omnia
471 423 520 451 ea
550 413 812 462 Fragmenta,
845 424 953 462 quae
984 413 1023 452 in
1054 414 1131 452 hac
1161 413 1343 453 editione
1367 417 1539 463 propter
1564 412 1622 452 in-

111 480 398 531 explicabilem
433 492 578 521 eorum
609 485 796 520 naturam
825 481 866 520 in
897 482 1168 531 appendicem
1198 481 1399 531 cuiusque
1430 479 1520 518 libri
1561 491 1622 520 re-

108 549 210 597 ieci,
255 548 403 588 ceteris
439 549 495 590 ita
513 549 752 597 immiscuit,
786 549 904 598 quasi
936 550 1094 602 omnia,
1127 562 1209 599 quo
1241 549 1507 600 pertinerent,
1532 559 1622 598 per-

109 617 340 668 spexisset,
382 622 423 656 et
449 619 515 656 vel
551 617 729 656 maxime
767 617 948 656 obscura
982 623 1024 656 et
1060 618 1275 658 recondita
1309 618 1389 669 ipsi
1428 616 1623 666 expedita

64 688 77 701 ⁸
108 690 152 724 et
181 685 220 724 in
253 685 482 725 clarissima
509 687 600 725 luce
628 685 767 735 posita
793 690 948 725 essent.
1004 687 1117 735 Quae
1143 698 1249 726 vana
1274 686 1418 726 levitas
1446 685 1511 725 cui
1538 697 1621 725 non

107 753 147 792 in
191 753 427 792 memoriam
472 759 643 793 revocet
682 753 979 803 lepidissimum
1029 756 1163 794 locum
1211 753 1621 802 Plautinum—(Trin.

108 822 147 869 l,
189 820 234 870 2,
284 820 362 860 162
392 823 538 871 sqq.)?
581 834 704 871 quem
734 822 785 860 ad
823 822 999 862 animum
1037 822 1349 862 exhilarandum
1376 822 1533 870 Tuum,
1569 820 1623 860 mi

106 891 459 938 Wuestemanne‚
485 889 551 928 hic
582 902 811 939 apponam:

221 992 322 1032 Nihil
353 996 418 1032 est
446 993 634 1042 profecto
670 992 833 1032 stultius
865 1004 1002 1042 neque
1032 992 1236 1041 stolidius,

219 1060 575 1110 Mendaeiloquius
608 1060 662 1099 nil
693 1072 830 1110 neque
861 1062 965 1100 adeo
998 1061 1197 1113 argutius,

216 1130 360 1178 Neque
391 1127 782 1177 confidentiloquius
814 1140 950 1178 neque
976 1129 1194 1180 periurius,

222 1198 350 1247 Quam
378 1195 524 1235 urbani
553 1195 716 1235 adsidui
745 1197 879 1245 cives,
912 1209 1018 1246 quos
1052 1209 1218 1236 scurras
1236 1198 1414 1237 vocant.

222 1267 363 1315 Atque
394 1268 560 1314 egomet
589 1276 654 1303 me
683 1265 788 1304 adeo
821 1276 911 1304 cum
942 1265 1019 1304 illis
1049 1278 1133 1305 una
1162 1266 1311 1305 ibidem
1342 1265 1481 1305 traho:

225 1333 300 1384 Qui
332 1333 494 1372 illorum
523 1332 661 1372 verbis
695 1333 807 1373 falsis
841 1338 1038 1384 acceptor
1067 1334 1136 1384 fui,

223 1402 301 1449 Qua·
328 1403 460 1440 omnia
489 1413 531 1440 se
558 1403 747 1440 simulant
771 1404 874 1441 seire
901 1414 1026 1451 neque
1056 1404 1266 1451 quicquam
1289 1402 1444 1440 sciunt..

223 1469 339 1516 Quod
364 1471 527 1518 quisque
550 1471 591 1508 in
619 1471 750 1508 animo
779 1470 896 1508 habet
917 1475 988 1508 aut
1017 1470 1240 1509 habiturust
1247 1501 1256 1518 ,
1286 1470 1438 1514 sciunt,-

223 1537 380 1585 Sciunt,
412 1537 511 1585 quid
535 1538 575 1575 in
608 1548 746 1575 aurem
777 1549 854 1576 rex
882 1539 1047 1587 reginae
1076 1539 1248 1584 dixerit,-

221 1605 379 1653 Sciunt,
410 1605 517 1653 quoa
542 1605 647 1643 Iuno
671 1604 897 1652 fabulatast
922 1617 1011 1644 cum
1039 1606 1144 1644 Iove.
1214 1595 1218 1601 ’

222 1673 333 1719 Quae
362 1684 487 1721 neque
511 1676 602 1710 sunl
628 1683 753 1720 neque
774 1672 920 1720 sutura
949 1681 1058 1721 sunt,
1088 1675 1148 1712 illi
1174 1674 1314 1711 sciunt.

220 1740 382 1780 Falson’
410 1752 463 1779 an
494 1734 585 1778 vei-0
615 1740 795 1788 laudent,
826 1742 1004 1790 culpent,
1037 1752 1150 1790 quem
1181 1741 1309 1787 velint,

219 1809 307 1848 Non
333 1810 456 1857 flocci
478 1808 658 1856 faciunt,
692 1809 785 1846 dum
815 1810 931 1857 illud,
962 1809 1070 1858 quod
1095 1809 1245 1856 lubeat,
1274 1799 1415 1846 sciant.

224 1911 310 1951 Sed
339 1922 422 1960 quo
461 1909 623 1960 planius
653 1909 774 1949 etiam
806 1921 1060 1960 cognoscas,
1098 1908 1448 1960 quemadmodum
1485 1906 1527 1946 in
1562 1911 1620 1947 te-

106 1980 256 2020 nuibus
287 1983 328 2018 et
350 1990 526 2029 prorsus
550 1978 741 2021 obscuris
763 1979 794 2017 F
795 1979 1016 2028 ragmentis
1047 1977 1273 2019 tractandis
1301 1975 1619 2019 scurramplau-

105 2049 235 2088 tinum
273 2047 436 2098 potius,
485 2058 607 2097 quam
650 2047 835 2086 sobrium
876 2052 917 2087 et
958 2049 1304 2098 circumspectum
1351 2044 1619 2094 interpretem

105 2120 223 2169 agat,
262 2117 460 2155 nonnulla
498 2116 690 2164 exempla
719 2115 912 2163 afferam,
957 2127 1010 2156 ex
1042 2116 1191 2167 quibus
1220 2114 1417 2155 universa
1446 2110 1536 2151 eius
1564 2111 1620 2151 le·

104 2184 211 2224 vitas
238 2184 467 2222 luculenter
487 2183 656 2232 patebit.
718 2184 836 2231 Quod
858 2183 898 2222 in
923 2184 1000 2223 hac
1020 2186 1086 2224 ed.
1106 2184 1255 2234 legitur
1271 2183 1302 2221 F
1304 2192 1434 2230 ragm.
1457 2180 1524 2228 Ill,
1549 2177 1618 2218 88.

106 2253 192 2301 „Et
223 2252 330 2291 sorte
360 2251 401 2289 in
431 2251 665 2301 navigando
703 2251 857 2290 cohors
893 2263 995 2301 una,
1032 2251 1179 2302 grandi
1208 2251 1382 2301 phaselo
1411 2252 1550 2296 vecta,
1594 2257 1621 2285 a

106 2319 254 2360 ceteris
283 2318 531 2367 deerravit‚·
552 2318 739 2368 marique
766 2319 930 2368 placido
960 2332 985 2359 a
1013 2321 1179 2360 duobus
1205 2318 1467 2370 praedonum
1502 2326 1618 2366 myo-

104 2387 334 2438 paronibus
365 2386 697 2434 circumventa‚“
733 2387 802 2426 vix
830 2387 940 2428 aliud
975 2398 1236 2438 cognoscere
1268 2386 1397 2434 sinit,v
1427 2395 1551 2435 quam
1577 2383 1617 2422 in

103 2455 363 2505 praedonum
384 2454 606 2495 insolentia
623 2456 830 2494 narranda
852 2456 954 2496 haec
976 2457 1103 2496 verba
1125 2458 1232 2495 lecta
1258 2456 1407 2501 suisse;
1437 2457 1615 2501 tempus,

39 2553 41 2555 .
105 2523 245 2571 locus,
275 2533 478 2573 persona,
511 2523 700 2571 occasio,
730 2528 917 2572 eventus,
948 2524 1211 2566 haecomnia
1230 2523 1485 2573 ignorantur.
1531 2519 1614 2560 Sed

103 2591 185 2631 hoc
223 2602 307 2631 non
349 2590 527 2639 obstitit,
566 2590 786 2641 quominus
817 2593 1056 2632 Gerlaehius
1095 2594 1188 2633 Vol.
1230 2592 1296 2631 111.
1333 2602 1375 2639 p.
1405 2588 1473 2628 91.
1518 2598 1614 2627 con-

103 2663 223 2698 sueta
250 2658 402 2698 fiducia
431 2659 650 2699 scriberet:
711 2660 800 2707 „de
831 2671 876 2699 re
903 2660 995 2710 ipsa
1033 2662 1083 2700 cf.
1123 2661 1227 2699 Plut.
1258 2657 1414 2697 Lucull.
1447 2655 1512 2695 13.
1543 2654 1614 2694 ubi

102 2726 358 2767 Mithridates
391 2719 559 2777 in'fuga
595 2739 620 2766 a
648 2727 790 2778 piratis
821 2733 1044 2778 exceptus,
1084 2730 1225 2768 salvus
1257 2725 1444 2767 evasisse
1475 2734 1612 2763 narra-

100 2799 210 2836 tur.“
266 2795 509 2836 Plutarchus
554 2800 692 2836 autem
729 2796 832 2836 haec
871 2796 1014 2836 habet:
1074 2789 1369 2848 Μιθριδάτην
1415 2788 1465 2832 δὲ
1502 2785 1615 2831 ἀνα-
