1774 3002
181 286 202 323 7

325 14 340 42 1

518 151 849 192 HISTORIARUM
875 149 1190 188 FRAGMENTA.
1248 151 1338 187 LIB.
1370 150 1398 186 1.
1624 144 1681 186 45

380 276 618 337 Agendum
634 277 767 339 atque
777 277 951 323 obviam
964 274 1155 320 eundum
1172 276 1255 330 est,
1276 272 1482 329 Quirites,
1503 288 1560 319 ne
1570 287 1684 334 spo-

241 359 299 405 lia
318 361 471 412 vostra
487 341 627 420 penes
647 359 750 406 illos
769 360 881 418 sint3
922 374 1010 405 non
1034 357 1365 418 prolatandum,
1399 371 1542 418 neque
1566 356 1683 402 votis
1740 374 1746 378 ’-

239 442 435 502 paranda
447 442 636 500 auxilia3
659 442 741 488 nisi
754 444 868 489 forte
883 442 1072 502 speratis
1085 441 1277 487 taedium
1287 442 1374 505 iam
1384 442 1461 489 aut
1469 439 1683 499 pudorem

238 510 482 585 tyrannidis
505 525 657 570 Sullae
677 539 792 581 esse,
815 529 858 571 et
877 540 977 571 eum
1004 541 1084 585 per
1101 524 1249 570 scelus
1272 525 1487 583 occupata
1504 521 1685 583 pericu-

241 609 382 655 losius
405 609 700 654 dimissurum.
757 610 818 654 At
837 609 910 654 ille
940 623 994 654 eo
1021 608 1261 668 processit,
1294 607 1355 652 uti
1380 605 1485 652 nihil
1496 602 1685 666 'glorio-

240 706 339 737 sum
368 691 452 738 nisi
469 694 647 748 tutum„
663 695 707 737 et
727 692 873 738 omnia
891 692 1143 738 retinendae
1166 689 1476 736 dominationis
1498 688 1687 734 honesta

239 823 313 859 fico
342 824 452 870 igitur
484 825 654 860 acumine
676 825 898 861 Gerlaehius
926 824 1144 861 Sallustium
1168 826 1325 867 mactat,
1352 821 1404 858 ad
1425 820 1683 858 illustrandam

238 880 358 927 spolia
378 891 510 917 vocem
528 881 615 917 Vol.
636 881 698 917 lll.
719 893 756 928 p.
778 885 835 920 56.
859 881 954 917 haec
975 886 1180 917 annotans:
1230 879 1429 923 „Plurima
1451 879 1577 914 insunt
1595 877 1685 913 huic

239 936 396 972 orationi
415 937 590 973 utiliter-ta
618 938 744 983 dicta,
767 939 875 984 quasi
895 937 1060 984 Lepidus
1081 937 1228 973 insitam
1248 935 1364 971 animi
1390 935 1581 982 ignaviam
1602 943 1687 971 ver-

239 994 370 1028 borum
390 992 564 1029 iactantia
582 993 820 1030 dissimulare
844 991 1044 1031 voluerit.“
1088 993 1209 1029 Penes
1225 993 1241 1027 i
1246 992 1355 1037 llos,
1386 991 1489 1038 quod
1508 991 1547 1027 in
1566 989 1687 1026 omni-

239 1049 309 1084 bus
341 1047 456 1086 codd.
485 1053 542 1085 est
554 1077 572 1097 .-.
596 1048 741 1086 Cortius
768 1054 972 1096 praeeunte
994 1049 1151 1085 Grutero
1183 1053 1219 1083 et
1248 1047 1426 1084 Carrione
1465 1046 1622 1084 mutavit
1647 1046 1685 1081 in

231 1113 351 1151 penes
367 1105 523 1151 illum,
552 1106 641 1152 quia
662 1106 710 1142 de
729 1105 836 1143 Sulla
851 1110 991 1142 tantum
1012 1116 1135 1142 sermo
1167 1105 1223 1142 sit.
1277 1104 1364 1141 -Sed
1383 1115 1498 1152 quum
1518 1102 1684 1150 Lepidus

239 1171 314 1196 non
337 1161 459 1208 magis
485 1162 523 1197 in
545 1160 689 1199 Sullam
713 1163 858 1210 ipsum,
886 1173 997 1210 quam
1027 1163 1064 1198 in
1085 1161 1263 1198 Sullanos
1294 1161 1517 1205 invehatur,
1545 1160 1684 1206 quippe

239 1227 396 1264 quorum
430 1228 567 1255 caussa
595 1220 679 1255 cum
702 1218 829 1255 Sullae
858 1219 1165 1255 coniunctissima
1191 1222 1316 1262 esset,
1352 1217 1443 1254 nihil
1471 1218 1584 1264 plane
1613 1220 1683 1260 est,

238 1283 306 1309 eur.
327 1274 484 1320 pluralis
505 1286 580 1310 non
601 1275 777 1311 serendus
799 1275 860 1312 sit.
904 1275 1124 1311 Tenendum
1146 1278 1270 1310 tamen
1291 1278 1362 1319 est,
1385 1285 1499 1321 quum
1525 1274 1562 1309 in
1581 1277 1686 1309 ante-

238 1329 457 1366 cedentibus
478 1331 527 1381 de
547 1331 653 1368 Sulla
672 1333 753 1368 solo
777 1331 916 1368 dietum
937 1332 997 1376 sit,
1018 1343 1094 1368 non
1118 1330 1253 1366 eodem
1273 1336 1402 1367 tenore
1422 1330 1517 1367 haec
1535 1329 1685 1366 adiecta

239 1397 340 1433 esse,
365 1385 435 1422 sed
454 1392 651 1434 oratorem,
673 1389 778 1425 brevi
797 1399 918 1435 pausa
939 1390 1153 1434 interiecta,
1175 1388 1301 1423 verbis
1323 1388 1504 1434 aqendtem
1525 1391 1598 1422 ete.
1619 1397 1684 1422 no-

242 1442 513 1489 vam·incipere
534 1445 713 1480 orationis
734 1450 892 1491 partem.
934 1445 1028 1480 Nam
1052 1454 1149 1491 quae
1168 1447 1479 1487 antecesserunt¹
1493 1447 1683 1489 tamquam

241 1497 387 1534 exordii
408 1499 491 1535 loco
515 1500 688 1537 habenda
709 1505 805 1546 sunt,
827 1512 901 1547 quo
917 1501 954 1536 id
977 1502 1067 1548 agit,
1089 1505 1127 1535 ut
1147 1499 1276 1537 Sullae
1298 1500 1443 1536 scelera
1461 1500 1627 1546 exagitet
1647 1503 1685 1533 et

242 1552 440 1590 audientes
459 1555 514 1591 ira
530 1557 567 1592 in
590 1568 675 1593 eum
695 1557 869 1604 impleat3
886 1562 961 1593 tum
980 1556 1221 1604 progreditur
1240 1556 1291 1592 ad
1310 1555 1362 1600 id,
1380 1555 1483 1603 quod
1493 1560 1683 1602 tamquam

243 1620 411 1646 summus
432 1611 519 1649 finis
540 1612 627 1649 huic
646 1613 805 1650 orationi
826 1613 1041 1661 propositus
1066 1618 1168 1657 erat,
1198 1617 1237 1648 ut
1257 1613 1307 1651 ad
1331 1612 1459 1649 Sullae
1479 1612 1683 1659 potentiam

240 1669 278 1701 et
294 1666 462 1703 instituta
479 1669 686 1706 evertenda
704 1670 883 1716 populum
902 1670 1093 1706 excitaret.
1132 1642 1248 1705 Recte
1268 1669 1381 1716 igitur
1398 1668 1560 1705 Orellius
1576 1668 1684 1711 haec,

240 1732 337 1768 quae
357 1723 396 1758 in
415 1725 550 1771 ceteris
571 1725 658 1762 edd.
670 1736 744 1762 uno
766 1731 893 1763 tenore
915 1727 1102 1774 leguntur,
1126 1726 1300 1770 seiunxit,
1321 1730 1361 1762 ut
1380 1726 1467 1776 ipso
1483 1722 1684 1762 verborum

241 1782 396 1825 aspectu
411 1779 623 1818 intellectus
640 1782 849 1820 adiuvetur.
857 1783 1052 1830 —Neque
1065 1783 1187 1819 vetis
1196 1782 1378 1829 paranda
1389 1772 1533 1819 auxatia
1549 1780 1684 1817 iisdem

240 1836 366 1871 verbis
376 1835 466 1872 dicit
476 1836 586 1874 Cato
577 1849 614 1874 tn
623 1838 726 1875 Catil.
736 1851 769 1874 c.
779 1840 851 1884 LII,
860 1843 920 1878 29.
930 1840 1048 1875 —De
1057 1849 1128 1875 mst
1124 1839 1438 1886 fertepartteults
1447 1839 1495 1874 cf.
1507 1841 1683 1874 annotata

241 1890 293 1926 ad
300 1890 379 1927 Cat.
387 1892 470 1937 XX,
479 1895 581 1932 17.et
592 1895 641 1931 ad
649 1895 845 1942 1ug.111‚.4.
854 1915 910 1922 —
922 1897 1049 1932 Verba
1062 1897 1221 1942 speratis
1234 1895 1391 1931 taedium
1406 1897 1478 1931 iam
1488 1899 1552 1930 aul
1559 1894 1682 1941 pade-

240 1957 321 1982 rem
334 1950 540 1994 tyrannidis
557 1949 681 1986 Sullae
695 1961 784 1997 esse,
797 1956 831 1987 et
845 1962 927 1988 eum
941 1956 1012 1987 ete.
1031 1953 1081 1987 ita
1096 1955 1244 1987 exstant
1259 1952 1297 1986 in
1307 1951 1395 1986 Vat.
1407 1953 1529 1989 1.2.3.
1553 1950 1593 1985 ln
1603 1949 1684 1987 vul-

242 2004 338 2048 gatis
358 2003 447 2039 edd.
463 2015 552 2041 vero
574 2006 708 2052 legitur
727 2010 896 2053 matis,
911 2017 1003 2054 per
1017 2008 1112 2043 laed.
1132 2009 1206 2042 iam
1220 2012 1285 2042 aut
1290 2007 1385 2053 pud.
1403 2011 1491 2054 tyr„
1509 2015 1589 2042 ease
1600 2015 1683 2042 eum

243 2062 330 2102 ete„
350 2069 461 2104 quam
477 2061 696 2107 scripturam
716 2063 762 2098 ab
788 2063 1052 2109 interpolatore
1067 2064 1272 2110 profectam
1288 2062 1508 2099 Gerlachius
1528 2066 1566 2099 et
1579 2061 1683 2099 Orel-

242 2113 315 2150 lius
330 2114 459 2150 merito
476 2116 730 2162 repudiarunt.
751 2117 921 2155 Ceterum
935 2119 1100 2165 Lepidus
1117 2119 1243 2156 verbis
1257 2119 1416 2156 taedium
1427 2124 1493 2155 aut
1498 2119 1683 2167 pudorem

240 2173 313 2216 tyr.
323 2169 448 2206 Sullae
461 2180 540 2208 esse
551 2173 682 2209 alludit
696 2173 744 2209 ad
761 2175 968 2211 abdicatam
977 2175 1209 2212 dictaturam.
1220 2196 1272 2204 —
1281 2176 1529 2213 Penculosius
1538 2178 1681 2222 spectat

242 2224 292 2261 ad
301 2226 469 2263 eiusdem
478 2229 584 2265 vocis
599 2229 814 2276 positivum,
825 2232 863 2267 in
873 2231 1123 2279 praecedente
1131 2234 1297 2269 membro
1311 2243 1557 2280 suppressum
1570 2242 1580 2276 ;
1598 2242 1682 2268 sen-

242 2282 357 2318 tentia
375 2283 473 2319 enim
490 2283 586 2321 haec
607 2291 684 2322 est:
706 2288 779 2323 nisi
795 2288 954 2335 speratis
979 2299 1083 2333 eum,
1124 2299 1220 2335 quae
1246 2300 1315 2336 per
1339 2290 1465 2325 scelus
1498 2299 1573 2325 nen
1601 2289 1682 2324 eine

243 2347 407 2386 magne
425 2342 595 2387 periculo
622 2346 892 2391 occupavit,
913 2355 960 2381 ea
979 2346 1340 2392 maier-epericulo
1356 2346 1680 2381 dimissurum.

354 2398 387 2438 S·
406 2398 443 2435 8.
462 2398 593 2443 fidum)
638 2398 867 2437 Sententiam
887 2402 1066 2449 languere
1094 2413 1256 2439 censens
1278 2401 1423 2438 Cottius
1450 2405 1563 2438 tum
1588 2402 1679 2437 satis

242 2462 422 2498 perverse
444 2452 533 2489 dicit
551 2455 673 2491 activo
697 2467 813 2493 sensu
835 2457 1048 2505 significare
1069 2457 1129 2502 id,
1160 2458 1259 2505 qued
1285 2462 1442 2495 taceatur
1455 2459 1537 2495 sive
1567 2462 1679 2494 italam

169 2563 174 2566 Ι
234 2512 403 2554 praestet
418 2509 713 2553 demutationem‚·
740 2524 862 2561 neque
881 2514 1113 2559 Gerlachius,
1134 2515 1237 2550 illum
1257 2516 1466 2551 somniasse
1487 2516 1678 2558 incusans,

242 2575 320 2600 rem
343 2576 390 2600 eo
410 2565 621 2614 expedivit,
649 2569 750 2614 quod
769 2572 986 2606 observavit
1014 2572 1206 2618 „gloriaen
1225 2573 1288 2618 qui
1307 2575 1500 2619 appetant,
1531 2572 1579 2607 iis
1600 2571 1679 2606 nul-

243 2621 317 2656 lam
335 2623 540 2665 securitatis
558 2624 738 2661 rationem
756 2625 967 2663 habendam
985 2630 1115 2665 esse.“
1154 2628 1270 2672 Quasi
1294 2628 1368 2664 hoc
1388 2629 1460 2664 tale
1480 2629 1542 2675 sit,
1562 2626 1677 2674 quod,

243 2687 356 2722 quum
377 2678 413 2713 in
433 2679 610 2726 optimum
627 2687 811 2729 quemque
831 2683 960 2727 cadat,
993 2683 1120 2726 Sullae
1141 2685 1230 2720 vitio
1250 2684 1332 2720 dari
1350 2682 1491 2731 possit!
1522 2683 1600 2722 Sed
1618 2692 1678 2718 se-

243 2735 407 2770 curitatis
435 2737 616 2772 vocabulo
644 2748 736 2773 usus
755 2739 804 2775 V.
824 2739 868 2775 D.
896 2740 1062 2786 prodidit
1081 2751 1123 2785 se
1144 2742 1290 2777 nescire
1316 2742 1406 2789 quid
1431 2746 1532 2777 esset
1552 2743 1677 2776 mmm.
