1774 3002
137 171 221 214 202
621 173 659 210 C.
689 173 919 212 SALLUSTI
949 174 1099 212 CRISPI

137 300 270 346 fidem
304 299 572 359 consumpsi.
626 298 791 344 Relicui
827 313 911 344 vos
940 300 1068 358 estis;
1105 300 1177 361 qui
1210 299 1292 345 nisi
1323 299 1580 362 subvenitis,
1595 313 1640 347 10

136 383 273 429 invito
304 385 347 428 et
376 382 653 443 praedicente
684 397 752 427 me
783 382 1003 428 exercitus
1035 383 1134 428 hinc
1171 386 1214 429 et
1245 399 1343 429 cum
1370 398 1424 429 eo
1455 397 1584 429 omne

138 467 299 513 bellum
326 465 565 526 Hispaniae
590 465 633 510 in
659 465 825 511 ltaliam
856 467 1249 528 transgredientur.

134 638 175 664 se
194 631 326 663 tuetur.
369 647 419 653 --
463 626 576 663 Fides
606 625 697 673 quid
719 626 786 672 sit,
819 627 1092 674 explicavimus
1123 627 1171 663 ad
1199 628 1279 676 lug.
1311 639 1346 664 c.
1368 626 1526 671 LXXIII,
1546 630 1582 666 6.

251 743 283 783 S.
305 743 362 778 10.
384 740 458 775 nisi
471 739 681 782 subvenitis)
713 739 897 783 Quoniam
919 740 956 776 In
979 739 1138 786 apodosi
1163 740 1320 777 habetur
1342 741 1516 783 futurum,
1537 749 1585 774 ex

138 796 412 833 consuetudine
438 795 552 832 latina
575 795 776 832 dicendum
793 800 873 832 erat
890 796 1147 833 subveneritis:
1168 797 1238 833 sed
1260 796 1479 833 sententiam
1498 806 1587 831 con-

139 854 363 889 dicionalem
395 853 587 899 praesenti
627 853 801 888 enuncIat
821 853 1042 899 Pompeius,
1084 863 1157 899 quo
1187 854 1373 902 significet
1408 852 1585 888 auxilium

138 914 290 947 senatus
312 921 383 945 non
407 909 443 944 in
463 909 642 945 incertum
661 913 806 956 tempus
824 911 984 945 futurum
1001 909 1244 946 reiiciendum
1265 922 1364 956 esse,
1385 909 1454 946 sed
1467 918 1586 956 prae-

136 969 230 1003 senti
248 971 407 1014 tempore
423 970 456 1002 et
474 967 653 1012 extemplo
668 966 959 1010 subveniendum,
976 966 1006 1001 si
1023 966 1222 1012 prohibere
1243 967 1370 1013 velint,
1387 977 1433 1002 ne
1450 966 1586 1001 bellurn

138 1025 175 1059 in
200 1024 340 1060 Italiam
364 1023 632 1065 transferatur;
656 1023 702 1057 ef.
727 1022 801 1058 Cic.
825 1024 862 1058 in
884 1023 991 1058 Verr.
1015 1023 1042 1067 I,
1065 1026 1099 1067 2,
1119 1025 1155 1061 6.
1187 1023 1290 1060 Reus
1317 1025 1352 1060 si
1381 1022 1587 1059 condem-

135 1086 297 1124 natur,
337 1080 560 1115 desinent
599 1078 762 1115 homines
794 1079 917 1115 dicere
936 1078 992 1114 his
1014 1079 1156 1115 iudiciis
1169 1082 1370 1126 pecuniam
1385 1080 1587 1127 plurimum

131 1147 266 1185 posse;
286 1138 343 1172 sin
364 1135 646 1179 absolvitur,
678 1136 948 1172 desinemus
976 1145 1044 1171 nos
1077 1136 1122 1171 de
1147 1137 1289 1173 iudiciis
1315 1135 1588 1183 transferendis

139 1203 337 1238 recusare,
367 1193 429 1229 ubi
457 1192 596 1239 pariter
614 1203 797 1238 praesens
814 1193 928 1228 multo
951 1192 1106 1238 gravius
1127 1196 1196 1236 est,
1213 1204 1322 1239 quam
1344 1194 1503 1228 futurum
1525 1203 1588 1227 ex-

139 1255 283 1295 actum,
324 1250 410 1296 quia
438 1248 534 1285 haec
563 1259 608 1283 eo
639 1249 845 1284 continetur
867 1249 1070 1284 sententia:
1111 1249 1142 1283 si
1173 1260 1272 1285 nunc
1303 1249 1588 1291 condemnatur,

138 1310 176 1344 in
199 1307 284 1351 hac,
303 1316 398 1353 quae
427 1307 561 1353 amiur,
583 1315 732 1341 caussa.
752 1324 808 1330 Μ
827 1306 1020 1340 Postrema
1040 1305 1223 1352 epistolae
1245 1307 1363 1343 verba
1382 1305 1589 1350 (exercitus

139 1365 224 1401 hinc
242 1384 299 1390 —
318 1362 667 1410 &ausgari-edicatur),
691 1362 824 1408 quibus
844 1361 1044 1408 Pompeius
1062 1362 1206 1397 senatui
1229 1363 1396 1409 graviter
1413 1361 1589 1405 minatur,

142 1422 313 1457 consulto
345 1420 519 1466 ambigue
545 1418 643 1454 dicta
665 1422 772 1463 sunt3
805 1429 890 1454 nam
912 1419 997 1454 lieet
1020 1419 1129 1454 simul
1160 1416 1206 1453 de
1231 1431 1273 1455 se
1296 1423 1332 1454 et
1353 1418 1399 1454 de
1423 1417 1587 1454 Sertorio

140 1479 240 1525 loqui
266 1477 460 1522 videatur,
495 1480 619 1511 tamen
652 1487 727 1511 non
761 1480 818 1511 est
851 1474 1024 1518 dubium,
1061 1474 1150 1521 quin
1173 1487 1214 1511 se
1247 1476 1367 1511 solum
1393 1474 1586 1520 intelligat.

141 1535 319 1579 Quaesita
330 1533 425 1569 haec
442 1533 666 1579 ambiguitas
679 1532 817 1568 tollitur
834 1530 1018 1578 scriptura
1037 1531 1342 1578 transm-edietum
1363 1542 1458 1578 quae
1476 1530 1586 1565 inter-

139 1592 279 1638 polatio
300 1592 338 1626 in
360 1589 447 1626 edd.
477 1588 635 1635 Gruteri‚
657 1589 764 1625 Parei
791 1592 826 1624 et
847 1588 1036 1624 Carrionis
1057 1588 1204 1635 legitur.
1249 1588 1379 1635 Neque
1401 1587 1587 1634 ambigui-

140 1652 213 1684 tate
234 1658 364 1683 carere
386 1646 561 1683 videntur
578 1646 694 1682 verba
707 1646 837 1681 bellam
848 1644 1087 1691 Hispania
1098 1654 1130 1688 e,
1153 1655 1249 1691 quae
1262 1655 1335 1680 non
1354 1645 1466 1692 plane
1488 1643 1587 1679 idem

142 1703 365 1751 significant,
387 1706 496 1749 atque
517 1702 550 1738 b.
571 1697 785 1748 Hispanum
803 1703 878 1737 sive
899 1701 1166 1744 Sertorianum,
1191 1701 1260 1736 sed
1281 1702 1394 1737 multo
1416 1700 1525 1735 latius
1544 1710 1588 1734 ae

142 1761 356 1808 generalius
385 1758 526 1803 bellum,
557 1758 655 1805 quod
679 1759 718 1793 in
738 1757 926 1805 Hispania
952 1760 1006 1793 est
1025 1757 1238 1804 designant.
1298 1757 1439 1793 Rornae
1467 1759 1588 1791 autem

140 1819 257 1865 probe
278 1817 504 1853 intellectum
529 1815 667 1859 fuisse,
699 1825 794 1860 quae
823 1825 918 1850 vera
945 1825 1051 1850 mens
1080 1814 1239 1860 obliquis
1269 1813 1437 1859 Pompeii
1466 1811 1590 1848 verbis

143 1875 328 1918 subesset,
350 1872 571 1909 Plutarchus
592 1870 758 1907 declarat
779 1872 817 1907 in
846 1870 998 1907 Lucullo
1028 1882 1059 1906 c.
1087 1873 1119 1907 5.
1180 1862 1375 1932 Χρήματα
1393 1865 1593 1911 αἰτοῦντος

143 1928 358 1979 Πομπηΐου
385 1924 452 1966 καὶ
472 1920 707 1991 γράφοντος,
728 1919 793 1975 ὡς,
822 1923 856 1963 εἰ
872 1917 928 1991 μὴ
948 1922 1155 1989 πέμποιεν,
1190 1916 1284 1974 ἆφε
1296 1920 1339 1969 ὶς
1365 1915 1592 1974 Ἰβηρίαν

143 1983 230 2023 καὶ
249 1979 532 2054 Σερτώριον
552 1980 620 2029 εἰς
639 1974 850 2020 Ἰταλίαν
871 1974 1058 2029 απαξει
1075 1994 1158 2027 τας
1179 1974 1442 2044 δυναμεις,
1475 1975 1589 2017 συνέ-

142 2042 288 2107 πραξεν
321 2037 343 2082 ὁ
362 2035 618 2086 Λούκουλλος
645 2033 936 2104 προθυμότατα
957 2038 1194 2088 πεμφθῆναι
1219 2029 1266 2075 τὰ
1294 2031 1493 2103 χρήματα,
1524 2048 1592 2073 και

142 2093 230 2148 μηδ’
261 2091 328 2148 ἀφ’
358 2091 588 2162 ᾑστινοςοῦν
619 2090 858 2163 προφάσεως
886 2092 1037 2133 ἐκεῖνον
1065 2091 1298 2132 ἐπανελθεῖν
1328 2087 1589 2137 ὑπατεύοντος

143 2150 287 2193 αὐτοῦ·
308 2167 470 2193 παντα
493 2145 588 2204 γὰρ
612 2146 670 2190 div
688 2147 751 2190 ἐπ’
774 2149 951 2190 ἐκείνω
972 2144 1284 2202 γενήσεσθαι
1311 2162 1368 2188 τα
1395 2149 1476 2199 τῆς
1503 2141 1588 2186 πό-

142 2213 261 2257 λεως
286 2204 500 2262 παρόντι
529 2222 647 2259 μετα
675 2218 922 2258 τοσαυτης
950 2207 1196 2258 στρατιᾶς.

256 2269 317 2305 Fr.
340 2273 374 2306 2.
421 2266 549 2315 [Deest
570 2266 671 2313 apud
694 2266 806 2311 Cort.‚
827 2266 940 2302 Debr.
964 2269 1000 2300 et
1020 2265 1120 2301 Gerl.
1140 2265 1202 2301 ed.
1223 2265 1311 2301 mai.
1332 2284 1387 2290 —
1415 2263 1476 2299 ed.
1497 2263 1586 2299 min.

143 2327 203 2372 111,
226 2329 285 2363 15.
308 2336 347 2372 p.
367 2327 448 2368 216,
472 2324 544 2368 15.]
584 2324 848 2370 Fragmentum
863 2351 872 2367 ‚
903 2321 1004 2369 quod
1025 2332 1159 2358 recens
1180 2321 1327 2358 accedit
1344 2331 1392 2356 ex
1411 2320 1525 2356 Arus-
1550 2330 1587 2355 v.

85 2391 87 2393 “
143 2383 267 2426 Kave,
300 2393 339 2429 p.
357 2382 442 2419 243.
463 2379 590 2423 Lind.‚
623 2383 795 2426 corrupte
821 2379 871 2414 ita
892 2379 1026 2425 legitur
1045 2379 1081 2414 in
1104 2378 1189 2414 cod.
1215 2377 1308 2414 Gud.
1331 2377 1500 2422 „Kavete
1525 2376 1590 2411 im-

145 2442 316 2486 peratore
344 2447 420 2484 per
447 2435 557 2483 Kaya
584 2434 817 2471 Celtibero.“
861 2435 1081 2471 Emendatio
1110 2445 1266 2482 prorsus
1297 2437 1398 2470 certa
1435 2433 1590 2469 debetur

146 2494 416 2532 Lindemanno.
457 2492 669 2540 Imperator
690 2491 792 2527 haud
817 2492 928 2527 dubie
949 2496 1006 2527 est
1027 2490 1229 2535 Sertorius,
1253 2489 1420 2538 perfuya
1436 2488 1589 2526 Celtiber

146 2556 267 2588 autem
290 2549 553 2597 intelligendus
577 2550 639 2594 qui
660 2547 708 2584 ad
734 2547 937 2584 Celtiberos
964 2549 1182 2595 transfugit3
1202 2560 1204 2562 ·
1222 2558 1336 2594 quare
1358 2547 1475 2582 verba
1503 2554 1588 2580 esse

145 2612 233 2656 puto
258 2607 416 2643 alicuius
437 2618 483 2642 ex
504 2605 735 2642 adversariis
756 2604 910 2642 Sertorii
931 2604 1196 2648 clandestinis,
1224 2601 1446 2650 gravissime
1468 2601 1588 2636 seren-

146 2665 264 2707 tibus,
296 2662 415 2710 quod,
452 2674 563 2710 quum
588 2662 766 2698 extremis
793 2662 879 2697 belli
912 2662 1017 2697 annis
1050 2661 1087 2696 in
1116 2659 1295 2696 invidiam
1317 2667 1467 2695 suorum
1497 2657 1588 2692 inci-

147 2721 237 2757 dere
259 2720 448 2767 coepisset
466 2720 532 2764 (cs.
553 2719 614 2755 Fr.
633 2719 676 2763 ΙΙ,
695 2719 772 2763 36.)
792 2717 971 2754 Romanis
993 2717 1167 2753 diffidens
1186 2714 1368 2753 Celtiberis
1385 2712 1589 2749 custodibus

148 2778 316 2830 corporis
344 2780 521 2813 uteretur.
571 2776 619 2811 cs.
647 2774 810 2824 Appian.
839 2774 882 2812 Β
911 2773 948 2811 C.
974 2774 1103 2820 1,112.
1135 2765 1229 2809 Τότε
1254 2763 1421 2820 μάλιστα
1452 2764 1587 2806 πολλοὶ
