1774 3002
153 161 238 202 320
300 179 304 182 ’
491 160 495 161 ⁷
656 167 693 208 C.
726 166 955 205 SALLUSTl
988 168 1140 207 CRISPI

155 292 374 338 bissumas
409 307 578 353 poenas
612 293 806 350 solvunt,
837 293 1117 341 Ptolemaeus
1147 294 1288 355 pretio
1317 294 1361 339 in
1391 293 1486 340 dies
1510 294 1610 341 bel—

155 376 244 422 lum
283 377 533 437 prolatans,
577 378 811 424 Cretenses
854 379 1098 440 impugnati
1139 379 1276 425 semel
1316 379 1427 435 iam,
1465 393 1608 440 neque

156 462 288 508 finem
309 462 393 507 nisi
430 463 601 508 excidio
630 461 830 509 habituri.
863 462 1077 524 Equidem
1108 477 1243 524 quum
1269 462 1373 508 mihi
1395 462 1453 508 ob
1479 462 1608 522 ipso—
1620 478 1662 512 13

156 561 252 592 rum
276 546 447 591 interna
477 547 591 593 mala
627 547 760 592 dilata
787 546 956 606 proelia
981 547 1149 607 magis,
1173 559 1304 607 quam
1339 561 1492 607 pacem
1523 547 1608 593 da-

156 633 244 676 tam
276 629 600 690 intellegerem,
633 630 851 676 abnuente
879 630 1093 692 Tigrane,
1128 629 1202 693 qui
1232 644 1331 676 mea
1360 630 1474 677 dicta
1505 646 1607 677 sero

156 714 335 775 probat,
372 716 415 759 te
448 716 616 759 remoto
652 713 829 774 procul,
868 714 1070 760 omnibus
1107 713 1204 760 aliis
1246 700 1470 772 obnoxiis,
1503 731 1608 761 rur-

158 813 236 844 sus
272 801 418 844 tamen
457 797 617 843 bellum
648 798 794 858 coepi,
834 798 1115 859 Marcumque
1157 797 1329 844 Cottam
1351 799 1608 846 Romanum

158 883 314 929 ducem
367 882 485 942 apud
540 881 820 928 Chalcedona
861 884 980 928 terra
1003 882 1132 938 fudi,
1170 883 1277 928 mari
1322 883 1424 929 exui
1464 883 1608 930 classe

159 1014 394 1072 Μουρήναν
418 1017 567 1071 ἔφευγε.
622 1021 806 1057 Plutarch.
835 1021 873 1057 in
906 1022 1107 1058 1111011110.
1138 1024 1175 1060 8
1222 1010 1433 1087 ’Λρχελᾶου
1467 1016 1509 1058 δὲ
1536 1019 1607 1058 τοῦ

158 1075 246 1130 περὶ
276 1075 470 1115 Βοιωτίαν
497 1071 740 1129 Μιθριδατῃ
776 1070 1134 1142 στρατηγήσαντος,
1172 1069 1251 1115 εἴτ’
1286 1070 1606 1123 ἁποσταντος

160 1131 244 1173 καὶ
275 1128 530 1183 Ῥωμαίοις
564 1130 995 1200 συστρατεύοντος
1029 1131 1381 1185 διαβεβαιουμένου
1409 1147 1447 1171 κ.
1479 1147 1512 1172 τ.
1535 1134 1603 1180 L),

159 1192 394 1229 Mithridates
419 1192 560 1228 irritum
583 1193 700 1239 primi
725 1192 810 1228 belli
846 1196 1023 1228 eventum
1045 1196 1173 1228 contra
1203 1193 1395 1230 veritatem
1416 1191 1523 1228 ducis
1545 1194 1604 1230 sui

159 1249 363 1298 proditioni
391 1249 526 1285 tribuit.
565 1249 622 1285 Ab
652 1248 787 1284 eadem
821 1249 876 1285 ira
910 1254 947 1284 et
974 1249 1167 1296 iniquitate
1196 1248 1459 1296 repetendum,
1480 1264 1483 1266 ·
1505 1248 1606 1296 quod

161 1307 389 1343 Archelaum
413 1305 506 1341 dixit
519 1310 814 1352 postremum
832 1316 1041 1351 servorum,
1069 1307 1095 1341 i.
1117 1318 1150 1342 e.
1175 1307 1410 1350 vilissimum,
1433 1306 1605 1342 abiectis-

163 1365 320 1408 simum3
354 1363 403 1399 cf.
423 1363 485 1400 Fr.
507 1363 534 1407 1,
558 1364 615 1407 45,
635 1365 671 1400 3.
721 1361 775 1398 M.
805 1363 995 1408 Aemilius,
1034 1364 1192 1399 omnium
1225 1363 1490 1411 flayiliosorum
1521 1373 1607 1410 po-

160 1426 344 1458 stremus.
362 1439 417 1447 ——
433 1420 560 1456 Verba
579 1421 632 1456 uli
648 1421 737 1455 meis
756 1420 939 1456 laboribus
959 1420 1027 1456 tuti
1044 1423 1164 1456 essent
1184 1419 1451 1467 praecedentia
1473 1419 1523 1455 ita
1543 1428 1607 1455 ex-

161 1480 320 1526 plicant,
356 1483 409 1522 111,
441 1488 514 1524 quo
543 1477 750 1513 eonstiterit
777 1476 983 1522 calliditas,
1015 1476 1195 1522 addatur;
1237 1487 1351 1524 quare
1381 1477 1606 1523 cogitatione

162 1534 475 1582 interponendum
502 1534 541 1570 id
561 1535 697 1570 seilicet
723 1539 916 1581 spectans,
946 1533 1058 1573 unde·
1076 1533 1198 1570 finalis
1222 1533 1434 1571 enunciatio
1453 1532 1605 1580 pendet.

161 1612 220 1619 ——
239 1591 288 1628 In
308 1592 386 1628 dies
407 1592 562 1638 praebet
582 1591 669 1627 Vat.
685 1595 719 1629 1.
742 1596 777 1627 et
795 1594 831 1629 2.
843 1602 867 1636 3⁷
882 1591 996 1638 vulgo
1018 1591 1104 1636 dies,
1127 1592 1188 1627 vel
1207 1591 1312 1630 diem,
1344 1590 1513 1627 Correxit
1531 1591 1606 1626 iam

164 1648 292 1686 Carrio
327 1659 377 1683 ex
411 1647 532 1683 Vatic.
584 1647 682 1692 Quid
716 1648 902 1695 significet
935 1647 1169 1684 Mithridates
1198 1648 1446 1684 Ptolemaeum
1475 1647 1606 1683 dicens

155 1707 279 1754 pretio
309 1705 438 1742 bellum
460 1705 695 1752 prolalasse,
725 1706 946 1748 obscurum,
977 1715 1097 1751 neque
1131 1704 1277 1741 videtur
1301 1703 1403 1741 aliud
1423 1704 1460 1739 in
1480 1705 1605 1740 verbis

165 1764 311 1808 inesse,
342 1773 453 1809 quarn
485 1772 641 1808 segnem
672 1772 713 1798 se
743 1762 965 1808 praebuisse
995 1762 1032 1796 in
1053 1761 1191 1797 auxilio
1213 1760 1414 1797 Mithridati
1437 1760 1605 1804 ferendo,

165 1820 227 1868 qui
258 1820 381 1865 illum,
418 1823 457 1855 ut
485 1829 595 1866 quam
625 1819 786 1865 primum
815 1818 1006 1854 Romanos
1025 1818 1123 1853 bello
1144 1818 1372 1865 implicaret,
1403 1818 1606 1863 instigasse

167 1877 327 1914 videtur.
342 1895 400 1900 -—
423 1875 612 1913 Cretenses
634 1876 846 1922 impugnati,
868 1886 923 1911 50.
947 1876 992 1911 ab
1010 1874 1196 1919 Antoni03
1219 1875 1266 1910 cs.
1289 1874 1428 1919 Fr.111‚
1443 1875 1606 1912 59-τ-66.

166 1935 292 1982 Neque
308 1934 421 1980 finem
441 1932 673 1979 habituri,
696 1932 719 1968 i.
747 1942 780 1967 e.
805 1943 901 1979 quae
926 1942 1055 1968 eorum
1077 1932 1301 1979 impuynatio
1321 1941 1396 1967 non
1425 1930 1498 1967 nisi
1521 1941 1606 1966 cum

166 1991 315 2027 excidio
338 1991 506 2037 ipsorum
527 1989 688 2025 finietur.

280 2051 315 2091 δ.
342 2050 400 2086 13.
436 2049 582 2082 interna
604 2047 720 2087 mala)
744 2046 768 2082 i.
791 2058 824 2081 e.
846 2046 983 2082 bellum
1009 2046 1118 2081 civile
1142 2044 1268 2081 Sullae
1291 2049 1401 2092 atque
1423 2045 1608 2081 Mariano-

167 2116 260 2142 rum.
285 2124 340 2129 —-
358 2104 545 2140 Abnuence
568 2104 747 2151 Tiyrane,
781 2114 832 2139 sc.
854 2107 939 2148 lum,
961 2102 984 2137 1.
1008 2113 1042 2138 0.
1065 2102 1166 2138 initio
1190 2101 1277 2138 belli
1301 2101 1408 2147 tertii,
1434 2101 1494 2137 0111
1513 2105 1606 2137 tem-

166 2163 248 2210 pori
284 2162 482 2208 opponitur
517 2171 700 2207 praesens
731 2161 769 2195 in
804 2159 1063 2195 enunciatione
1096 2159 1272 2203 relativa,
1309 2159 1373 2206 qui
1399 2168 1481 2194 mea
1510 2158 1607 2194 dicta

168 2219 341 2265 (nunc)
371 2228 454 2254 sero
476 2217 625 2264 probat.
654 2236 710 2243 -—
738 2217 882 2253 Bellum
909 2217 1063 2262 coepi,
1094 2219 1133 2251 ut
1158 2220 1216 2251 est
1245 2217 1282 2251 in
1307 2215 1389 2250 Vat.
1410 2219 1456 2259 1.,
1478 2215 1606 2252 verius

169 2275 402 2319 iudicamus,
445 2285 555 2320 quam
586 2274 616 2309 b.
648 2275 746 2320 cepi,
779 2273 880 2320 quod
911 2273 1026 2320 vulgo
1057 2272 1190 2308 editur.
1246 2272 1479 2318 Quamquam
1508 2271 1607 2307 enim

169 2333 299 2370 bellum
332 2341 468 2378 capere
504 2342 578 2366 non
607 2331 729 2366 minus
758 2334 857 2365 reete
888 2329 961 2365 dici
992 2340 1106 2375 posse
1137 2328 1304 2373 videtur,
1337 2339 1450 2375 quam
1478 2326 1607 2364 bellum

169 2398 315 2427 sumere
337 2389 394 2434 (v.
419 2387 570 2423 Linker.
592 2386 681 2423 Sall.
702 2384 837 2422 Hi'stor.
860 2387 1030 2422 Prooem.
1052 2397 1088 2432 p.
1109 2388 1167 2423 44.
1190 2389 1264 2420 not.
1284 2386 1352 2430 4.),
1375 2389 1497 2421 tamen
1518 2395 1604 2420 rur-

170 2457 233 2483 sus
254 2442 403 2492 coepi*
420 2444 554 2480 melius
582 2455 666 2479 011111
692 2443 815 2479 verbis
847 2442 1152 2479 antecedentibus
1181 2442 1331 2477 dilata
1355 2442 1499 2488 proelia
1521 2450 1607 2476 con-

171 2503 283 2551 gruit.
338 2501 558 2538 Gerlachius
596 2511 791 2544 caussam,
826 2510 891 2535 0111·
918 2501 1023 2546 coepi
1053 2499 1251 2546 praeferat,
1281 2499 1318 2533 in
1351 2507 1486 2534 rursus
1515 2506 1607 2534 voce

171 2560 328 2608 quaerit.
352 2558 539 2606 -Apud
560 2557 801 2601 Chalcedona,
827 2569 863 2593 v.
885 2557 945 2592 Fr.
968 2556 1011 2600 ΙΙ,
1033 2559 1092 2595 59.
1113 2558 1172 2593 60.
1200 2575 1245 2581 -
1272 2555 1377 2590 Exm
1393 2555 1532 2596 classe;
1559 2553 1607 2587 cf.

172 2617 336 2680 Appian.
367 2617 407 2652 B.
440 2614 710 2651 Μ11111.0.71.
754 2603 799 2648 ‘O
828 2605 1092 2675 Μιθριδάτης
1120 2611 1167 2663 τῇ
1196 2610 1302 2674 φορᾷ
1331 2610 1399 2658 τῆς
1433 2599 1609 2671 ευτυχίας

171 2685 367 2724 χρωμενος
395 2668 538 2735 ἐπῆγεν
565 2661 686 2719 αὐτῆς
711 2660 857 2719 ἡμέρας
883 2665 945 2704 ἐπὶ
972 2660 1040 2705 τὸν
1069 2665 1205 2716 λιμένα
1234 2659 1302 2711 τὰς
1324 2665 1431 2710 ναῦς.
1471 2661 1538 2701 καὶ
1565 2656 1607 2700 τὸ

172 2730 361 2782 κλεῖθρον
390 2719 525 2767 αλύσει
557 2726 685 2790 χαλκῇ
712 2723 918 2787 δεδεμένον
955 2718 1188 2789 ἀποῤῥήξας
1215 2720 1403 2786 τέσσαρας
1429 2717 1501 2770 μὲν
1527 2716 1607 2757 ἐνέ-

173 2797 296 2840 πρησε
315 2788 395 2825 τῶν
415 2784 622 2836 πολεμίων,
644 2776 714 2829 τὰς
734 2779 776 2820 δὲ
796 2774 934 2828 λοιπὰς
956 2776 1142 2832 ἑξήκοντα
1165 2772 1381 2830 ἀνεδήσατο
1397 2791 1434 2816 κ.
1449 2791 1486 2814 τ.-
1502 2780 1535 2817 λ.
1554 2795 1609 2804 —-—
