1774 3002
39 2735 60 2754 »-

160 167 243 212 184
659 170 700 209 C.
730 170 961 211 SALLUSTI
988 171 1142 211 CRISPI

297 300 364 343 74.
420 294 578 343 Omnia
606 299 778 345 sacrata
813 313 1002 359 corpora
1031 298 1076 343 in
1112 300 1230 346 rates
1261 298 1542 360 imposuisse.

297 383 364 427 75.
419 380 567 426 Primo
608 380 757 427 incidit
798 381 914 427 forte
955 395 1034 442 per
1074 385 1248 429 noctem
1290 381 1336 429 in
1373 383 1610 432 lenunculo

158 463 382 528 piscantis
1421 472 1425 478 '

298 553 365 598 76.
423 549 613 598 Immane
645 550 855 613 quantum
882 548 1011 597 animi
1037 563 1258 598 exarsere.

156 690 184 724 Ι.
206 699 243 736 p.
254 691 338 727 383.
360 689 421 726 ed.
442 689 608 733 Putsch.,
629 688 692 735 qui
713 690 913 726 nonnullos
933 694 1102 726 veterum
1123 689 1174 725 ita
1195 687 1409 725 declinasse
1431 689 1532 726 dicit.
1553 710 1609 717 --

156 745 211 781 De
228 746 392 784 sinernu's
421 746 628 790 adiectivo‚
660 756 729 792 pro
752 757 824 792 quo
849 747 1069 783 Gerlachius
1090 747 1128 782 in
1150 745 1211 781 ed.
1232 746 1319 781 mai.
1342 746 1469 783 invitis
1493 747 1606 782 codd.

158 802 309 849 scripsit
323 804 495 849 inermos,
515 816 555 841 v.
581 806 756 839 annotata
777 802 826 839 ad
849 802 953 840 Catil.
976 815 1009 840 c.
1026 803 1118 848 LIX,
1139 807 1175 842 5.
1196 814 1236 850 p.
1256 805 1341 841 318.
1362 822 1418 830 —
1437 803 1500 839 Ad
1520 814 1607 840 sen—

157 859 309 895 tentiam
337 861 549 909 Fragmenti
573 860 674 907 quod
703 860 851 905 attinet,
891 861 927 896 in
955 865 1131 908 promptu
1159 864 1217 896 est
1247 871 1293 896 eo
1323 870 1400 896 non
1427 860 1608 896 contineri

156 927 369 954 sermonem
394 929 414 953 e
436 918 580 965 proelio
601 917 842 964 fugientium,
877 922 916 953 ut
936 917 1156 954 Gerlachius
1175 918 1256 955 vult
1273 916 1360 953 Vol.
1381 916 1444 954 111.
1469 929 1508 964 p.
1534 919 1607 964 αλ,

156 973 226 1010 sed
244 976 362 1010 verba
382 987 468 1011 esse
489 975 596 1012 ducis
618 974 752 1010 milites
778 974 965 1022 fugientes
987 979 1024 1010 et
1046 985 1151 1011 arma
1179 973 1396 1010 abiicientes
1417 974 1468 1010 ad
1493 975 1608 1011 virtu-

155 1034 231 1066 tem
260 1031 506 1069 cohortantis.
555 1032 803 1068 Grammatica
825 1032 925 1069 enim
947 1032 1019 1068 loci
1042 1031 1134 1068 ratio
1156 1031 1252 1067 haec
1282 1034 1359 1075 est,
1390 1034 1429 1066 ut
1456 1033 1609 1067 inermis

155 1097 206 1124 ex
221 1089 363 1135 proelio
395 1089 581 1125 obiectum
602 1089 649 1124 sit
671 1089 777 1125 verbi
805 1092 1045 1136 aquetur-um,
1071 1090 1170 1125 viros
1190 1090 1331 1130 autem,
1366 1098 1481 1124 sensu
1507 1087 1606 1124 idem

156 1148 267 1191 atque
287 1156 364 1193 pro
392 1147 500 1191 viris,
531 1144 790 1193 praedicatum
819 1145 987 1182 definiat.
1033 1145 1086 1180 De
1109 1143 1321 1181 attributiva
1341 1144 1378 1181 vi
1406 1146 1607 1182 verborum

154 1211 206 1238 ex
217 1203 363 1250 proelio
381 1215 421 1240 v.
443 1203 605 1240 Gramm.
629 1203 692 1238 lat.
714 1206 830 1239 nostr.
854 1205 890 1246 S.
912 1206 994 1241 120.
1012 1206 1048 1240 2.
1070 1206 1147 1238 not.
1169 1204 1206 1240 6.
1233 1212 1273 1248 p.
1293 1201 1378 1239 287.
1407 1220 1458 1228 —
1501 1201 1609 1238 Viros

153 1260 379 1307 praegnanti
414 1271 531 1296 sensu
570 1259 736 1306 intellige
772 1261 872 1296 viros
904 1259 1022 1307 sortes
1053 1262 1162 1306 atque
1195 1261 1387 1298 serenum,-
1428 1258 1476 1294 ct‘.
1500 1257 1608 1295 Catil.

153 1327 189 1353 c.
208 1315 285 1360 XL,
305 1320 342 1355 3.
378 1316 458 1365 qu
477 1317 594 1361 vobis,
629 1318 664 1352 si
687 1316 792 1352 modo
820 1317 914 1353 viri
938 1326 1018 1353 esse
1046 1316 1166 1360 voltis,
1201 1315 1380 1351 rationem
1406 1308 1608 1361 osteridam,

153 1383 227 1420 qua
253 1376 355 1409 tanta
379 1375 448 1409 ista
475 1374 574 1410 mala
597 1373 794 1420 εῇαριαιιζς.
841 1371 917 1410 Cic.
938 1385 977 1420 p.
1000 1373 1079 1409 Mil.
1101 1384 1135 1408 c.
1155 1375 1214 1416 30,
1233 1374 1292 1410 82.
1334 1368 1528 1408 Drakenb.
1559 1371 1608 1408 ad

153 1429 236 1466 Liv.
257 1430 317 1475 ΙΙΙ,
339 1432 397 1475 67,
418 1434 454 1469 3.
481 1431 617 1468 Graev.
639 1429 690 1466 ad
707 1430 807 1466 Flor.
829 1430 889 1475 III,
909 1433 945 1474 3,
965 1432 1002 1468 9.
1034 1449 1082 1455 -
1117 1430 1327 1477 Αφιοεσενθ
1346 1439 1431 1464 cum
1453 1439 1608 1465 accusa-

154 1486 231 1523 tivo
255 1487 391 1523 obiecti
414 1493 450 1524 et
470 1488 632 1525 attributi
652 1486 892 1523 coniunctum
913 1488 1014 1524 valet
1031 1487 1190 1535 aliquem
1209 1484 1346 1522 habere
1363 1485 1491 1530 talem,
1512 1496 1605 1533 qua-

153 1544 197 1579 lis
217 1544 275 1580 vel
293 1548 357 1588 est,
377 1545 435 1581 vel
451 1555 532 1581 esse
551 1545 672 1585 debet3
696 1545 743 1580 cf.
760 1544 842 1581 Liv.
863 1544 927 1588 VI,
947 1546 982 1589 7,
1003 1547 1039 1583 5.
1066 1543 1126 1580 An
1145 1553 1222 1588 me,
1246 1541 1344 1591 quod
1360 1552 1436 1579 non
1455 1542 1611 1579 dictator

152 1599 269 1646 vobis,
294 1602 363 1637 sed
381 1601 548 1638 tribunus
566 1603 710 1649 siynum
733 1601 835 1647 dedi,
864 1612 939 1637 non
961 1602 1227 1649 aynoscitis
1250 1599 1440 1636 ducem?

265 1669 325 1705 Fr.
357 1671 414 1708 74.
461 1668 578 1719 [Cort.
598 1681 637 1716 p.
653 1671 748 1708 962..
767 1668 865 1714 Gerl.
900 1668 962 1705 ed.
989 1669 1077 1706 mai.
1095 1669 1152 1719 νΙΙ,
1175 1670 1233 1707 48.
1272 1667 1334 1704 ed.
1362 1668 1453 1703 min.
1481 1667 1526 1712 H,
1544 1669 1605 1707 89.

152 1737 190 1774 p.
214 1729 295 1771 206,
316 1730 350 1765 2.
371 1726 481 1763 Debr.
502 1727 564 1771 III,
584 1723 660 1775 61.]
700 1725 879 1761 Arusian.
899 1737 938 1761 v.
958 1726 1146 1773 imposuit,
1180 1736 1218 1772 p.
1241 1727 1325 1763 239.
1343 1723 1473 1768 Lind.,
1505 1724 1606 1760 unde

147 1786 272 1829 rates,
301 1783 403 1830 quod
424 1787 481 1820 est
500 1785 537 1819 in
560 1782 645 1820 cod.
668 1781 777 1826 Gud.‚
809 1781 983 1818 dedimus
1002 1793 1071 1830 pro
1096 1783 1249 1829 vulgato
1271 1784 1402 1817 ratem.
1442 1779 1497 1816 De
1516 1791 1606 1828 qua-

153 1849 240 1876 nam
268 1851 310 1888 lse
338 1841 605 1888 Fragmentum
643 1838 928 1886 intelligendum
958 1839 1025 1884 sit,
1072 1839 1110 1875 in
1144 1839 1300 1885 abrupta
1326 1837 1496 1874 oratione
1531 1848 1607 1874 non

150 1900 274 1945 potest
302 1897 489 1942 constitui.
537 1897 700 1934 Sacrata
728 1907 890 1944 corpora
919 1895 1093 1932 videntur
1122 1907 1209 1932 esse
1239 1905 1400 1942 corpora
1422 1893 1608 1931 hornbmm

151 1954 220 1990 dias
241 1964 438 1991 sacrorum
465 1955 490 1991 i.
512 1966 545 1991 e.
574 1954 827 1993 sacerdotum5
856 1952 958 2000 quod
981 1954 1104 2001 ipsum
1133 1962 1359 2000 quamquam
1386 1950 1511 1990 adhuc
1540 1951 1607 1988 du-

150 2012 252 2047 bium
282 2015 357 2055 est,
389 2011 482 2048 illud
517 2017 641 2049 tamen
669 2011 940 2055 certissimum,
983 2021 1140 2058 prorsus
1178 2010 1313 2046 falsam
1341 2019 1428 2045 esse
1454 2008 1606 2045 Douzae

151 2069 395 2114 sententiam,
426 2081 448 2106 a
469 2069 673 2106 Debrossio
696 2072 732 2104 et
752 2067 950 2104 Gerlachio
975 2067 1111 2115 cupide
1131 2071 1339 2114 arreptam,
1374 2064 1471 2102 haec
1492 2066 1609 2102 verba

152 2125 201 2160 ad
224 2123 338 2161 Chios
359 2129 550 2173 spectare,
574 2126 656 2173 qui,
688 2136 800 2172 quum
821 2127 915 2162 teste
935 2124 1110 2172 Appiano
1132 2123 1175 2160 B.
1201 2123 1326 2159 Mithr.
1351 2133 1386 2159 c.
1404 2125 1464 2162 46.
1489 2126 1526 2158 et
1546 2123 1606 2161 4⁷.

150 2191 173 2216 a
200 2181 386 2229 Zenobio,
421 2182 648 2219 Mithridatis
675 2182 887 2229 praesecto,
928 2182 1042 2217 armis
1071 2181 1171 2217 exuti
1202 2182 1241 2216 et
1267 2179 1414 2217 duobus
1443 2178 1606 2215 millibus

150 2238 372 2274 talentorum
393 2239 535 2275 multati
561 2242 711 2283 essent,
739 2242 929 2286 postremo
956 2248 1024 2285 per
1047 2237 1173 2274 dolum
1195 2241 1304 2284 atque
1328 2237 1405 2273 vim
1433 2234 1605 2272 domibus

150 2294 230 2341 suis
261 2295 458 2340 abstracti,
492 2297 581 2332 viris
611 2307 635 2331 α
654 2295 864 2331 mulieribus
882 2305 930 2330 ac
949 2296 1085 2342 pueris
1103 2303 1269 2331 seorsum
1288 2295 1326 2330 in
1349 2302 1463 2330 naves
1490 2293 1606 2340 impo-

147 2352 242 2397 sitas,
271 2353 310 2393 in
328 2351 486 2388 Pontum
504 2352 695 2388 Euxinum
721 2352 968 2399 transportati
985 2356 1080 2388 sunt.
1131 2351 1186 2387 D‘e
1206 2351 1279 2387 hac
1305 2350 1481 2388 Chiorum
1509 2349 1606 2385 cala-

151 2407 275 2444 mitate
294 2407 462 2446 Sallustii
479 2409 607 2446 verbis
625 2409 687 2456 agi
706 2405 804 2444 adeo
820 2409 1002 2445 absonum
1021 2411 1091 2454 est,
1114 2409 1181 2444 vix
1201 2411 1242 2444 ut
1255 2407 1392 2445 credas
1411 2408 1606 2452 tantopere

150 2466 339 2502 caecutire
361 2466 534 2512 potuisse
564 2465 695 2502 doctos
716 2465 911 2509 homines,
941 2469 978 2501 ut
998 2469 1121 2502 tantas
1148 2465 1307 2512 ineptias
1336 2463 1606 2512 amplecteren-

148 2524 221 2558 tur.
271 2521 435 2558 Primum
458 2524 557 2558 enirn
578 2532 655 2559 non
671 2521 846 2558 viderunt
865 2526 983 2558 ratem
1003 2533 1079 2558 non
1102 2533 1188 2559 esse
1209 2526 1361 2566 navem,
1389 2528 1510 2567 neque
1537 2529 1605 2556 eos

149 2579 287 2623 movit,
327 2579 429 2626 quod
451 2583 552 2617 tanta
579 2578 774 2615 hominum
800 2578 997 2615 multitudo
1028 2580 1129 2616 nullo
1158 2583 1269 2626 pacto
1299 2576 1438 2613 ratibus
1466 2575 1504 2611 in
1526 2579 1603 2612 tam

153 2639 318 2671 remotas
339 2636 515 2683 regiones
540 2635 676 2686 abduci
694 2635 826 2683 potuit.
860 2635 954 2671 Tum
973 2635 1162 2683 quomodo
1185 2636 1222 2671 in
1238 2634 1331 2670 alias
1352 2631 1466 2685 sedes
1487 2635 1606 2669 trans-

154 2692 291 2740 portati
316 2692 421 2743 cives
444 2692 524 2730 Chii
544 2697 707 2738 ,sacrata
726 2702 889 2740 corpora
911 2692 986 2729 dici
1004 2693 1203 2741 potuerint,
1232 2691 1384 2727 minime
1407 2693 1605 2742 curarunt3

157 2748 262 2785 nihili
284 2749 383 2784 enim
405 2754 480 2794 est,
520 2750 620 2797 quod
640 2761 685 2786 ea
706 2749 886 2786 destinata
905 2751 1014 2786 morti
1040 2750 1326 2796 interpretantur
1353 2750 1389 2782 et
1419 2747 1529 2794 quasi
1543 2747 1605 2783 de—

155 2809 238 2844 vota
258 2806 315 2844 dis
334 2806 513 2854 manibus,
534 2818 645 2855 quum
667 2807 864 2855 Appianas
893 2811 1025 2855 aperte
1050 2806 1149 2842 dicat
1168 2814 1242 2841 non
1269 2803 1377 2840 morti
1399 2802 1605 2840 destinatos
