1774 3002
140 159 225 202 222
628 165 664 202 C.
697 165 927 203 SALLUSTI
957 165 1107 204 CRISPI

277 291 346 334 37.
401 288 498 333 Non
533 291 580 333 tu
605 289 715 334 scis:
746 290 783 334 si
820 304 932 351 quas
962 291 1084 337 aedis
1121 292 1238 352 ignis
1270 293 1384 352 cepit
1417 293 1586 349 acriter,

139 371 256 417 haud
278 371 404 417 facile
427 376 529 418 sunt
557 373 763 429 defensu,
791 373 894 434 quin
917 377 958 418 et
983 375 1306 431 comburantur,
1333 391 1586 436 proxumae.

274 460 342 502 38.
398 456 458 501 At
488 456 716 502 Lucullum
740 457 863 517 regis
889 471 993 502 eura
1019 458 1264 504 machinata
1299 459 1437 506 fames
1465 460 1587 506 brevi

138 538 363 599 fatigabat.

139 677 537 724 usurpata;ef.ins1a
556 676 778 722 11.111,50.
823 677 874 712 De
894 677 966 714 hae
987 677 1210 714 Mithridatis
1232 680 1319 742 fuga
1332 691 1379 715 ν.
1397 679 1583 717 Plutarch.

138 734 175 769 in
197 734 326 770 Lucul.
348 746 382 772 e.
403 736 459 776 13,
482 733 582 768 med.
607 723 737 777 Αὐτὸς
757 728 799 770 δὲ
818 727 1117 784 (Μνθριδάτης)
1130 759 1143 782 ,
1158 732 1226 798 τῆς
1244 726 1432 783 ὁλκάδος,
1448 726 1514 783 ἐφ’
1538 724 1586 786 ἧς

136 786 263 838 ἔπλει,
302 782 397 839 μήτε
427 781 526 838 πρὸς
557 781 629 840 τὴν
657 789 733 839 γῆν
758 780 1098 841 εὐπαρακομίστου
1123 783 1191 828 διὰ
1216 787 1383 854 μέγεθος
1405 788 1448 829 ἐν
1473 786 1584 855 σάλῳ

136 840 294 911 μεγάλω
316 859 383 883 και
405 839 549 895 κύματι
570 846 708 897 τυφλῷ
731 843 1020 915 παρισταμένης
1045 847 1125 892 τοῖς
1145 841 1402 898 κυβερνήταις
1421 841 1520 900 πρός
1545 861 1584 886 τε

135 897 208 954 τὴν
235 896 446 940 θάλασσαν
475 897 554 952 ἤδη
574 901 738 967 βαρείας
771 900 838 940 καὶ
865 895 1111 954 ὑπεράντλου
1134 900 1364 954 γενομένης,
1392 896 1581 970 μετεμβὰς

136 957 190 1005 εἰς
210 951 424 1027 λῃστρικον
449 954 695 1028 μυοπάρωνα
721 956 788 997 καὶ
811 951 855 997 τὸ
876 960 988 1023 σῶμα
1007 962 1208 1025 πειραταῖς
1237 957 1448 1026 ἐγχειρίσας
1468 962 1582 999 ανελ-

133 1015 278 1062 πίστως
298 1013 365 1053 καὶ
389 1009 624 1067 παραβόλως
649 1014 703 1062 εἰς
722 1008 795 1066 τὴν
815 1008 1020 1066 Ποντικὴν
1037 1010 1277 1068 Ἡρακλειαν
1305 1012 1491 1068 ἐξεσώθη.
1531 1020 1581 1056 ef.

135 1074 300 1122 Appian.
321 1074 486 1110 Mithrid.
510 1085 541 1111 c.
564 1077 622 1119 78,
644 1075 695 1109 in.

247 1132 307 1168 Fr.
326 1133 385 1170 37.
430 1131 559 1176 [Deest
576 1131 677 1177 apud
695 1130 796 1167 Cort.
818 1151 875 1158 —-
896 1131 996 1168 Gerl.
1020 1131 1080 1168 ed.
1102 1133 1189 1168 mai.
1210 1131 1286 1168 Ine.
1306 1135 1389 1171 224.
1412 1132 1472 1168 ed.
1491 1133 1578 1169 min.

132 1188 196 1233 IV,
219 1193 279 1227 50
300 1199 339 1235 Ρ.
359 1191 442 1233 228,
463 1192 523 1226 25.
549 1188 656 1224 Debi.
677 1188 740 1234 IV,
764 1186 813 1237 1.]
862 1188 1007 1225 Charis.
1029 1189 1072 1234 ΙΙ,
1096 1191 1151 1234 14,
1171 1192 1230 1227 32.
1251 1200 1287 1236 Ρ.
1309 1193 1390 1228 115.
1411 1189 1579 1226 Lindem.

131 1247 184 1292 (Ρ.
209 1246 290 1284 176.
309 1245 495 1289 Putsch.).
537 1245 705 1291 Acriter,
736 1245 837 1292 quod
861 1256 954 1282 casu
976 1246 1013 1281 in
1033 1245 1199 1282 Putschii
1221 1246 1279 1282 ed.
1302 1245 1460 1291 excidit,
1488 1246 1580 1282 Gei—

131 1302 277 1339 lachius
306 1303 403 1338 male
433 1306 517 1337 ante
540 1303 635 1349 cepit
663 1302 911 1349 transposuit,
943 1313 1018 1338 non
1046 1306 1244 1338 assecutus
1268 1303 1345 1339 vim
1374 1304 1579 1340 sententiae

132 1357 313 1397 adverbio
329 1359 524 1405 contineri.
556 1359 669 1394 Peius
692 1359 790 1395 idem
813 1363 941 1396 contra
963 1364 1131 1406 apertum
1148 1357 1307 1395 Charisii
1329 1360 1580 1396 testimonium

131 1416 398 1464 Fragmentum
420 1417 458 1452 in
478 1419 650 1463 quartum
672 1417 803 1452 librum
836 1417 1032 1452 transtulit.
1078 1416 1205 1452 Verba
1226 1417 1324 1453 enim
1343 1415 1447 1453 haud
1467 1416 1578 1453 dubie

132 1478 218 1509 sunt
238 1474 299 1509 vet
318 1474 431 1521 legati
455 1474 517 1509 vel
542 1473 724 1519 epistolae
745 1472 990 1516 Mithridatis,
1023 1472 1157 1519 quibus
1179 1474 1300 1509 statim
1321 1478 1408 1520 post
1434 1474 1579 1520 gravis-

132 1531 249 1566 simas
270 1530 400 1566 clades
421 1530 542 1577 primo
565 1529 615 1565 ad
638 1528 816 1576 Cyzicum
838 1529 975 1566 deinde
997 1530 1090 1566 mari
1113 1534 1287 1577 acceptas
1309 1529 1508 1577 Tigranem
1529 1529 1580 1566 ad

131 1586 310 1623 auxilium
346 1587 417 1623 sibi
447 1586 643 1622 selendum
673 1597 942 1623 commovere·
926 1586 1106 1631 -studuit,
1146 1587 1208 1633 qui
1241 1586 1391 1634 quidem
1421 1591 1578 1624 conatus

130 1646 206 1679 tum
228 1644 364 1680 frustra
386 1644 464 1680 fuit.
504 1644 552 1679 es.
578 1643 741 1689 Appian.
758 1643 960 1679 Mithridat.
983 1655 1017 1679 e.
1039 1644 1094 1681 78.
1115 1654 1152 1689 Ρ.
1174 1645 1253 1682 757.
1274 1643 1335 1679 ed.
1359 1642 1578 1706 Schweigh.

118 1690 248 1736 Ὀθεν
267 1691 567 1762 (Μιθριδάτης)
587 1695 625 1743 ἐς
639 1691 810 1764 Ἀμισὸν
825 1690 905 1736 ἆπὸ
934 1691 1044 1735 κάλω
1067 1695 1263 1736 διαπλέων
1282 1692 1408 1761 πρός
1423 1710 1471 1737 τε
1489 1710 1542 1736 το
1554 1711 1578 1736 ν

130 1747 374 1822 κηδεστὴν
397 1748 656 1807 Τιγρανην
693 1749 776 1792 τὸν
799 1747 1084 1808 Ἀρμένιον,
1121 1751 1189 1792 καὶ
1219 1751 1257 1800 ἐς
1280 1748 1484 1818 Μαχάρην
1508 1748 1577 1793 τὸν

128 1806 219 1850 υἱὸν
251 1834 307 1839 —-
333 1809 702 1876 περιέπεμπεν,
740 1809 1039 1875 ἐπικουρεῖν
1076 1806 1289 1874 ἐπείγων
1325 1804 1574 1862 εκᾶτερον.

129 1867 183 1915 εἴς
201 1880 241 1907 τε
255 1862 425 1914 Σκύθας
453 1881 545 1915 τους
571 1860 741 1920 ὁμόρους
766 1860 911 1920 χρυσὸν
939 1864 1007 1905 καὶ
1035 1865 1145 1918 δῶρα
1167 1859 1295 1905 πολλα
1316 1864 1487 1906 Διοκλέα
1505 1864 1574 1916 φέ-

131 1938 214 1977 ρειν
239 1923 424 1964 ἐκέλευεν.
468 1928 658 1963 Memnon.
690 1926 792 1974 apud
823 1926 927 1962 Phot.
957 1938 992 1962 c.
1017 1927 1098 1964 224
1124 1936 1162 1972 p.
1181 1927 1264 1970 234,
1298 1926 1335 1962 b.
1365 1925 1426 1964 ed.
1449 1925 1572 1962 Bekk.

128 1976 391 2034 Μιθριδατης
418 1978 461 2020 δὲ
487 1982 609 2020 ταῦτα
638 1973 799 2020 ἀκούων
826 1984 900 2028 (sc.
932 1982 1074 2019 Luculli
1102 1981 1260 2018 consilia
1289 1992 1429 2018 novum
1456 1982 1574 2028 impe

128 2045 205 2077 tum
226 2041 415 2088 parantis)
445 2033 796 2102 παρεσκευάζετο,
801 2034 868 2076 και
898 2030 1276 2102 διεπρεσβευετο
1305 2030 1402 2100 πρός
1421 2049 1461 2075 τε
1484 2029 1574 2083 τοὺς

128 2097 308 2134 Σκυθῶν
326 2095 522 2146 βασιλεῖς,
553 2109 622 2133 και
641 2087 739 2147 πρὸς
759 2088 828 2133 τὸν
847 2088 1044 2158 Πάρθον,
1074 2090 1158 2131 καὶ
1182 2086 1304 2159 πρὸς
1330 2086 1419 2132 τὸν
1447 2107 1571 2160 γ’,ἷαμ

127 2145 253 2204 βρὸν
282 2149 436 2190 αυτοῦ
470 2146 730 2218 Τιγρανην
757 2145 839 2190 τὸν
861 2143 1131 2215 Ἀρμένιον.
1177 2142 1265 2188 ἄλλ’
1297 2148 1339 2188 οῖ
1362 2146 1434 2215 μὲν
1460 2141 1572 2188 ἇπεῖ-

126 2221 226 2258 πον,
254 2203 454 2278 1Τιγρανης
483 2205 526 2247 δὲ
549 2201 628 2246 ὑπὸ
653 2209 722 2259 τῆς
750 2202 1014 2273 Μιθριδατου
1040 2199 1241 2271 θυγατρὸς
1271 2200 1460 2253 πολλάκις
1487 2203 1571 2245 ἐνο-

128 2262 287 2316 χληθεις
307 2278 374 2302 και
406 2259 723 2315 ἀναβαλλόμενος
752 2258 858 2314 ὅμως
885 2256 1032 2314 υπέστη
1059 2256 1133 2314 τὴν
1159 2261 1395 2314 συμμαχίαν.
1425 2264 1568 2310 Quodsi

128 2335 263 2361 verum
282 2323 495 2370 Fragmenti
515 2334 650 2359 nexum
673 2323 834 2360 assecuti
859 2333 1009 2366 sumus,
1040 2322 1123 2369 ipsa
1143 2322 1326 2358 sententia
1353 2321 1456 2358 haud
1476 2321 1572 2357 diffi-

59 2379 62 2382 ’
127 2381 237 2417 cilem
256 2380 370 2417 habet
389 2380 690 2427 explicationem.
724 2378 960 2415 Mithridates
976 2378 1073 2414 enim
1091 2379 1172 2417 sive
1193 2378 1274 2414 eius
1294 2379 1442 2426 legatus
1458 2389 1570 2425 quum

129 2436 167 2474 id
197 2440 304 2485 agat,
344 2439 382 2473 ut
411 2435 563 2484 Tigrani
594 2436 840 2483 persuadeat,
880 2435 951 2471 nisi
980 2440 1122 2471 mature
1150 2435 1331 2472 Romanis
1361 2444 1506 2471 summa
1531 2434 1571 2470 ‘vi

127 2498 319 2539 occurrat,
346 2495 444 2538 sore,
477 2497 514 2529 ut
539 2493 700 2537 bellum,
732 2503 805 2539 quo
827 2491 1003 2527 Ponticus
1031 2503 1099 2528 rex
1118 2503 1216 2528 nunc
1242 2493 1346 2528 solus
1366 2494 1569 2538 prematur,

127 2551 166 2587 in
190 2550 408 2587 Armeniam
435 2561 582 2597 quoque
614 2553 798 2592 transeat,
840 2548 889 2584 ad
913 2549 1070 2596 periculi
1102 2548 1325 2584 imminentis
1346 2546 1570 2594 magnitudi-

129 2619 213 2644 nem
247 2607 578 2643 demonstrandam
611 2607 784 2652 exempto
814 2606 923 2641 utitur
952 2605 1116 2641 incendii
1147 2606 1266 2649 acris,
1298 2603 1399 2651 quod
1428 2603 1464 2638 in
1494 2604 1569 2650 pri-

127 2666 198 2701 mis
226 2664 383 2700 aedibus
401 2675 479 2699 -non
500 2665 622 2700 statim
642 2673 855 2709 repressum
882 2663 916 2697 in
938 2663 1149 2708 proximam
1177 2671 1323 2708 quoque
1349 2659 1500 2697 domum
1526 2671 1567 2695 se

126 2721 296 2758 effimdat
322 2731 480 2768 eamque
501 2722 683 2758 absumat.
712 2739 769 2744 -
796 2719 981 2755 Orationis
1003 2719 1121 2754 torma
1149 2717 1368 2754 insolentius
1396 2717 1447 2752 ita
1466 2727 1568 2752 eom-

125 2783 257 2826 parata
276 2782 354 2823 est,
388 2782 443 2821 ut,
482 2789 577 2823 quae
599 2778 714 2814 verba
735 2787 783 2811 ex
803 2786 1028 2821 praegresso
1049 2777 1122 2811 scis
1142 2785 1326 2821 suspensa
1346 2784 1433 2808 esse
1455 2772 1566 2809 debe-
