1774 3002
149 165 235 209 356
631 171 671 208 C.
690 169 932 210 ,SALLUSTI
961 171 1111 211 CRISPI

291 298 357 342 70.
413 294 546 341 Curio
580 294 941 343 Volcanaliorum
965 297 1035 344 die
1060 298 1220 345 ibidem
1250 300 1460 344 moratus.

290 381 357 424 71.
417 379 651 440 Religione
683 379 1043 427 Volcanaliorum
1069 381 1315 442 impeditus.

291 465 358 508 72.
419 462 527 518 Quis
552 463 595 508 in
627 477 840 523 praesens
869 463 1001 509 modo
1032 464 1139 511 satis
1169 467 1343 511 cautum
1373 464 1528 509 fuerat.

290 549 357 592 73.
413 547 619 608 Magnam
650 561 840 593 exorsus
871 547 1125 594 orationem.

290 632 356 675 74.
413 629 634 692 Impotens
665 634 708 676 et
741 630 901 676 nimius
928 616 1057 677 animi
1085 634 1166 677 est.

153 793 274 834 ceret,
304 801 442 827 caussa
474 790 697 834 exstitisset,
723 791 793 826 tale
816 790 905 837 quid
929 792 974 827 ab
996 802 1040 827 eo
1062 791 1240 838 scriptum
1261 791 1377 827 fuisse
1403 789 1594 836 suspicor:

153 846 358 891 „Dominus
387 843 564 896 (quisque
587 847 647 883 ille
669 847 755 892 fuit)
779 849 994 894 yravissimo
1015 848 1196 894 supplicio
1215 857 1341 884 servos
1361 846 1506 894 affecit,
1534 844 1596 891 qui

151 906 347 949 praetores
377 904 522 940 facibus
554 904 626 940 sibi
656 904 919 950 praelucentes
954 906 1145 940 ambustas
1176 905 1211 940 in
1248 904 1354 940 tectis
1390 903 1470 939 sine
1506 912 1597 938 cura

152 960 421 1007 reliquerant.“
463 961 593 1008 Neque
623 963 747 996 tamen
775 961 930 997 multum
959 960 1046 997 huic
1074 961 1311 997 coniecturae
1332 960 1465 1004 tribuo,
1489 958 1596 994 sacile

152 1027 426 1064 concessurus,
444 1017 477 1053 si
505 1018 589 1065 quis
610 1017 901 1064 probabiliorem
931 1018 1002 1054 loci
1026 1018 1175 1054 obscuri
1207 1017 1492 1066 explicationem
1511 1025 1596 1063 pro-

151 1072 302 1110 diderit.
1334 1095 1337 1097 >

264 1131 326 1167 Fr.
347 1133 406 1170 70.
448 1129 563 1176 [Cort.
593 1142 630 1178 p.
657 1132 738 1169 990.
767 1130 864 1167 Gerl.
893 1130 954 1166 ed.
976 1132 1063 1168 mai.
1084 1131 1148 1177 IV,
1178 1134 1235 1169 13.
1261 1130 1322 1167 ed.
1344 1130 1433 1165 min.
1454 1128 1514 1173 111,
1535 1130 1594 1166 31.

74 1203 80 1205 f
149 1198 190 1234 p.
210 1189 293 1233 217,
315 1192 374 1227 11.
398 1188 509 1224 Debr.
530 1187 574 1232 II,
597 1187 695 1231 149.]
743 1187 868 1224 Verba
890 1198 937 1223 ex
957 1189 1050 1224 libro
1072 1188 1136 1223 IV.
1159 1187 1286 1224 laudat
1307 1187 1402 1224 Non.
1421 1185 1519 1229 VIII,
1535 1186 1595 1222 49.

150 1255 190 1291 p.
215 1246 298 1290 489,
324 1246 385 1284 26.
406 1245 524 1280 Merc.
569 1243 740 1280 Eundem
762 1243 852 1281 Sall.
874 1245 997 1281 locum
1019 1245 1209 1292 respicere
1230 1244 1378 1280 videtur
1399 1241 1544 1279 Charis.
1567 1240 1594 1284 I,

153 1302 208 1347 17,
237 1303 296 1339 18.
328 1313 368 1349 p.
394 1303 454 1340 34.
485 1300 654 1337 Lindem.
685 1302 742 1346 (p.
770 1303 830 1339 46.
859 1302 932 1348 P.),
957 1301 1175 1339 Sallustium
1197 1301 1340 1338 dixisse
1360 1300 1528 1336 reserens
1547 1297 1598 1332 ΕΙ

161 1357 460 1395 Volcanaliorum
479 1358 549 1403 (ita
572 1358 670 1394 enim
691 1358 729 1395 in
753 1357 840 1393 cod.
861 1358 1018 1405 Neapol.
1042 1362 1099 1394 est
1117 1369 1185 1406 pro
1207 1361 1242 1393 et
1264 1357 1431 1402 Vulcani„
1451 1359 1491 1391 ut
1511 1353 1596 1390 cdd.

151 1413 322 1460 habent).
380 1415 416 1452 A
452 1415 572 1451 Nonio
608 1414 797 1461 discrepat
826 1415 1025 1462 Pompeius
1051 1414 1252 1451 Comment.
1283 1415 1320 1450 in
1347 1414 1426 1450 Art.
1448 1412 1540 1448 Don.
1561 1422 1597 1458 p.

153 1473 234 1509 163.
255 1471 317 1507 ed.
339 1471 510 1508 Lindem.
532 1470 665 1508 eadem
686 1472 804 1507 verba
824 1471 877 1507 sic
899 1471 1105 1508 exhibens:
1147 1471 1255 1508 Curio
1281 1471 1410 1508 ibidem
1430 1471 1597 1505 moratur

151 1529 300 1575 reqione
338 1528 660 1568 Vulcanaliorum5
689 1527 758 1564 sed
786 1530 933 1575 regione
963 1529 1158 1565 scribentis
1189 1539 1292 1564 error
1322 1531 1380 1564 est
1408 1535 1477 1574 pro
1507 1525 1594 1561 reli-

149 1585 277 1631 9ione,
315 1589 355 1621 ut
384 1597 438 1625 ex,
454 1585 482 1621 F
485 1596 515 1622 r.
549 1596 628 1632 seq.
647 1588 782 1631 -patet3
812 1589 960 1621 ceterae
989 1585 1228 1622 diversitates
1247 1584 1334 1622 inde
1356 1580 1596 1631 repetendae,

153 1641 255 1687 quod
290 1642 557 1688 grammaticus
593 1642 717 1677 locum
755 1642 967 1679 memoriter
991 1634 1133 1678 attulit.
1192 1642 1233 1677 In
1267 1641 1339 1678 hoc
1370 1640 1594 1687 Fragmento

153 1709 265 1744 quum
288 1708 475 1744 persona,
506 1709 587 1744 res,
607 1699 713 1733 locus
736 1701 846 1744 atque
867 1702 1013 1746 tempus
1038 1699 1115 1734 sint
1135 1698 1404 1742 incertissima,
1428 1698 1594 1743 praestat

152 1755 454 1801 explicationem*
471 1755 587 1801 plane
619 1764 694 1789 non
730 1755 933 1801 attingere,
974 1765 1085 1801 quam
1114 1755 1356 1791 temeritatem
1383 1752 1491 1799 sequi
1524 1751 1594 1787 De-

151 1811 292 1848 brossii
320 1814 357 1847 et
388 1811 595 1855 Gerlachii,
627 1811 689 1857 qui
719 1809 838 1847 Scrib.
861 1810 1079 1856 Curionem,
1101 1821 1133 1846 a.
1154 1813 1213 1850 75.
1233 1813 1292 1850 74.
1314 1812 1372 1850 73.
1387 1821 1429 1846 a.
1451 1807 1538 1845 Chr.
1556 1818 1592 1843 n.

152 1859 399 1904 Macedoniae
429 1868 711 1915 proconsulem,
744 1868 782 1903 in
810 1868 1007 1914 provincia
1037 1878 1106 1903 sua
1128 1867 1431 1904 Volcanaliorum
1459 1865 1593 1901 festum

153 1925 368 1962 celebrasse
389 1926 532 1970 volunt,
558 1924 618 1960 eui
636 1928 878 1971 portentosae
902 1924 1196 1972 interpretationi
1223 1928 1262 1960 ut
1275 1923 1396 1960 fidem
1415 1923 1593 1966 facerent,

154 1982 214 2017 ille
231 1982 496 2029 Fragmentum
516 1982 553 2017 in
574 1980 782 2017 secundum
800 1980 945 2028 librum,
965 1981 1026 2018 hic
1047 1981 1086 2016 in
1111 1981 1254 2017 tertium
1276 1980 1474 2025 transtulit,
1496 1977 1594 2014 scili-

153 2042 212 2074 cet
248 2039 476 2086 gravissimo
513 2041 731 2086 argumento
765 2039 854 2074 moti
891 2040 957 2084 (v.
992 2038 1088 2076 Gerl.
1122 2038 1208 2074 Vol.
1244 2038 1307 2074 ΠΙ.
1340 2048 1376 2085 p.
1413 2036 1512 2080 112.)
1545 2033 1592 2070 de

155 2094 313 2131 Curione
335 2098 467 2142 quarto
487 2096 581 2131 libro
591 2095 665 2142 fagi
688 2105 763 2130 non
782 2094 965 2142 potuisse.
1023 2094 1073 2131 At
1093 2105 1184 2130 sane
1201 2094 1320 2142 potuit
1328 2104 1339 2139 ;
1368 2104 1454 2129 nam
1479 2102 1592 2140 quum

153 2162 252 2187 anno
289 2151 439 2188 demum
473 2154 532 2191 71.
569 2163 604 2188 a.
634 2150 721 2187 Chr.
750 2162 787 2187 n.
818 2151 1044 2198 triumphum
1079 2150 1126 2186 de
1160 2150 1346 2188 Dardanis
1379 2153 1510 2198 ageret
1534 2150 1592 2194 (v.

153 2207 299 2255 Zumpt.
320 2207 369 2243 ad
390 2207 466 2244 Cic.
490 2209 526 2244 in
553 2209 663 2253 Verr.
687 2207 773 2244 Act.
795 2208 820 2243 Ι.
841 2219 875 2243 c.
899 2209 934 2254 7,
954 2211 1011 2246 18.
1033 2219 1070 2254 p.
1093 2209 1152 2247 64.
1176 2206 1252 2245 Cic.
1273 2209 1311 2244 in
1330 2207 1457 2243 Pison.
1478 2217 1511 2242 c.
1534 2207 1591 2250 19,

152 2266 208 2302 44.
233 2265 319 2300 coll.
343 2264 502 2302 Ellendt.
529 2265 567 2300 in
587 2265 682 2300 Hist.
713 2265 810 2311 eloq.
839 2275 934 2300 rom.
963 2265 1076 2300 Bruto
1105 2265 1316 2312 praemissa
1337 2267 1372 2308 §-
1391 2266 1454 2303 32.
1468 2274 1509 2310 Ρ.
1528 2263 1591 2300 86.

154 2319 217 2356 ed.
237 2320 316 2367 IL),
335 2320 428 2357 nihil
447 2320 616 2368 impedit,
638 2321 836 2368 quominus
857 2331 902 2357 ea
922 2332 983 2357 res
1006 2321 1044 2356 in
1063 2321 1128 2357 IV.
1151 2321 1245 2358 libro
1267 2323 1591 2362 commemoretur.

153 2377 265 2422 Quod
298 2377 330 2414 si
361 2377 444 2424 quis
476 2377 650 2413 coniiciat
679 2377 729 2413 ad
747 2377 845 2414 hanc
866 2378 986 2424 ipsam
1011 2388 1090 2413 rem
1109 2378 1296 2426 pertinere
1315 2376 1590 2425 Fragmentum,

154 2445 176 2470 a
194 2445 288 2470 vero
311 2435 472 2471 sortasse
494 2445 570 2470 non
591 2434 769 2479 abfuerit,
804 2433 874 2470 sed
902 2436 1130 2482 argumentis
1151 2434 1191 2471 id
1212 2434 1447 2483 comprobari
1468 2436 1591 2481 potest

154 2490 279 2527 nullis.

264 2547 327 2583 Fr.
348 2549 404 2586 71.
448 2546 578 2592 [Deest
598 2546 700 2593 apud
721 2545 817 2582 Cort.
838 2565 894 2571 —
922 2546 1018 2584 Gerl.
1047 2547 1108 2583 ed.
1136 2548 1222 2584 mai.
1242 2547 1305 2592 IV,
1329 2550 1386 2586 14.
1414 2546 1475 2582 ed.
1498 2546 1587 2582 min.

153 2603 196 2649 ΙΙ,
232 2606 291 2642 32.
325 2615 360 2650 Ρ.
397 2606 478 2647 217,
512 2607 569 2642 12.
603 2602 713 2639 Debr.
753 2603 814 2648 III,
846 2604 943 2648 149]
1000 2605 1151 2652 Legitur
1189 2605 1248 2641 Fr.
1289 2603 1391 2651 apud
1423 2603 1588 2649 Pompei.

155 2659 359 2696 Comment.
382 2659 419 2695 in
446 2659 527 2695 Art.
549 2660 644 2696 Don.
663 2671 702 2707 p.
721 2662 802 2697 222.
825 2659 885 2696 ed.
906 2660 1074 2696 Lindem.
1116 2660 1362 2706 Quantumvis
1389 2660 1587 2695 obscurum

155 2717 201 2752 sit
218 2715 366 2764 Fragm.
387 2716 643 2762 praecedens,
672 2721 798 2753 tamen
822 2715 981 2752 dubitari
1013 2718 1158 2765 nequit,
1187 2718 1275 2765 quin
1295 2716 1367 2752 hoe
1391 2715 1484 2751 etin
1505 2715 1586 2751 eius

153 2772 315 2809 confinio
334 2773 454 2817 suerit,
481 2777 517 2808 et
536 2773 698 2810 eandem
720 2783 798 2809 rem
821 2776 977 2821 spectet.
