1774 3002
490 195 820 237 fflSTORlARUM
844 193 1158 238 FRAGMENTA.
1216 194 1304 231 LIB.
1334 195 1365 231 1.
1589 188 1645 234 41

149 337 173 373 2
208 324 353 386 magis
370 337 500 386 quam
523 322 775 370 ulciscendo
801 319 1045 368 teneamini.
1094 317 1315 366 satellites
1341 319 1517 380 quidem
1535 319 1647 376 eius,

0 417 3 472 j
209 409 408 457 homines
426 406 618 454 maxumi
642 405 843 461 nominis,
868 403 1059 465 optumis
1077 403 1291 450 maiorum
1309 402 1539 463 exemplis,
1562 418 1649 449 ne-

0 498 35 537 [s
208 507 325 554 queo
342 492 450 539 satis
472 490 641 546 mirari,
676 489 750 552 qui
768 487 1075 535 dominationis
1097 487 1142 534 in
1159 501 1244 533 vos
1268 486 1495 533 servitium
1518 501 1650 533 suum

0 555 2 560 ⁷
210 575 453 625 memedem
466 574 599 635 dant,
631 575 675 620 et
704 574 939 636 utrumque
967 587 1048 635 per
1065 570 1264 636 iniuriam
1289 570 1475 627 malunt,
1518 585 1647 635 quam

206 711 442 751 mumdum
457 716 531 759 σει,
555 716 599 750 ut
613 722 731 760 neque
749 722 812 750 vos
830 711 1099 759 capiamini.
1140 709 1263 754 Quare
1283 720 1396 756 quum
1416 715 1544 747 nostro
1565 712 1650 748 loeo

142 790 144 792 v
206 770 342 808 sensus
362 769 525 817 sitique
552 769 681 806 vobis
706 768 1049 806 circumventis
1071 767 1307 803 eliniuria
1330 769 1579 813 oppressis
1605 768 1648 804 11·-

206 826 356 862 bertam
377 836 509 871 curam
526 827 677 862 miseria
692 827 849 870 eximat,
878 835 953 861 non
971 822 1214 860 dubitandum
1234 826 1312 866 est,
1329 824 1433 869 ,quin
1452 824 1536 860 Vat.
1558 829 1592 863 1.
1614 828 1652 861 et

205 884 241 920 3.
268 882 379 919 lectio
398 878 509 918 unie'e
531 893 625 919 vera
653 882 713 918 sit.
732 903 792 910 -—-
819 881 868 927 In
883 880 1092 918 vitandis
1099 879 1279 927 periculis
1294 890 1343 914 ex
1362 878 1484 918 Vatie.
1507 884 1544 918 l.
1564 892 1651 930 eum

205 938 346 975 Orellio
365 939 585 986 scripsimus
596 949 607 983 ;
633 938 881 979 eeterieodd.
903 942 941 974 et
959 936 1048 973 edd.
1069 946 1200 973 omnes
1218 935 1357 972 habent
1375 936 1414 972 in
1434 937 1652 974 tutandis

202 1004 302 1042 pen,
317 994 431 1042 quod
448 994 533 1032 sive
552 995 744 1031 oculorum
759 1005 886 1030 errore
909 994 997 1030 sive
1013 991 1296 1039 interpolatione
1316 996 1437 1028 ortum
1457 994 1574 1030 multo
1593 997 1652 1030 est

207 1051 372 1099 deterius
396 1054 435 1087 et
456 1061 481 1086 a
500 1050 669 1097 Sallustii
695 1050 844 1086 dicendi
872 1061 975 1086 more
1004 1049 1190 1086 abhorret.
1211 1067 1271 1076 —
1314 1047 1414 1084 Ante
1442 1050 1651 1086 ulcssoendo

204 1109 244 1144 in
263 1106 353 1144 edd.
369 1105 672 1151 coritisweissii
692 1107 953 1153 nonnullisque
970 1106 1054 1143 aliis
1080 1104 1250 1141 additum
1271 1109 1330 1142 est
1349 1106 1400 1150 in,
1420 1106 1523 1152 quod
1537 1117 1651 1154 quum

205 1164 244 1200 in
273 1163 376 1200 nullo
406 1163 494 1199 eod.
523 1166 668 1208 exstet·,
699 1175 784 1199 eum
813 1163 1011 1200 Gerlaehio
1041 1167 1079 1199 et
1101 1158 1240 1198 Orellio
1267 1162 1475 1203 omisimus.
1516 1163 1651 1208 Quam—

204 1230 315 1268 quam
330 1223 456 1257 autem
472 1219 680 1256 seeundum
698 1231 757 1265 ea,
783 1231 879 1267 quae
895 1219 946 1256 ad
961 1219 1067 1256 Catil.
1086 1230 1120 1254 c.
1139 1218 1267 1263 XLIX,
1287 1223 1322 1257 1.
1344 1219 1433 1254 etin
1449 1219 1650 1256 Grammat.

204 1277 268 1312 lat.
289 1279 407 1312 nostr.
428 1279 462 1324 s.
485 1278 573 1321 130,
594 1279 630 1315 8.
651 1287 689 1323 p.
710 1278 792 1316 416.
814 1276 862 1313 de
877 1275 1090 1314 reiteranda
1107 1275 1386 1322 praepositione
1409 1275 1585 1320 diximus,
1610 1275 1649 1312 h.

206 1333 231 1368 l.
251 1334 293 1370 in
306 1331 551 1380 repetendum
572 1334 690 1369 fuisse
716 1334 923 1380 putaveris,
952 1338 1074 1370 tamen
1096 1332 1134 1368 in
1154 1333 1362 1378 posteriore
1383 1334 1550 1369 membro
1575 1343 1650 1368 non

204 1389 370 1434 incuria,
408 1399 532 1436 neque
563 1390 611 1426 ob
637 1389 861 1426 variandam
892 1392 1114 1426 structuram
1133 1388 1337 1431 omissum,
1370 1389 1440 1425 sed
1459 1389 1584 1436 potius
1614 1389 1650 1426 in

203 1445 330 1492 priore
348 1449 502 1492 propter
521 1446 749 1492 singularem
775 1457 820 1482 ae
843 1445 1073 1482 subtiliorem
1096 1444 1286 1492 quandam
1295 1455 1447 1483 dsensus
1469 1446 1651 1483 rationem

205 1501 374 1538 additum
391 1501 554 1538 videtur.
588 1502 812 1549 Nam-quum
830 1502 1009 1540 tenes-ia]
1016 1502 1126 1548 iqua
1145 1510 1195 1537 re
1212 1501 1399 1548 significet
1421 1506 1566 1538 totum
1581 1503 1651 1539 ali-

204 1562 567 1606 quamocoupanm
586 1559 626 1594 in
643 1568 759 1606 eaque
775 1567 985 1605 prorsus
1006 1557 1224 1605 defixum
1242 1567 1323 1596 esse
1341 1559 1419 1603 (eL
1441 1557 1518 1594 Cic.
1535 1558 1584 1595 de
1604 1560 1650 1596 N.

205 1614 252 1650 Ι).
269 1614 392 1659 1,·17,
410 1617 471 1653 45.
510 1614 660 1652 Aeadd.
681 1615 717 1659 1,
736 1618 779 1659 2,
797 1615 879 1659 4.)‚
902 1614 1104 1652 Sallustius
1126 1613 1221 1650 dixit
1242 1615 1289 1650 in
1311 1614 1588 1662 vitandssper„
1611 1619 1652 1652 ut

205 1669 434 1718 significaret
451 1671 581 1708 timere
601 1682 658 1716 se,
681 1682 729 1707 ne
743 1672 870 1718 plebis
891 1672 951 1708 vis
971 1672 1010 1707 in
1029 1671 1184 1718 singulis
1202 1672 1380 1717 perieulis
1399 1671 1557 1709 vetandis
1574 1673 1650 1709 dis-

199 1730 387 1774 per-patm-
408 1728 557 1774 potius,
589 1728 701 1775 quam
723 1728 932 1765 coniunctis
955 1728 1120 1764 omnium
1143 1727 1279 1764 studiis
1309 1732 1387 1765 tota
1411 1729 1651 1776 inultionem

206 1784 347 1821 intenta
365 1783 426 1820 sit.
1414 1799 1424 1804 ·
1448 1789 1454 1792 ”

315 1843 350 1883 S·
378 1844 414 1878 2.
462 1841 657 1885 satellites)
706 1841 797 1887 Non·
821 1839 976 1887 intelligi
1001 1840 1202 1886 stipatores
1224 1843 1395 1888 eorporis
1420 1853 1489 1889 per
1514 1854 1556 1878 se
1586 1854 1651 1890 pa-

146 1925 157 1931 ,
205 1899 280 1940 tet;
310 1894 380 1932 sed
411 1896 707 1934 invidiosissimo
736 1899 885 1934 nomine
920 1896 1177 1943 significantur
1206 1899 1374 1942 nobiles,
1404 1900 1467 1945 qui
1494 1909 1517 1934 a
1546 1898 1652 1936 Sulla

207 1952 341 1999 opibus
366 1952 646 2000 honoribusque
667 1955 766 1989 aucti
794 1954 877 1989 eius
904 1964 1066 1989 caussae
1086 1953 1261 1989 favebant
1288 1958 1325 1989 et
1350 1966 1419 2000 pro
1439 1954 1523 1991 eius
1548 1955 1653 1991 insti·

207 2008 295 2043 tutis
324 2018 370 2042 ae
395 2007 544 2054 legibus
570 2010 705 2044 aeriter
732 2010 955 2045 nitebantur.
1006 2009 1098 2045 Post>
1121 2011 1277 2046 nominis
1306 2011 1343 2046 in
1372 2011 1546 2047 omnibus
1573 2012 1651 2048 fere

208 2061 312 2099 editt.
332 2061 410 2098 sed.
422 2064 461 2098 in
480 2063 583 2100 nullo
606 2063 691 2100 eod.
712 2065 848 2112 legitur
866 2075 940 2101 non
958 2065 1100 2105 minus;
1121 2065 1223 2111 quod
1241 2078 1354 2113 quum
1373 2078 1442 2114 per
1462 2077 1504 2104 se
1522 2069 1651 2104 absur-

209 2117 297 2154 dum
317 2118 378 2162 sit,
401 2119 573 2156 codicum
602 2119 677 2156 fide
698 2125 836 2165 eareat,
868 2125 904 2157 et
922 2125 1050 2167 aperte
1080 2120 1332 2169 dittographia
1350 2134 1399 2159 ex
1421 2134 1650 2172 praegresso

209 2174 392 2214 vocabulo
417 2179 539 2212 ortum
570 2177 637 2220 sit,
669 2188 753 2212 eum
782 2177 880 2213 Gerl.
910 2177 1117 2227 etQOrellio
1133 2177 1355 2216 delevimus.
1385 2181 1434 2217 ef.
1462 2191 1578 2228 supra
1600 2181 1650 2218 ad

208 2231 268 2266 Fr.
289 2230 326 2273 1,
345 2233 406 2270 33.
424 2252 483 2260 ——
518 2232 682 2269 Ablativi
704 2234 911 2280 qualitatis,
931 2235 1089 2281 optmnis
1107 2236 1289 2272 maim-mn
1306 2239 1499 2286 exemplis,
1522 2238 1649 2284 paullo

208 2286 361 2323 liberius
384 2288 518 2334 positi,
554 2289 702 2325 valent:
740 2290 869 2337 quitus
888 2292 1038 2338 opuntia
1055 2292 1237 2328 maiorum
1255 2295 1429 2342 exempla
1448 2298 1554 2338 nnat,
1589 2295 1648 2330 vel

205 2342 336 2390 quibus
355 2344 514 2386 maiores
531 2348 679 2392 opum
698 2345 895 2384 honestans
912 2348 1085 2395 exempla
1105 2349 1342 2396 reliqum-mut.
1362 2371 1412 2377 -
1451 2350 1524 2396 Qui
1534 2351 1648 2387 donui-

206 2400 363 2435 nationss
380 2401 420 2435 in
444 2409 508 2436 vos
525 2401 696 2438 codicum
714 2404 934 2440 anctoritate
951 2415 1037 2440 eum
1057 2404 1156 2440 Gerl.
1177 2410 1214 2441 et
1241 2406 1380 2443 Orellio
1402 2408 1648 2454 scripsimus;

208 2466 293 2491 nam
314 2453 482 2499 Cottius,
511 2456 703 2495 Gruterum
722 2463 894 2504 secutus,
925 2460 1103 2497 omiserat
1120 2463 1201 2508 qui,
1224 2473 1297 2508 quo
1319 2465 1439 2499 oratio
1461 2463 1574 2500 valde
1592 2462 1649 2499 hi-

207 2510 292 2548 'ulea
320 2511 418 2547 faeta
442 2515 512 2548 est.
549 2513 636 2549 Alio
663 2514 776 2551 modo
804 2520 1000 2562 peecatum
1029 2517 1097 2552 fuit
1125 2517 1163 2552 in
1190 2518 1376 2555 Gerlaehii
1405 2519 1467 2556 ed.
1493 2520 1648 2563 maiore,

207 2567 269 2604 ubi
280 2568 420 2613 pariter
435 2572 563 2604 contra
573 2569 684 2606 codd.
696 2580 789 2608 me
800 2572 982 2608 insertum
992 2573 1128 2620 legitur
1142 2578 1230 2620 post
1239 2575 1503 2621 ἀοηιὺιαϋοηιζς,
1522 2577 1648 2622 inepto

134 2633 142 2637 ⁸
181 2641 186 2644 ·
209 2633 346 2667 sensu;
375 2634 463 2659 nam
483 2636 596 2671 quum
618 2628 804 2673 oppositio
826 2630 1032 2665 sententiae
1055 2641 1131 2665 non
1150 2630 1263 2671 modo
1286 2636 1459 2669 cernatur
1479 2633 1517 2668 in
1536 2643 1649 2668 voca-

208 2680 307 2716 bulis
332 2679 586 2717 dontinationis
611 2686 648 2717 et
665 2685 869 2730 Servilium,
897 2685 968 2721 sed
991 2686 1107 2726 multo
1128 2688 1251 2734 magis
1283 2688 1321 2723 in
1343 2690 1500 2725 vocibus
1525 2691 1563 2725 in
1585 2697 1649 2724 vos

209 2738 246 2770 et
262 2745 381 2782 suum,
399 2736 494 2773 haee
513 2748 757 2783 personarum
771 2741 958 2787 oppositio
977 2743 1133 2788 prorsus
1151 2745 1387 2789 pervertitur,
1409 2744 1544 2780 eodem
1562 2755 1647 2790 pro-

210 2792 358 2827 nomine
377 2794 600 2839 possessivo
613 2821 622 2837 ‚
654 2795 756 2841 quod
774 2796 811 2832 in
830 2798 1037 2845 posteriore
1057 2800 1221 2836 membro
1244 2802 1500 2839 necessarium
1524 2802 1645 2838 locum
