<?xml version="1.0" encoding="UTF-8"?>
<!DOCTYPE html PUBLIC "-//W3C//DTD XHTML 1.0 Transitional//EN"
    "http://www.w3.org/TR/xhtml1/DTD/xhtml1-transitional.dtd">
<html xmlns="http://www.w3.org/1999/xhtml" xml:lang="en" lang="en">
 <head>
  <title>
</title>
<meta http-equiv="Content-Type" content="text/html;charset=utf-8" />
  <meta name='ocr-system' content='tesseract 3.04.00' />
  <meta name='ocr-capabilities' content='ocr_page ocr_carea ocr_par ocr_line ocrx_word'/>
</head>
<body>
  <div class='ocr_page' id='page_1' title='image "./operaquaesupersu03salluoft_0219.png"; bbox 0 0 1774 3002; ppageno 0'>
   <div class='ocr_carea' id='block_1_1' title="bbox 457 163 1627 209">
    <p class='ocr_par' dir='ltr' id='par_1_1' title="bbox 457 163 1627 209">
     <span class='ocr_line' id='line_1_1' title="bbox 457 163 1627 209; baseline -0.003 -1"><span class='ocrx_word' id='word_1_1' title='bbox 457 168 788 209; x_wconf 75' lang='lat' dir='ltr'>HISTORIARUM</span> <span class='ocrx_word' id='word_1_2' title='bbox 815 167 1130 206; x_wconf 71' lang='lat' dir='ltr'>FRAGmNTA.</span> <span class='ocrx_word' id='word_1_3' title='bbox 1188 167 1276 205; x_wconf 87' lang='lat' dir='ltr'>LIB.</span> <span class='ocrx_word' id='word_1_4' title='bbox 1307 168 1351 204; x_wconf 89' lang='grc' dir='ltr'>ΙΙ.</span> <span class='ocrx_word' id='word_1_5' title='bbox 1542 163 1627 207; x_wconf 73' lang='lat'>109</span> 
     </span>
    </p>
   </div>
   <div class='ocr_carea' id='block_1_2' title="bbox 128 290 1630 770">
    <p class='ocr_par' dir='ltr' id='par_1_2' title="bbox 128 290 1630 770">
     <span class='ocr_line' id='line_1_2' title="bbox 182 290 1625 353; baseline -0.004 -9"><span class='ocrx_word' id='word_1_6' title='bbox 182 297 310 344; x_wconf 67' lang='lat' dir='ltr'>uobis</span> <span class='ocrx_word' id='word_1_7' title='bbox 330 293 604 346; x_wconf 72' lang='lat' dir='ltr'>incommodi</span> <span class='ocrx_word' id='word_1_8' title='bbox 640 293 851 351; x_wconf 79' lang='lat' dir='ltr'>demitur3</span> <span class='ocrx_word' id='word_1_9' title='bbox 887 305 1030 353; x_wconf 86' lang='lat' dir='ltr'>neque</span> <span class='ocrx_word' id='word_1_10' title='bbox 1066 305 1171 336; x_wconf 81' lang='lat' dir='ltr'>mox</span> <span class='ocrx_word' id='word_1_11' title='bbox 1209 291 1391 352; x_wconf 84' lang='lat' dir='ltr'>ingenio</span> <span class='ocrx_word' id='word_1_12' title='bbox 1423 290 1625 350; x_wconf 82' lang='lat' dir='ltr'>corporis</span> 
     </span>
     <span class='ocr_line' id='line_1_3' title="bbox 136 374 1622 439; baseline -0.004 -13"><span class='ocrx_word' id='word_1_13' title='bbox 136 399 144 412; x_wconf 70' lang='lat'><strong><em>¹</em></strong></span> <span class='ocrx_word' id='word_1_14' title='bbox 167 378 436 434; x_wconf 65' lang='lat' dir='ltr'>÷houestius·,</span> <span class='ocrx_word' id='word_1_15' title='bbox 467 391 611 439; x_wconf 83' lang='lat' dir='ltr'>quam·</span> <span class='ocrx_word' id='word_1_16' title='bbox 627 391 709 437; x_wconf 84' lang='lat' dir='ltr'>pro</span> <span class='ocrx_word' id='word_1_17' title='bbox 736 379 890 422; x_wconf 82' lang='lat' dir='ltr'>vostra</span> <span class='ocrx_word' id='word_1_18' title='bbox 916 374 1081 430; x_wconf 85' lang='lat' dir='ltr'>salute,</span> <span class='ocrx_word' id='word_1_19' title='bbox 1113 374 1245 420; x_wconf 83' lang='lat' dir='ltr'>finem</span> <span class='ocrx_word' id='word_1_20' title='bbox 1280 375 1396 420; x_wconf 88' lang='lat' dir='ltr'>vitae</span> <span class='ocrx_word' id='word_1_21' title='bbox 1432 374 1622 421; x_wconf 82' lang='lat' dir='ltr'><strong>fecerim.</strong></span> 
     </span>
     <span class='ocr_line' id='line_1_4' title="bbox 130 457 1624 518; baseline -0.005 -7"><span class='ocrx_word' id='word_1_22' title='bbox 130 479 172 513; x_wconf 85' lang='lat'>10</span> <span class='ocrx_word' id='word_1_23' title='bbox 182 463 347 509; x_wconf 82' lang='lat' dir='ltr'><strong>Assum</strong></span> <span class='ocrx_word' id='word_1_24' title='bbox 363 468 433 508; x_wconf 79' lang='lat' dir='ltr'>en</span> <span class='ocrx_word' id='word_1_25' title='bbox 453 461 589 507; x_wconf 88' lang='lat' dir='ltr'>Gaius</span> <span class='ocrx_word' id='word_1_26' title='bbox 615 459 744 506; x_wconf 84' lang='lat' dir='ltr'>Cotta</span> <span class='ocrx_word' id='word_1_27' title='bbox 770 460 949 517; x_wconf 80' lang='lat' dir='ltr'>consul3</span> <span class='ocrx_word' id='word_1_28' title='bbox 980 457 1094 504; x_wconf 80' lang='lat' dir='ltr'>facio</span> <span class='ocrx_word' id='word_1_29' title='bbox 1121 457 1240 518; x_wconf 89' lang='lat' dir='ltr'>quod</span> <span class='ocrx_word' id='word_1_30' title='bbox 1270 472 1405 518; x_wconf 86' lang='lat' dir='ltr'>saepe</span> <span class='ocrx_word' id='word_1_31' title='bbox 1434 457 1624 504; x_wconf 60' lang='lat' dir='ltr'>maiores</span> 
     </span>
     <span class='ocr_line' id='line_1_5' title="bbox 137 541 1624 605; baseline -0.001 -16"><span class='ocrx_word' id='word_1_32' title='bbox 137 565 144 589; x_wconf 83' lang='lat'><em>:</em></span> <span class='ocrx_word' id='word_1_33' title='bbox 181 544 504 605; x_wconf 70' lang='lat' dir='ltr'>asper-isbellis</span> <span class='ocrx_word' id='word_1_34' title='bbox 541 545 709 599; x_wconf 81' lang='lat' dir='ltr'>fecere,</span> <span class='ocrx_word' id='word_1_35' title='bbox 752 557 898 589; x_wconf 88' lang='lat' dir='ltr'>voveo</span> <span class='ocrx_word' id='word_1_36' title='bbox 934 542 1136 602; x_wconf 84' lang='lat' dir='ltr'>dedoque</span> <span class='ocrx_word' id='word_1_37' title='bbox 1164 556 1233 589; x_wconf 88' lang='lat' dir='ltr'>me</span> <span class='ocrx_word' id='word_1_38' title='bbox 1271 556 1353 601; x_wconf 90' lang='lat' dir='ltr'>pro</span> <span class='ocrx_word' id='word_1_39' title='bbox 1387 541 1624 602; x_wconf 83' lang='lat' dir='ltr'>republica,</span> 
     </span>
     <span class='ocr_line' id='line_1_6' title="bbox 128 624 1630 690; baseline -0.001 -15"><span class='ocrx_word' id='word_1_40' title='bbox 128 647 170 681; x_wconf 91' lang='lat'>11</span> <span class='ocrx_word' id='word_1_41' title='bbox 181 637 310 690; x_wconf 74' lang='lat' dir='ltr'>quam</span> <span class='ocrx_word' id='word_1_42' title='bbox 336 627 493 674; x_wconf 86' lang='lat' dir='ltr'>deinde</span> <span class='ocrx_word' id='word_1_43' title='bbox 522 628 592 682; x_wconf 87' lang='lat' dir='ltr'>eui</span> <span class='ocrx_word' id='word_1_44' title='bbox 622 627 836 672; x_wconf 84' lang='lat' dir='ltr'><strong>mandetis</strong></span> <span class='ocrx_word' id='word_1_45' title='bbox 865 624 1195 685; x_wconf 79' lang='lat' dir='ltr'>circumspicite.</span> <span class='ocrx_word' id='word_1_46' title='bbox 1242 625 1349 671; x_wconf 89' lang='lat' dir='ltr'>Nam</span> <span class='ocrx_word' id='word_1_47' title='bbox 1378 625 1507 671; x_wconf 85' lang='lat' dir='ltr'>talem</span> <span class='ocrx_word' id='word_1_48' title='bbox 1536 624 1630 675; x_wconf 71' lang='lat' dir='ltr'>ho-z</span> 
     </span>
     <span class='ocr_line' id='line_1_7' title="bbox 142 707 1629 770; baseline -0.005 -9"><span class='ocrx_word' id='word_1_49' title='bbox 142 712 333 761; x_wconf 43' lang='lat' dir='ltr'>Jenorem</span> <span class='ocrx_word' id='word_1_50' title='bbox 358 712 522 758; x_wconf 15' lang='lat' dir='ltr'>*bonus</span> <span class='ocrx_word' id='word_1_51' title='bbox 545 725 693 757; x_wconf 83' lang='lat' dir='ltr'>nemo</span> <span class='ocrx_word' id='word_1_52' title='bbox 731 709 872 765; x_wconf 85' lang='lat' dir='ltr'>volet,</span> <span class='ocrx_word' id='word_1_53' title='bbox 913 724 1047 770; x_wconf 92' lang='lat' dir='ltr'>quum</span> <span class='ocrx_word' id='word_1_54' title='bbox 1084 710 1286 756; x_wconf 82' lang='lat' dir='ltr'><strong>fortunae</strong></span> <span class='ocrx_word' id='word_1_55' title='bbox 1326 711 1370 754; x_wconf 90' lang='lat' dir='ltr'>et</span> <span class='ocrx_word' id='word_1_56' title='bbox 1409 707 1542 754; x_wconf 85' lang='lat' dir='ltr'>maris</span> <span class='ocrx_word' id='word_1_57' title='bbox 1585 711 1629 755; x_wconf 82' lang='lat' dir='ltr'>et</span> 
     </span>
    </p>
   </div>
   <div class='ocr_carea' id='block_1_3' title="bbox 173 845 1643 2814">
    <p class='ocr_par' dir='ltr' id='par_1_3' title="bbox 173 845 1643 1856">
     <span class='ocr_line' id='line_1_8' title="bbox 183 845 1628 895; baseline -0.001 -11"><span class='ocrx_word' id='word_1_58' title='bbox 183 847 312 884; x_wconf 77' lang='lat' dir='ltr'>talibus</span> <span class='ocrx_word' id='word_1_59' title='bbox 336 848 496 895; x_wconf 58' lang='lat' dir='ltr'>qnynere.</span> <span class='ocrx_word' id='word_1_60' title='bbox 546 846 684 893; x_wconf 84' lang='lat'>111,17.</span> <span class='ocrx_word' id='word_1_61' title='bbox 710 846 844 894; x_wconf 73' lang='lat' dir='ltr'>Puyna</span> <span class='ocrx_word' id='word_1_62' title='bbox 868 848 1054 895; x_wconf 73' lang='lat' dir='ltr'>inqenio</span> <span class='ocrx_word' id='word_1_63' title='bbox 1074 847 1168 884; x_wconf 88' lang='lat' dir='ltr'>loci</span> <span class='ocrx_word' id='word_1_64' title='bbox 1188 845 1466 893; x_wconf 63' lang='lat' dir='ltr'>prohibebatur.</span> <span class='ocrx_word' id='word_1_65' title='bbox 1508 846 1628 887; x_wconf 82' lang='lat' dir='ltr'>Tacit.</span> 
     </span>
     <span class='ocr_line' id='line_1_9' title="bbox 182 902 1631 953; baseline 0 -13"><span class='ocrx_word' id='word_1_66' title='bbox 182 905 281 941; x_wconf 86' lang='lat' dir='ltr'>Ann.</span> <span class='ocrx_word' id='word_1_67' title='bbox 301 904 365 949; x_wconf 89' lang='lat' dir='ltr'>VI,</span> <span class='ocrx_word' id='word_1_68' title='bbox 384 907 442 949; x_wconf 80' lang='lat'>41,</span> <span class='ocrx_word' id='word_1_69' title='bbox 463 908 510 943; x_wconf 91' lang='grc'><strong>1.</strong></span> <span class='ocrx_word' id='word_1_70' title='bbox 525 902 699 940; x_wconf 75' lang='lat' dir='ltr'>Clitarum</span> <span class='ocrx_word' id='word_1_71' title='bbox 731 905 829 940; x_wconf 77' lang='lat' dir='ltr'>natio</span> <span class='ocrx_word' id='word_1_72' title='bbox 864 904 1075 940; x_wconf 87' lang='lat' dir='ltr'>locorum</span> <span class='ocrx_word' id='word_1_73' title='bbox 1103 904 1296 953; x_wconf 61' lang='lat' dir='ltr'>ingenio</span> <span class='ocrx_word' id='word_1_74' title='bbox 1321 912 1403 939; x_wconf 85' lang='lat' dir='ltr'>sese</span> <span class='ocrx_word' id='word_1_75' title='bbox 1430 902 1631 943; x_wconf 72' lang='lat' dir='ltr'>tutabatur.</span> 
     </span>
     <span class='ocr_line' id='line_1_10' title="bbox 182 959 1631 1008; baseline 0 -12"><span class='ocrx_word' id='word_1_76' title='bbox 182 961 278 997; x_wconf 74' lang='lat' dir='ltr'>pun.</span> <span class='ocrx_word' id='word_1_77' title='bbox 296 960 342 997; x_wconf 88' lang='lat' dir='ltr'>H.</span> <span class='ocrx_word' id='word_1_78' title='bbox 352 961 399 997; x_wconf 90' lang='grc' dir='ltr'>Ν.</span> <span class='ocrx_word' id='word_1_79' title='bbox 419 960 518 1005; x_wconf 83' lang='lat' dir='ltr'>XJV,</span> <span class='ocrx_word' id='word_1_80' title='bbox 531 965 564 998; x_wconf 84' lang='lat'>1.</span> <span class='ocrx_word' id='word_1_81' title='bbox 584 960 711 996; x_wconf 85' lang='lat' dir='ltr'>Mores</span> <span class='ocrx_word' id='word_1_82' title='bbox 731 961 823 997; x_wconf 77' lang='lat' dir='ltr'>coeli</span> <span class='ocrx_word' id='word_1_83' title='bbox 836 961 1024 1008; x_wconf 73' lang='lat' dir='ltr'>solique</span> <span class='ocrx_word' id='word_1_84' title='bbox 1042 971 1251 1008; x_wconf 69' lang='lat' dir='ltr'>inyema</span> <span class='ocrx_word' id='word_1_85' title='bbox 1287 959 1435 1004; x_wconf 76' lang='lat' dir='ltr'>Metal,</span> <span class='ocrx_word' id='word_1_86' title='bbox 1450 962 1483 999; x_wconf 88' lang='grc'><strong>7.</strong></span> <span class='ocrx_word' id='word_1_87' title='bbox 1504 959 1631 1007; x_wconf 78' lang='lat' dir='ltr'>Leptis</span> 
     </span>
     <span class='ocr_line' id='line_1_11' title="bbox 184 1016 1629 1066; baseline -0.001 -12.982"><span class='ocrx_word' id='word_1_88' title='bbox 184 1018 302 1053; x_wconf 83' lang='lat' dir='ltr'>altera</span> <span class='ocrx_word' id='word_1_89' title='bbox 321 1018 464 1066; x_wconf 79' lang='lat' dir='ltr'>nomine</span> <span class='ocrx_word' id='word_1_90' title='bbox 485 1020 594 1063; x_wconf 74' lang='lat' dir='ltr'>atque</span> <span class='ocrx_word' id='word_1_91' title='bbox 621 1018 807 1065; x_wconf 66' lang='lat' dir='ltr'>inqenio</span> <span class='ocrx_word' id='word_1_92' title='bbox 820 1028 899 1064; x_wconf 86' lang='lat' dir='ltr'>par</span> <span class='ocrx_word' id='word_1_93' title='bbox 911 1018 1048 1064; x_wconf 68' lang='lat' dir='ltr'>priori.</span> <span class='ocrx_word' id='word_1_94' title='bbox 1090 1016 1265 1064; x_wconf 88' lang='lat' dir='ltr'>Corporis</span> <span class='ocrx_word' id='word_1_95' title='bbox 1290 1019 1415 1052; x_wconf 88' lang='lat' dir='ltr'>autem</span> <span class='ocrx_word' id='word_1_96' title='bbox 1436 1017 1629 1063; x_wconf 80' lang='lat' dir='ltr'>ingenium</span> 
     </span>
     <span class='ocr_line' id='line_1_12' title="bbox 184 1073 1629 1121; baseline 0 -11"><span class='ocrx_word' id='word_1_97' title='bbox 184 1083 312 1120; x_wconf 85' lang='lat' dir='ltr'>quum</span> <span class='ocrx_word' id='word_1_98' title='bbox 326 1074 401 1110; x_wconf 84' lang='lat' dir='ltr'>tale</span> <span class='ocrx_word' id='word_1_99' title='bbox 430 1074 497 1117; x_wconf 86' lang='lat' dir='ltr'>sit,</span> <span class='ocrx_word' id='word_1_100' title='bbox 534 1077 572 1108; x_wconf 88' lang='lat' dir='ltr'>ut</span> <span class='ocrx_word' id='word_1_101' title='bbox 600 1075 685 1120; x_wconf 85' lang='lat' dir='ltr'>lege</span> <span class='ocrx_word' id='word_1_102' title='bbox 714 1077 867 1109; x_wconf 87' lang='lat' dir='ltr'>naturae</span> <span class='ocrx_word' id='word_1_103' title='bbox 899 1074 932 1109; x_wconf 78' lang='lat' dir='ltr'>ei</span> <span class='ocrx_word' id='word_1_104' title='bbox 962 1084 1062 1109; x_wconf 87' lang='lat' dir='ltr'>mors</span> <span class='ocrx_word' id='word_1_105' title='bbox 1095 1074 1143 1110; x_wconf 88' lang='lat' dir='ltr'>sit</span> <span class='ocrx_word' id='word_1_106' title='bbox 1170 1073 1388 1121; x_wconf 81' lang='lat' dir='ltr'>proposita,</span> <span class='ocrx_word' id='word_1_107' title='bbox 1428 1074 1629 1110; x_wconf 87' lang='lat' dir='ltr'>verborum</span> 
     </span>
     <span class='ocr_line' id='line_1_13' title="bbox 184 1129 1643 1181; baseline 0 -14"><span class='ocrx_word' id='word_1_108' title='bbox 184 1129 310 1167; x_wconf 86' lang='lat' dir='ltr'>Cottae</span> <span class='ocrx_word' id='word_1_109' title='bbox 329 1129 425 1166; x_wconf 84' lang='lat' dir='ltr'>haec</span> <span class='ocrx_word' id='word_1_110' title='bbox 447 1140 553 1165; x_wconf 90' lang='lat' dir='ltr'>mens</span> <span class='ocrx_word' id='word_1_111' title='bbox 573 1134 650 1166; x_wconf 82' lang='lat' dir='ltr'>est:</span> <span class='ocrx_word' id='word_1_112' title='bbox 688 1139 824 1177; x_wconf 78' lang='lat' dir='ltr'>neque,</span> <span class='ocrx_word' id='word_1_113' title='bbox 850 1141 961 1177; x_wconf 80' lang='lat' dir='ltr'>quum</span> <span class='ocrx_word' id='word_1_114' title='bbox 980 1134 1068 1177; x_wconf 79' lang='lat' dir='ltr'>post</span> <span class='ocrx_word' id='word_1_115' title='bbox 1085 1130 1192 1167; x_wconf 83' lang='lat' dir='ltr'>breve</span> <span class='ocrx_word' id='word_1_116' title='bbox 1210 1134 1351 1176; x_wconf 80' lang='lat' dir='ltr'>tempus</span> <span class='ocrx_word' id='word_1_117' title='bbox 1369 1133 1528 1166; x_wconf 75' lang='lat' dir='ltr'>naturae</span> <span class='ocrx_word' id='word_1_118' title='bbox 1553 1131 1643 1181; x_wconf 32' lang='lat' dir='ltr'>leye-</span> 
     </span>
     <span class='ocr_line' id='line_1_14' title="bbox 183 1185 1630 1234; baseline 0.001 -11"><span class='ocrx_word' id='word_1_119' title='bbox 183 1186 273 1223; x_wconf 70' lang='lat' dir='ltr'>ntilu</span> <span class='ocrx_word' id='word_1_120' title='bbox 289 1186 514 1223; x_wconf 65' lang='lat' dir='ltr'>mon-sendum</span> <span class='ocrx_word' id='word_1_121' title='bbox 532 1187 594 1232; x_wconf 77' lang='lat' dir='ltr'>sit,</span> <span class='ocrx_word' id='word_1_122' title='bbox 623 1185 693 1222; x_wconf 79' lang='lat' dir='ltr'>hic</span> <span class='ocrx_word' id='word_1_123' title='bbox 700 1187 787 1233; x_wconf 77' lang='lat' dir='ltr'>finis</span> <span class='ocrx_word' id='word_1_124' title='bbox 814 1187 907 1223; x_wconf 78' lang='lat' dir='ltr'>vitae</span> <span class='ocrx_word' id='word_1_125' title='bbox 926 1190 999 1222; x_wconf 75' lang='lat' dir='ltr'>iam</span> <span class='ocrx_word' id='word_1_126' title='bbox 1019 1187 1190 1224; x_wconf 77' lang='lat' dir='ltr'>honestus</span> <span class='ocrx_word' id='word_1_127' title='bbox 1209 1185 1345 1233; x_wconf 85' lang='lat' dir='ltr'>fuerit,</span> <span class='ocrx_word' id='word_1_128' title='bbox 1375 1197 1486 1233; x_wconf 84' lang='lat' dir='ltr'>quam</span> <span class='ocrx_word' id='word_1_129' title='bbox 1503 1188 1538 1223; x_wconf 87' lang='lat' dir='ltr'>si</span> <span class='ocrx_word' id='word_1_130' title='bbox 1551 1198 1630 1234; x_wconf 91' lang='lat' dir='ltr'>pro</span> 
     </span>
     <span class='ocr_line' id='line_1_15' title="bbox 184 1243 1630 1290; baseline 0.001 -11"><span class='ocrx_word' id='word_1_131' title='bbox 184 1246 304 1280; x_wconf 72' lang='lat' dir='ltr'>vestra</span> <span class='ocrx_word' id='word_1_132' title='bbox 321 1243 438 1279; x_wconf 75' lang='lat' dir='ltr'>salute</span> <span class='ocrx_word' id='word_1_133' title='bbox 457 1252 539 1279; x_wconf 87' lang='lat' dir='ltr'>eam</span> <span class='ocrx_word' id='word_1_134' title='bbox 559 1244 730 1279; x_wconf 78' lang='lat' dir='ltr'>voverim.</span> <span class='ocrx_word' id='word_1_135' title='bbox 772 1243 879 1287; x_wconf 84' lang='lat' dir='ltr'>Quod</span> <span class='ocrx_word' id='word_1_136' title='bbox 901 1248 1024 1279; x_wconf 89' lang='lat' dir='ltr'>autem</span> <span class='ocrx_word' id='word_1_137' title='bbox 1045 1255 1114 1290; x_wconf 86' lang='lat' dir='ltr'>pro</span> <span class='ocrx_word' id='word_1_138' title='bbox 1136 1244 1303 1280; x_wconf 69' lang='lat' dir='ltr'>naturali</span> <span class='ocrx_word' id='word_1_139' title='bbox 1318 1247 1434 1279; x_wconf 79' lang='lat' dir='ltr'>morte</span> <span class='ocrx_word' id='word_1_140' title='bbox 1454 1243 1554 1280; x_wconf 82' lang='lat' dir='ltr'>obire</span> <span class='ocrx_word' id='word_1_141' title='bbox 1575 1244 1630 1280; x_wconf 90' lang='lat' dir='ltr'>di-</span> 
     </span>
     <span class='ocr_line' id='line_1_16' title="bbox 182 1299 1629 1346; baseline 0 -10"><span class='ocrx_word' id='word_1_142' title='bbox 182 1300 276 1339; x_wconf 78' lang='lat' dir='ltr'>citur</span> <span class='ocrx_word' id='word_1_143' title='bbox 291 1300 403 1345; x_wconf 77' lang='lat' dir='ltr'>finem</span> <span class='ocrx_word' id='word_1_144' title='bbox 423 1300 514 1335; x_wconf 80' lang='lat' dir='ltr'>vitae</span> <span class='ocrx_word' id='word_1_145' title='bbox 531 1299 584 1346; x_wconf 82' lang='lat' dir='ltr'>fa</span> <span class='ocrx_word' id='word_1_146' title='bbox 595 1309 725 1345; x_wconf 82' lang='lat' dir='ltr'>cere,</span> <span class='ocrx_word' id='word_1_147' title='bbox 755 1299 794 1335; x_wconf 92' lang='lat' dir='ltr'>id</span> <span class='ocrx_word' id='word_1_148' title='bbox 816 1300 951 1336; x_wconf 78' lang='lat' dir='ltr'>sactum</span> <span class='ocrx_word' id='word_1_149' title='bbox 973 1300 1135 1346; x_wconf 85' lang='lat' dir='ltr'>quadam</span> <span class='ocrx_word' id='word_1_150' title='bbox 1158 1299 1308 1336; x_wconf 87' lang='lat' dir='ltr'>dicendi</span> <span class='ocrx_word' id='word_1_151' title='bbox 1337 1300 1420 1336; x_wconf 84' lang='lat' dir='ltr'>sive</span> <span class='ocrx_word' id='word_1_152' title='bbox 1446 1300 1629 1337; x_wconf 85' lang='lat' dir='ltr'>brevitate</span> 
     </span>
     <span class='ocr_line' id='line_1_17' title="bbox 183 1356 1628 1404; baseline 0.001 -12"><span class='ocrx_word' id='word_1_153' title='bbox 183 1357 265 1392; x_wconf 85' lang='lat' dir='ltr'>sive</span> <span class='ocrx_word' id='word_1_154' title='bbox 301 1356 568 1400; x_wconf 75' lang='lat' dir='ltr'>concinnitate,</span> <span class='ocrx_word' id='word_1_155' title='bbox 608 1367 718 1402; x_wconf 91' lang='lat' dir='ltr'>quam</span> <span class='ocrx_word' id='word_1_156' title='bbox 750 1356 1029 1402; x_wconf 78' lang='lat' dir='ltr'>comparativae</span> <span class='ocrx_word' id='word_1_157' title='bbox 1070 1358 1274 1394; x_wconf 83' lang='lat' dir='ltr'>sententiae</span> <span class='ocrx_word' id='word_1_158' title='bbox 1309 1361 1444 1392; x_wconf 86' lang='lat' dir='ltr'>natura</span> <span class='ocrx_word' id='word_1_159' title='bbox 1477 1358 1628 1404; x_wconf 84' lang='lat' dir='ltr'>genuit;</span> 
     </span>
     <span class='ocr_line' id='line_1_18' title="bbox 184 1412 1630 1460; baseline 0.002 -12"><span class='ocrx_word' id='word_1_160' title='bbox 184 1422 269 1448; x_wconf 84' lang='lat' dir='ltr'>nam</span> <span class='ocrx_word' id='word_1_161' title='bbox 296 1423 410 1458; x_wconf 88' lang='lat' dir='ltr'>quum</span> <span class='ocrx_word' id='word_1_162' title='bbox 440 1414 532 1448; x_wconf 78' lang='lat' dir='ltr'>vitae</span> <span class='ocrx_word' id='word_1_163' title='bbox 561 1413 823 1459; x_wconf 77' lang='lat' dir='ltr'>spontefinem</span> <span class='ocrx_word' id='word_1_164' title='bbox 850 1412 878 1459; x_wconf 87' lang='lat' dir='ltr'><em>f</em></span> <span class='ocrx_word' id='word_1_165' title='bbox 882 1422 1023 1449; x_wconf 85' lang='lat' dir='ltr'>acere</span> <span class='ocrx_word' id='word_1_166' title='bbox 1042 1424 1119 1460; x_wconf 94' lang='lat' dir='ltr'>pro</span> <span class='ocrx_word' id='word_1_167' title='bbox 1145 1415 1264 1450; x_wconf 81' lang='lat' dir='ltr'>salute</span> <span class='ocrx_word' id='word_1_168' title='bbox 1294 1413 1446 1449; x_wconf 68' lang='lat' dir='ltr'>civitatis</span> <span class='ocrx_word' id='word_1_169' title='bbox 1474 1417 1511 1449; x_wconf 88' lang='lat' dir='ltr'>et</span> <span class='ocrx_word' id='word_1_170' title='bbox 1537 1415 1630 1451; x_wconf 80' lang='lat' dir='ltr'>vitae</span> 
     </span>
     <span class='ocr_line' id='line_1_19' title="bbox 180 1469 1630 1517; baseline 0.002 -13"><span class='ocrx_word' id='word_1_171' title='bbox 180 1470 292 1516; x_wconf 76' lang='lat' dir='ltr'>finem</span> <span class='ocrx_word' id='word_1_172' title='bbox 310 1469 529 1505; x_wconf 78' lang='lat' dir='ltr'>invenire</span> <span class='ocrx_word' id='word_1_173' title='bbox 549 1470 625 1516; x_wconf 72' lang='lat' dir='ltr'>leye</span> <span class='ocrx_word' id='word_1_174' title='bbox 642 1469 807 1505; x_wconf 79' lang='lat' dir='ltr'>naturali</span> <span class='ocrx_word' id='word_1_175' title='bbox 824 1469 918 1504; x_wconf 87' lang='lat' dir='ltr'>inter</span> <span class='ocrx_word' id='word_1_176' title='bbox 940 1479 981 1504; x_wconf 91' lang='lat' dir='ltr'>se</span> <span class='ocrx_word' id='word_1_177' title='bbox 1001 1475 1238 1517; x_wconf 78' lang='lat' dir='ltr'>comparetur</span> <span class='ocrx_word' id='word_1_178' title='bbox 1258 1473 1434 1516; x_wconf 90' lang='lat' dir='ltr'>respectu</span> <span class='ocrx_word' id='word_1_179' title='bbox 1454 1470 1630 1507; x_wconf 87' lang='lat' dir='ltr'>honesta-</span> 
     </span>
     <span class='ocr_line' id='line_1_20' title="bbox 184 1524 1629 1574; baseline 0.003 -14"><span class='ocrx_word' id='word_1_180' title='bbox 184 1525 230 1561; x_wconf 89' lang='lat' dir='ltr'>tis</span> <span class='ocrx_word' id='word_1_181' title='bbox 244 1553 254 1568; x_wconf 99' lang='lat'>,</span> <span class='ocrx_word' id='word_1_182' title='bbox 276 1524 450 1571; x_wconf 86' lang='lat' dir='ltr'>quoniam</span> <span class='ocrx_word' id='word_1_183' title='bbox 472 1525 535 1561; x_wconf 87' lang='lat' dir='ltr'>illa</span> <span class='ocrx_word' id='word_1_184' title='bbox 553 1526 736 1561; x_wconf 88' lang='lat' dir='ltr'>sententia</span> <span class='ocrx_word' id='word_1_185' title='bbox 757 1536 825 1571; x_wconf 87' lang='lat' dir='ltr'>pro</span> <span class='ocrx_word' id='word_1_186' title='bbox 846 1526 1002 1562; x_wconf 88' lang='lat' dir='ltr'>consilio</span> <span class='ocrx_word' id='word_1_187' title='bbox 1025 1528 1204 1564; x_wconf 87' lang='lat' dir='ltr'>orationis</span> <span class='ocrx_word' id='word_1_188' title='bbox 1223 1527 1438 1574; x_wconf 85' lang='lat' dir='ltr'>praevalet,</span> <span class='ocrx_word' id='word_1_189' title='bbox 1457 1528 1575 1570; x_wconf 85' lang='lat' dir='ltr'>verbo</span> <span class='ocrx_word' id='word_1_190' title='bbox 1593 1528 1629 1564; x_wconf 85' lang='lat' dir='ltr'>ei</span> 
     </span>
     <span class='ocr_line' id='line_1_21' title="bbox 184 1582 1629 1630; baseline 0.002 -13"><span class='ocrx_word' id='word_1_191' title='bbox 184 1582 432 1618; x_wconf 87' lang='lat' dir='ltr'>conveniente</span> <span class='ocrx_word' id='word_1_192' title='bbox 453 1586 582 1627; x_wconf 77' lang='lat' dir='ltr'>auctor</span> <span class='ocrx_word' id='word_1_193' title='bbox 602 1586 796 1628; x_wconf 86' lang='lat' dir='ltr'>utrumque</span> <span class='ocrx_word' id='word_1_194' title='bbox 814 1584 1020 1619; x_wconf 87' lang='lat' dir='ltr'>membrum</span> <span class='ocrx_word' id='word_1_195' title='bbox 1041 1585 1261 1630; x_wconf 83' lang='lat' dir='ltr'>complexus</span> <span class='ocrx_word' id='word_1_196' title='bbox 1282 1587 1351 1619; x_wconf 92' lang='lat' dir='ltr'>est.</span> <span class='ocrx_word' id='word_1_197' title='bbox 1387 1582 1496 1627; x_wconf 81' lang='lat' dir='ltr'>Quod</span> <span class='ocrx_word' id='word_1_198' title='bbox 1516 1595 1629 1630; x_wconf 91' lang='lat' dir='ltr'>quum</span> 
     </span>
     <span class='ocr_line' id='line_1_22' title="bbox 185 1637 1628 1687; baseline 0.001 -13"><span class='ocrx_word' id='word_1_199' title='bbox 185 1637 372 1684; x_wconf 78' lang='lat' dir='ltr'>quandam</span> <span class='ocrx_word' id='word_1_200' title='bbox 410 1638 622 1685; x_wconf 82' lang='lat' dir='ltr'>analogiam</span> <span class='ocrx_word' id='word_1_201' title='bbox 660 1639 864 1685; x_wconf 79' lang='lat' dir='ltr'>zeugmatis</span> <span class='ocrx_word' id='word_1_202' title='bbox 892 1638 1028 1675; x_wconf 88' lang='lat' dir='ltr'>habeat</span> <span class='ocrx_word' id='word_1_203' title='bbox 1038 1660 1054 1684; x_wconf 92' lang='lat'>,-</span> <span class='ocrx_word' id='word_1_204' title='bbox 1090 1643 1164 1676; x_wconf 86' lang='lat' dir='ltr'>tum</span> <span class='ocrx_word' id='word_1_205' title='bbox 1195 1651 1240 1676; x_wconf 91' lang='lat' dir='ltr'>eo</span> <span class='ocrx_word' id='word_1_206' title='bbox 1268 1640 1474 1686; x_wconf 87' lang='lat' dir='ltr'>mitigatur,</span> <span class='ocrx_word' id='word_1_207' title='bbox 1513 1641 1628 1687; x_wconf 90' lang='lat' dir='ltr'>quod,</span> 
     </span>
     <span class='ocr_line' id='line_1_23' title="bbox 185 1691 1631 1744; baseline 0.002 -14"><span class='ocrx_word' id='word_1_208' title='bbox 185 1693 499 1740; x_wconf 82' lang='lat' dir='ltr'>quemadmodum</span> <span class='ocrx_word' id='word_1_209' title='bbox 523 1695 683 1742; x_wconf 84' lang='lat' dir='ltr'>simplex</span> <span class='ocrx_word' id='word_1_210' title='bbox 700 1695 811 1741; x_wconf 82' lang='lat' dir='ltr'>finire</span> <span class='ocrx_word' id='word_1_211' title='bbox 836 1697 990 1732; x_wconf 84' lang='lat' dir='ltr'>verbum</span> <span class='ocrx_word' id='word_1_212' title='bbox 1012 1707 1088 1732; x_wconf 87' lang='lat' dir='ltr'>non</span> <span class='ocrx_word' id='word_1_213' title='bbox 1110 1698 1229 1732; x_wconf 87' lang='lat' dir='ltr'>solum</span> <span class='ocrx_word' id='word_1_214' title='bbox 1247 1697 1362 1744; x_wconf 85' lang='lat' dir='ltr'>finem</span> <span class='ocrx_word' id='word_1_215' title='bbox 1377 1691 1530 1742; x_wconf 81' lang='lat' dir='ltr'>facere,</span> <span class='ocrx_word' id='word_1_216' title='bbox 1560 1697 1631 1733; x_wconf 89' lang='lat' dir='ltr'>sed</span> 
     </span>
     <span class='ocr_line' id='line_1_24' title="bbox 173 1750 1630 1801; baseline 0.003 -15"><span class='ocrx_word' id='word_1_217' title='bbox 173 1750 293 1793; x_wconf 30' lang='lat' dir='ltr'>*etiam</span> <span class='ocrx_word' id='word_1_218' title='bbox 319 1751 430 1797; x_wconf 79' lang='lat' dir='ltr'>finem</span> <span class='ocrx_word' id='word_1_219' title='bbox 448 1751 585 1787; x_wconf 76' lang='lat' dir='ltr'>habere</span> <span class='ocrx_word' id='word_1_220' title='bbox 606 1751 811 1799; x_wconf 83' lang='lat' dir='ltr'>significat,</span> <span class='ocrx_word' id='word_1_221' title='bbox 841 1752 892 1788; x_wconf 88' lang='lat' dir='ltr'>ita</span> <span class='ocrx_word' id='word_1_222' title='bbox 915 1754 1124 1799; x_wconf 86' lang='lat' dir='ltr'>composita</span> <span class='ocrx_word' id='word_1_223' title='bbox 1152 1753 1266 1790; x_wconf 86' lang='lat' dir='ltr'>dictio</span> <span class='ocrx_word' id='word_1_224' title='bbox 1275 1754 1395 1799; x_wconf 72' lang='lat' dir='ltr'>finem</span> <span class='ocrx_word' id='word_1_225' title='bbox 1413 1753 1546 1800; x_wconf 82' lang='lat' dir='ltr'>facere</span> <span class='ocrx_word' id='word_1_226' title='bbox 1564 1765 1630 1801; x_wconf 89' lang='lat' dir='ltr'>pa-</span> 
     </span>
     <span class='ocr_line' id='line_1_25' title="bbox 183 1806 1526 1856; baseline 0.002 -13"><span class='ocrx_word' id='word_1_227' title='bbox 183 1807 272 1853; x_wconf 80' lang='lat' dir='ltr'>¹riter</span> <span class='ocrx_word' id='word_1_228' title='bbox 291 1806 485 1845; x_wconf 81' lang='lat' dir='ltr'>transitivo</span> <span class='ocrx_word' id='word_1_229' title='bbox 505 1812 542 1843; x_wconf 88' lang='lat' dir='ltr'>et</span> <span class='ocrx_word' id='word_1_230' title='bbox 562 1808 796 1844; x_wconf 82' lang='lat' dir='ltr'>intransitive</span> <span class='ocrx_word' id='word_1_231' title='bbox 820 1819 935 1845; x_wconf 91' lang='lat' dir='ltr'>sensu</span> <span class='ocrx_word' id='word_1_232' title='bbox 955 1810 1129 1856; x_wconf 81' lang='lat' dir='ltr'>usurpari</span> <span class='ocrx_word' id='word_1_233' title='bbox 1149 1811 1326 1856; x_wconf 84' lang='lat' dir='ltr'>potuisse·</span> <span class='ocrx_word' id='word_1_234' title='bbox 1342 1809 1526 1849; x_wconf 83' lang='lat' dir='ltr'>videatur.</span> 
     </span>
    </p>

    <p class='ocr_par' dir='ltr' id='par_1_4' title="bbox 181 1863 1630 2694">
     <span class='ocr_line' id='line_1_26' title="bbox 295 1863 1630 1912; baseline 0.003 -14"><span class='ocrx_word' id='word_1_235' title='bbox 295 1866 329 1906; x_wconf 73' lang='lat' dir='ltr'>S.</span> <span class='ocrx_word' id='word_1_236' title='bbox 349 1868 406 1905; x_wconf 87' lang='lat' dir='ltr'>lo.</span> <span class='ocrx_word' id='word_1_237' title='bbox 434 1864 764 1902; x_wconf 71' lang='lat' dir='ltr'>Assumen-Gaius</span> <span class='ocrx_word' id='word_1_238' title='bbox 785 1863 904 1909; x_wconf 75' lang='lat' dir='ltr'>Cotta)</span> <span class='ocrx_word' id='word_1_239' title='bbox 940 1865 992 1901; x_wconf 89' lang='lat' dir='ltr'>De</span> <span class='ocrx_word' id='word_1_240' title='bbox 1021 1876 1068 1901; x_wconf 85' lang='lat' dir='ltr'>en</span> <span class='ocrx_word' id='word_1_241' title='bbox 1094 1867 1296 1912; x_wconf 88' lang='lat' dir='ltr'>particula,</span> <span class='ocrx_word' id='word_1_242' title='bbox 1329 1877 1424 1912; x_wconf 89' lang='lat' dir='ltr'>quae</span> <span class='ocrx_word' id='word_1_243' title='bbox 1447 1870 1630 1902; x_wconf 86' lang='lat' dir='ltr'>monstrat</span> 
     </span>
     <span class='ocr_line' id='line_1_27' title="bbox 184 1917 1627 1968; baseline 0.003 -14"><span class='ocrx_word' id='word_1_244' title='bbox 184 1930 265 1954; x_wconf 81' lang='lat' dir='ltr'>rem·</span> <span class='ocrx_word' id='word_1_245' title='bbox 289 1924 526 1965; x_wconf 85' lang='lat' dir='ltr'>praesentem</span> <span class='ocrx_word' id='word_1_246' title='bbox 555 1922 616 1956; x_wconf 90' lang='lat' dir='ltr'>vel</span> <span class='ocrx_word' id='word_1_247' title='bbox 647 1925 730 1956; x_wconf 89' lang='lat' dir='ltr'>ante</span> <span class='ocrx_word' id='word_1_248' title='bbox 759 1922 889 1957; x_wconf 88' lang='lat' dir='ltr'>oculos</span> <span class='ocrx_word' id='word_1_249' title='bbox 918 1922 1100 1968; x_wconf 87' lang='lat' dir='ltr'>positam,</span> <span class='ocrx_word' id='word_1_250' title='bbox 1128 1935 1168 1959; x_wconf 84' lang='lat' dir='ltr'>v.-</span> <span class='ocrx_word' id='word_1_251' title='bbox 1187 1921 1372 1958; x_wconf 75' lang='lat' dir='ltr'>nandium</span> <span class='ocrx_word' id='word_1_252' title='bbox 1402 1921 1449 1958; x_wconf 92' lang='lat' dir='ltr'>de</span> <span class='ocrx_word' id='word_1_253' title='bbox 1470 1917 1627 1959; x_wconf 86' lang='lat' dir='ltr'>Particc.</span> 
     </span>
     <span class='ocr_line' id='line_1_28' title="bbox 184 1975 1630 2025; baseline 0.003 -15"><span class='ocrx_word' id='word_1_254' title='bbox 184 1976 245 2010; x_wconf 81' lang='lat' dir='ltr'>lat.</span> <span class='ocrx_word' id='word_1_255' title='bbox 264 1975 353 2011; x_wconf 88' lang='lat' dir='ltr'>Vol.</span> <span class='ocrx_word' id='word_1_256' title='bbox 371 1975 415 2010; x_wconf 89' lang='lat'>11.</span> <span class='ocrx_word' id='word_1_257' title='bbox 448 1987 488 2022; x_wconf 89' lang='lat' dir='ltr'>p.</span> <span class='ocrx_word' id='word_1_258' title='bbox 505 1978 588 2014; x_wconf 78' lang='lat'>367.</span> <span class='ocrx_word' id='word_1_259' title='bbox 622 1995 681 2009; x_wconf 80' lang='lat'>.—</span> <span class='ocrx_word' id='word_1_260' title='bbox 718 1976 780 2011; x_wconf 88' lang='lat' dir='ltr'>Ad</span> <span class='ocrx_word' id='word_1_261' title='bbox 803 1977 922 2013; x_wconf 89' lang='lat' dir='ltr'>verba</span> <span class='ocrx_word' id='word_1_262' title='bbox 940 1977 1038 2024; x_wconf 81' lang='lat' dir='ltr'>quod</span> <span class='ocrx_word' id='word_1_263' title='bbox 1057 1987 1169 2024; x_wconf 80' lang='lat' dir='ltr'>saepe</span> <span class='ocrx_word' id='word_1_264' title='bbox 1188 1980 1345 2015; x_wconf 84' lang='lat' dir='ltr'>maiores</span> <span class='ocrx_word' id='word_1_265' title='bbox 1364 1980 1511 2025; x_wconf 82' lang='lat' dir='ltr'>asperis</span> <span class='ocrx_word' id='word_1_266' title='bbox 1528 1979 1630 2016; x_wconf 80' lang='lat' dir='ltr'>bellis</span> 
     </span>
     <span class='ocr_line' id='line_1_29' title="bbox 182 2030 1629 2082; baseline 0.003 -15"><span class='ocrx_word' id='word_1_267' title='bbox 182 2030 308 2078; x_wconf 82' lang='lat' dir='ltr'>fecere</span> <span class='ocrx_word' id='word_1_268' title='bbox 325 2030 484 2066; x_wconf 84' lang='lat' dir='ltr'>Orellius</span> <span class='ocrx_word' id='word_1_269' title='bbox 508 2035 592 2077; x_wconf 90' lang='lat' dir='ltr'>apte</span> <span class='ocrx_word' id='word_1_270' title='bbox 614 2032 771 2068; x_wconf 86' lang='lat' dir='ltr'>contulit</span> <span class='ocrx_word' id='word_1_271' title='bbox 790 2030 867 2067; x_wconf 89' lang='lat' dir='ltr'>Cic.</span> <span class='ocrx_word' id='word_1_272' title='bbox 888 2032 1023 2069; x_wconf 86' lang='lat' dir='ltr'>Tusce.</span> <span class='ocrx_word' id='word_1_273' title='bbox 1044 2034 1072 2077; x_wconf 89' lang='lat'>1,</span> <span class='ocrx_word' id='word_1_274' title='bbox 1093 2036 1153 2077; x_wconf 82' lang='lat'>37,</span> <span class='ocrx_word' id='word_1_275' title='bbox 1174 2037 1233 2073; x_wconf 90' lang='grc'><strong>89.</strong></span> <span class='ocrx_word' id='word_1_276' title='bbox 1253 2034 1359 2071; x_wconf 83' lang='lat' dir='ltr'>Mors</span> <span class='ocrx_word' id='word_1_277' title='bbox 1378 2036 1413 2071; x_wconf 86' lang='lat' dir='ltr'>si</span> <span class='ocrx_word' id='word_1_278' title='bbox 1431 2036 1629 2082; x_wconf 77' lang='lat' dir='ltr'>timeretur,</span> 
     </span>
     <span class='ocr_line' id='line_1_30' title="bbox 184 2085 1629 2139; baseline 0.003 -15"><span class='ocrx_word' id='word_1_279' title='bbox 184 2093 258 2124; x_wconf 69' lang='lat' dir='ltr'>non</span> <span class='ocrx_word' id='word_1_280' title='bbox 270 2085 321 2122; x_wconf 74' lang='lat' dir='ltr'>L.</span> <span class='ocrx_word' id='word_1_281' title='bbox 340 2086 482 2125; x_wconf 77' lang='lat' dir='ltr'>Brutus</span> <span class='ocrx_word' id='word_1_282' title='bbox 499 2097 634 2124; x_wconf 85' lang='lat' dir='ltr'>arcens</span> <span class='ocrx_word' id='word_1_283' title='bbox 654 2099 736 2125; x_wconf 87' lang='lat' dir='ltr'>cum</span> <span class='ocrx_word' id='word_1_284' title='bbox 754 2088 873 2124; x_wconf 78' lang='lat' dir='ltr'>reditu</span> <span class='ocrx_word' id='word_1_285' title='bbox 887 2093 1104 2136; x_wconf 70' lang='lat' dir='ltr'>tyrannum,</span> <span class='ocrx_word' id='word_1_286' title='bbox 1133 2100 1239 2137; x_wconf 81' lang='lat' dir='ltr'>quem</span> <span class='ocrx_word' id='word_1_287' title='bbox 1255 2093 1335 2138; x_wconf 84' lang='lat' dir='ltr'>ipse</span> <span class='ocrx_word' id='word_1_288' title='bbox 1353 2092 1562 2139; x_wconf 76' lang='lat' dir='ltr'>expulerat,</span> <span class='ocrx_word' id='word_1_289' title='bbox 1590 2093 1629 2128; x_wconf 81' lang='lat' dir='ltr'>in</span> 
     </span>
     <span class='ocr_line' id='line_1_31' title="bbox 181 2143 1627 2194; baseline 0.005 -16"><span class='ocrx_word' id='word_1_290' title='bbox 181 2143 320 2190; x_wconf 83' lang='lat' dir='ltr'>proelio</span> <span class='ocrx_word' id='word_1_291' title='bbox 347 2143 561 2179; x_wconf 72' lang='lat' dir='ltr'>concidisset</span> <span class='ocrx_word' id='word_1_292' title='bbox 568 2159 580 2184; x_wconf 91' lang='lat'>,·</span> <span class='ocrx_word' id='word_1_293' title='bbox 617 2155 691 2181; x_wconf 79' lang='lat' dir='ltr'>non</span> <span class='ocrx_word' id='word_1_294' title='bbox 723 2155 806 2180; x_wconf 65' lang='lat' dir='ltr'>ctum</span> <span class='ocrx_word' id='word_1_295' title='bbox 831 2144 970 2182; x_wconf 63' lang='lat' dir='ltr'>Lacunis</span> <span class='ocrx_word' id='word_1_296' title='bbox 999 2146 1193 2182; x_wconf 67' lang='lat' dir='ltr'>decertans</span> <span class='ocrx_word' id='word_1_297' title='bbox 1215 2151 1332 2194; x_wconf 79' lang='lat' dir='ltr'>pater</span> <span class='ocrx_word' id='word_1_298' title='bbox 1356 2147 1510 2193; x_wconf 83' lang='lat' dir='ltr'>Decius,</span> <span class='ocrx_word' id='word_1_299' title='bbox 1545 2159 1627 2185; x_wconf 86' lang='lat' dir='ltr'>cum</span> 
     </span>
     <span class='ocr_line' id='line_1_32' title="bbox 183 2199 1628 2251; baseline 0.005 -16"><span class='ocrx_word' id='word_1_300' title='bbox 183 2199 351 2241; x_wconf 73' lang='lat' dir='ltr'>Etruscis</span> <span class='ocrx_word' id='word_1_301' title='bbox 367 2199 488 2245; x_wconf 78' lang='lat' dir='ltr'>filius,</span> <span class='ocrx_word' id='word_1_302' title='bbox 516 2210 600 2237; x_wconf 81' lang='lat' dir='ltr'>cum</span> <span class='ocrx_word' id='word_1_303' title='bbox 614 2200 767 2248; x_wconf 77' lang='lat' dir='ltr'>Pyrrho</span> <span class='ocrx_word' id='word_1_304' title='bbox 794 2210 930 2248; x_wconf 82' lang='lat' dir='ltr'>nepos,</span> <span class='ocrx_word' id='word_1_305' title='bbox 960 2212 1000 2238; x_wconf 88' lang='lat' dir='ltr'>se</span> <span class='ocrx_word' id='word_1_306' title='bbox 1021 2199 1272 2251; x_wconf 72' lang='lat' dir='ltr'>hostiumielis</span> <span class='ocrx_word' id='word_1_307' title='bbox 1291 2204 1525 2245; x_wconf 72' lang='lat' dir='ltr'>obiecissent;</span> <span class='ocrx_word' id='word_1_308' title='bbox 1554 2217 1628 2242; x_wconf 84' lang='lat' dir='ltr'>non</span> 
     </span>
     <span class='ocr_line' id='line_1_33' title="bbox 185 2254 1630 2307; baseline 0.004 -15"><span class='ocrx_word' id='word_1_309' title='bbox 185 2265 256 2292; x_wconf 81' lang='lat' dir='ltr'>uno</span> <span class='ocrx_word' id='word_1_310' title='bbox 273 2254 366 2305; x_wconf 65' lang='lat' dir='ltr'>bello,</span> <span class='ocrx_word' id='word_1_311' title='bbox 376 2266 452 2302; x_wconf 89' lang='lat' dir='ltr'>pro</span> <span class='ocrx_word' id='word_1_312' title='bbox 463 2258 594 2302; x_wconf 67' lang='lat' dir='ltr'>patria</span> <span class='ocrx_word' id='word_1_313' title='bbox 612 2257 782 2294; x_wconf 73' lang='lat' dir='ltr'>cadentes</span> <span class='ocrx_word' id='word_1_314' title='bbox 801 2257 989 2305; x_wconf 77' lang='lat' dir='ltr'>Scipiones</span> <span class='ocrx_word' id='word_1_315' title='bbox 1004 2258 1191 2307; x_wconf 78' lang='lat' dir='ltr'>Hispania</span> <span class='ocrx_word' id='word_1_316' title='bbox 1208 2261 1354 2297; x_wconf 80' lang='lat' dir='ltr'>vidisset</span> <span class='ocrx_word' id='word_1_317' title='bbox 1365 2289 1374 2305; x_wconf 97' lang='lat'>,</span> <span class='ocrx_word' id='word_1_318' title='bbox 1404 2261 1577 2298; x_wconf 83' lang='lat' dir='ltr'>Paullum</span> <span class='ocrx_word' id='word_1_319' title='bbox 1595 2266 1630 2298; x_wconf 80' lang='lat' dir='ltr'>et</span> 
     </span>
     <span class='ocr_line' id='line_1_34' title="bbox 186 2311 1628 2362; baseline 0.005 -14"><span class='ocrx_word' id='word_1_320' title='bbox 186 2311 386 2348; x_wconf 78' lang='lat' dir='ltr'>Geminum·</span> <span class='ocrx_word' id='word_1_321' title='bbox 399 2311 566 2358; x_wconf 77' lang='lat' dir='ltr'>Cannae,</span> <span class='ocrx_word' id='word_1_322' title='bbox 613 2314 772 2350; x_wconf 77' lang='lat' dir='ltr'>Venusia</span> <span class='ocrx_word' id='word_1_323' title='bbox 798 2313 1039 2360; x_wconf 88' lang='lat' dir='ltr'>Marcellum,</span> <span class='ocrx_word' id='word_1_324' title='bbox 1073 2316 1206 2353; x_wconf 74' lang='lat' dir='ltr'>Litana</span> <span class='ocrx_word' id='word_1_325' title='bbox 1235 2318 1423 2362; x_wconf 81' lang='lat' dir='ltr'>Albinum,</span> <span class='ocrx_word' id='word_1_326' title='bbox 1460 2318 1628 2355; x_wconf 82' lang='lat' dir='ltr'>Lucania</span> 
     </span>
     <span class='ocr_line' id='line_1_35' title="bbox 186 2366 1629 2422; baseline 0.006 -18"><span class='ocrx_word' id='word_1_327' title='bbox 186 2366 406 2404; x_wconf 72' lang='lat' dir='ltr'>Gracchum.</span> <span class='ocrx_word' id='word_1_328' title='bbox 442 2388 498 2393; x_wconf 89' lang='lat'>—-</span> <span class='ocrx_word' id='word_1_329' title='bbox 535 2369 577 2404; x_wconf 90' lang='lat' dir='ltr'>In</span> <span class='ocrx_word' id='word_1_330' title='bbox 608 2371 734 2407; x_wconf 87' lang='lat' dir='ltr'>verbis</span> <span class='ocrx_word' id='word_1_331' title='bbox 754 2382 887 2418; x_wconf 82' lang='lat' dir='ltr'>quam</span> <span class='ocrx_word' id='word_1_332' title='bbox 907 2372 1038 2408; x_wconf 78' lang='lat' dir='ltr'>deinde</span> <span class='ocrx_word' id='word_1_333' title='bbox 1059 2374 1135 2411; x_wconf 88' lang='lat' dir='ltr'>cui</span> <span class='ocrx_word' id='word_1_334' title='bbox 1153 2374 1331 2410; x_wconf 79' lang='lat' dir='ltr'>mandetis</span> <span class='ocrx_word' id='word_1_335' title='bbox 1359 2376 1629 2422; x_wconf 64' lang='lat' dir='ltr'>circumspicite</span> 
     </span>
     <span class='ocr_line' id='line_1_36' title="bbox 185 2424 1627 2476; baseline 0.006 -16"><span class='ocrx_word' id='word_1_336' title='bbox 185 2424 341 2467; x_wconf 82' lang='lat' dir='ltr'>relativa</span> <span class='ocrx_word' id='word_1_337' title='bbox 369 2425 609 2470; x_wconf 74' lang='lat' dir='ltr'>enunciatio,</span> <span class='ocrx_word' id='word_1_338' title='bbox 641 2437 735 2473; x_wconf 91' lang='lat' dir='ltr'>quae</span> <span class='ocrx_word' id='word_1_339' title='bbox 765 2427 841 2463; x_wconf 90' lang='lat' dir='ltr'>vim</span> <span class='ocrx_word' id='word_1_340' title='bbox 870 2428 1135 2465; x_wconf 84' lang='lat' dir='ltr'>adversativae</span> <span class='ocrx_word' id='word_1_341' title='bbox 1171 2431 1375 2467; x_wconf 84' lang='lat' dir='ltr'>sententiae</span> <span class='ocrx_word' id='word_1_342' title='bbox 1401 2431 1494 2475; x_wconf 81' lang='lat' dir='ltr'>(sed</span> <span class='ocrx_word' id='word_1_343' title='bbox 1520 2433 1627 2476; x_wconf 80' lang='lat' dir='ltr'>eam)</span> 
     </span>
     <span class='ocr_line' id='line_1_37' title="bbox 184 2478 1625 2531; baseline 0.006 -15"><span class='ocrx_word' id='word_1_344' title='bbox 184 2480 364 2523; x_wconf 86' lang='lat' dir='ltr'>sustinet,</span> <span class='ocrx_word' id='word_1_345' title='bbox 402 2491 486 2516; x_wconf 89' lang='lat' dir='ltr'>cum</span> <span class='ocrx_word' id='word_1_346' title='bbox 517 2478 785 2530; x_wconf 75' lang='lat' dir='ltr'>interrogativa</span> <span class='ocrx_word' id='word_1_347' title='bbox 817 2484 856 2519; x_wconf 83' lang='lat' dir='ltr'>in</span> <span class='ocrx_word' id='word_1_348' title='bbox 885 2495 997 2520; x_wconf 88' lang='lat' dir='ltr'>unam</span> <span class='ocrx_word' id='word_1_349' title='bbox 1028 2486 1186 2522; x_wconf 80' lang='lat' dir='ltr'>confusa</span> <span class='ocrx_word' id='word_1_350' title='bbox 1216 2490 1297 2531; x_wconf 84' lang='lat' dir='ltr'>est;</span> <span class='ocrx_word' id='word_1_351' title='bbox 1334 2487 1382 2522; x_wconf 84' lang='lat' dir='ltr'>cf.</span> <span class='ocrx_word' id='word_1_352' title='bbox 1416 2486 1492 2524; x_wconf 86' lang='lat' dir='ltr'>Cic.</span> <span class='ocrx_word' id='word_1_353' title='bbox 1524 2487 1625 2524; x_wconf 88' lang='lat' dir='ltr'>Orat.</span> 
     </span>
     <span class='ocr_line' id='line_1_38' title="bbox 185 2535 1628 2590; baseline 0.007 -19"><span class='ocrx_word' id='word_1_354' title='bbox 185 2547 217 2571; x_wconf 91' lang='lat' dir='ltr'>c.</span> <span class='ocrx_word' id='word_1_355' title='bbox 241 2538 400 2581; x_wconf 89' lang='grc'><strong>56,190.</strong></span> <span class='ocrx_word' id='word_1_356' title='bbox 428 2535 545 2583; x_wconf 74' lang='lat' dir='ltr'>Eleyit</span> <span class='ocrx_word' id='word_1_357' title='bbox 574 2547 625 2574; x_wconf 70' lang='lat' dir='ltr'>esc</span> <span class='ocrx_word' id='word_1_358' title='bbox 651 2539 770 2575; x_wconf 77' lang='lat' dir='ltr'>multis</span> <span class='ocrx_word' id='word_1_359' title='bbox 787 2538 981 2582; x_wconf 67' lang='lat' dir='ltr'>Isocratis-3</span> <span class='ocrx_word' id='word_1_360' title='bbox 998 2541 1100 2578; x_wconf 79' lang='lat' dir='ltr'>libris</span> <span class='ocrx_word' id='word_1_361' title='bbox 1131 2543 1279 2590; x_wconf 61' lang='lat' dir='ltr'>truyinta</span> <span class='ocrx_word' id='word_1_362' title='bbox 1304 2543 1470 2590; x_wconf 78' lang='lat' dir='ltr'>fortasse</span> <span class='ocrx_word' id='word_1_363' title='bbox 1497 2554 1628 2581; x_wconf 82' lang='lat' dir='ltr'>versus</span> 
     </span>
     <span class='ocr_line' id='line_1_39' title="bbox 183 2591 1628 2677; baseline 0.007 -50"><span class='ocrx_word' id='word_1_364' title='bbox 183 2591 450 2639; x_wconf 81' lang='lat' dir='ltr'>Hieronymus,</span> <span class='ocrx_word' id='word_1_365' title='bbox 482 2595 747 2640; x_wconf 68' lang='lat' dir='ltr'>peripateticus</span> <span class='ocrx_word' id='word_1_366' title='bbox 773 2596 969 2677; x_wconf 84' lang='lat' dir='ltr'>imprimis</span> <span class='ocrx_word' id='word_1_367' title='bbox 979 2597 1128 2653; x_wconf 82' lang='lat' dir='ltr'>nobilis;</span> <span class='ocrx_word' id='word_1_368' title='bbox 1157 2610 1241 2645; x_wconf 81' lang='lat' dir='ltr'>quo</span> <span class='ocrx_word' id='word_1_369' title='bbox 1267 2600 1381 2646; x_wconf 81' lang='lat' dir='ltr'>quid</span> <span class='ocrx_word' id='word_1_370' title='bbox 1399 2604 1523 2647; x_wconf 75' lang='lat' dir='ltr'>potest</span> <span class='ocrx_word' id='word_1_371' title='bbox 1547 2610 1628 2638; x_wconf 86' lang='lat' dir='ltr'>esse</span> 
     </span>
     <span class='ocr_line' id='line_1_40' title="bbox 182 2651 352 2694; baseline 0.012 -10"><span class='ocrx_word' id='word_1_372' title='bbox 182 2651 352 2694; x_wconf 77' lang='lat' dir='ltr'>turpius?</span> 
     </span>
    </p>

    <p class='ocr_par' dir='ltr' id='par_1_5' title="bbox 183 2674 1627 2814">
     <span class='ocr_line' id='line_1_41' title="bbox 293 2674 1627 2757; baseline 0.003 -13"><span class='ocrx_word' id='word_1_373' title='bbox 293 2707 328 2748; x_wconf 78' lang='lat' dir='ltr'>S·</span> <span class='ocrx_word' id='word_1_374' title='bbox 350 2709 407 2744; x_wconf 90' lang='lat'>11.</span> <span class='ocrx_word' id='word_1_375' title='bbox 427 2708 462 2742; x_wconf 79' lang='lat' dir='ltr'>el</span> <span class='ocrx_word' id='word_1_376' title='bbox 480 2706 613 2749; x_wconf 76' lang='lat' dir='ltr'>mari&#39;s)</span> <span class='ocrx_word' id='word_1_377' title='bbox 651 2706 723 2749; x_wconf 85' lang='lat' dir='ltr'>Pro</span> <span class='ocrx_word' id='word_1_378' title='bbox 742 2674 817 2744; x_wconf 82' lang='lat' dir='ltr'>hae</span> <span class='ocrx_word' id='word_1_379' title='bbox 834 2710 997 2749; x_wconf 87' lang='lat' dir='ltr'>omnium</span> <span class='ocrx_word' id='word_1_380' title='bbox 1026 2709 1138 2746; x_wconf 89' lang='lat' dir='ltr'>codd.</span> <span class='ocrx_word' id='word_1_381' title='bbox 1167 2682 1353 2757; x_wconf 84' lang='lat' dir='ltr'>scriptura</span> <span class='ocrx_word' id='word_1_382' title='bbox 1373 2715 1457 2748; x_wconf 84' lang='lat' dir='ltr'>ante</span> <span class='ocrx_word' id='word_1_383' title='bbox 1480 2711 1627 2749; x_wconf 87' lang='lat' dir='ltr'>Carrio-</span> 
     </span>
     <span class='ocr_line' id='line_1_42' title="bbox 183 2760 1624 2814; baseline 0.006 -19"><span class='ocrx_word' id='word_1_384' title='bbox 183 2769 267 2795; x_wconf 86' lang='lat' dir='ltr'>nem</span> <span class='ocrx_word' id='word_1_385' title='bbox 295 2760 438 2798; x_wconf 86' lang='lat' dir='ltr'>insulsa</span> <span class='ocrx_word' id='word_1_386' title='bbox 464 2762 699 2809; x_wconf 82' lang='lat' dir='ltr'>interpolatio</span> <span class='ocrx_word' id='word_1_387' title='bbox 726 2766 763 2799; x_wconf 81' lang='lat' dir='ltr'>et</span> <span class='ocrx_word' id='word_1_388' title='bbox 777 2765 886 2811; x_wconf 82' lang='lat' dir='ltr'>pacis</span> <span class='ocrx_word' id='word_1_389' title='bbox 913 2765 1097 2803; x_wconf 84' lang='lat' dir='ltr'>editiones</span> <span class='ocrx_word' id='word_1_390' title='bbox 1128 2767 1348 2814; x_wconf 82' lang='lat' dir='ltr'>occupavit,</span> <span class='ocrx_word' id='word_1_391' title='bbox 1378 2779 1400 2804; x_wconf 88' lang='lat' dir='ltr'>a</span> <span class='ocrx_word' id='word_1_392' title='bbox 1421 2768 1624 2805; x_wconf 88' lang='lat' dir='ltr'>Debrossio</span> 
     </span>
    </p>
   </div>
  </div>
 </body>
</html>
