1774 3002
128 186 176 216 VI
526 180 744 217 EDITORIS
786 181 1018 219 EPlsTOLA
1050 182 1238 220 CRITICA

130 307 318 344 cusatum
350 305 452 354 puto
481 300 602 341 huius
634 301 826 344 editionis
858 304 1089 345 consilium.
1151 305 1235 345 Sed
1265 307 1474 356 quomodo
1508 307 1548 347 in
1580 319 1630 347 eo

131 371 404 421 exsequendo
434 374 626 410 versatus
655 371 753 420 sim,
781 373 924 423 paucis
955 373 1064 421 Tibi,
1093 372 1145 412 mi
1174 375 1519 424 Wuestemanne‚
1564 386 1632 414 ex-

127 450 305 490 ponam,
337 438 403 478 cui
433 438 541 478 hunc
572 439 718 479 librum
749 439 938 482 sincerae
968 442 1167 482 amicitiae
1197 443 1385 493 gratique
1413 443 1535 482 animi
1560 454 1632 493 pu-

125 507 277 547 blicum
306 512 470 548 exstare
501 507 793 547 documentum
824 509 959 559 cupio.

238 577 302 615 Ac
332 576 384 614 de
415 575 616 624 fontibus,
654 577 765 615 unde
793 577 939 617 hausta
971 582 1067 618 sunt
1096 578 1360 629 Fragmenta,
1399 590 1448 618 ea
1477 582 1634 618 tantum

129 643 282 691 dicam,
315 654 421 693 quae
446 644 499 689 ad
531 644 734 694 quasdam
766 647 1078 686 annotationum
1104 651 1244 695 partes
1269 651 1381 686 recte
1411 646 1636 696 intelligen-

130 713 205 752 das
239 712 479 751 necessaria
510 716 626 759 sunt3
660 724 754 752 nam
792 713 843 752 de
886 713 1170 764 grammaticis
1201 719 1242 753 et
1265 714 1519 763 scholiastis‚
1551 714 1636 764 qui-

127 780 206 819 bus
236 780 359 829 longe
397 779 598 819 maximus
633 780 972 830 Fragmentorum
1010 792 1206 821 numerus
1236 782 1430 831 debetur,
1473 782 1512 822 in
1549 781 1636 822 uni-

129 859 296 887 versum
340 846 437 886 nihil
479 846 622 887 attinet
667 847 919 899 disputare.⁵
954 849 1072 900 Quod
1115 848 1238 899 igitur
1282 849 1488 890 nonnullis
1532 851 1635 890 locis

128 916 247 957 Nonii
289 915 423 956 varias
461 914 687 966 scripturas
728 916 1007 956 Parisinorum
1054 916 1244 955 codicum
1283 917 1470 958 invenies
1507 929 1532 957 a
1571 929 1636 957 me

129 990 490 1032 commemoratas,
531 994 602 1022 eas
633 984 854 1024 Mauricius
881 984 1085 1035 Hauptius
1114 989 1209 1023 ante
1243 983 1322 1024 hos
1353 985 1636 1036 duodeviginti
1672 993 1674 995 ·

128 1065 261 1095 annos
291 1052 501 1104 permissu
526 1051 795 1091 Lindemanni
835 1064 886 1094 ex
916 1052 1035 1093 huius
1066 1056 1268 1102 apparatu
1305 1052 1447 1093 critico
1477 1054 1530 1093 ad
1558 1054 1637 1093 No-

127 1122 240 1162 nium
271 1120 502 1170 descriptas
539 1120 635 1159 mihi
664 1131 865 1170 perquam
897 1120 1128 1160 humaniter
1163 1120 1401 1160 transmisit.
1462 1120 1636 1160 Codices

127 1190 196 1240 illi,
224 1201 248 1229 a
278 1189 497 1230 Duebnero
527 1188 794 1228 Lindemanni
822 1188 863 1227 in
889 1200 1010 1228 usum
1042 1188 1197 1238 collati,
1229 1193 1326 1228 sunt
1354 1188 1415 1228 hi:
1447 1189 1540 1229 cod.
1569 1190 1637 1238 A.,

126 1271 214 1311 reg.
245 1258 369 1298 7667.
398 1258 512 1307 (olim
539 1257 652 1297 Colb.
678 1255 802 1296 3977.
828 1261 914 1295 tum
943 1267 1028 1306 reg.
1051 1255 1173 1305 5306,
1196 1255 1254 1306 3.)
1283 1256 1637 1305 membranaceus,

127 1329 259 1368 forma
291 1329 458 1376 quarta,
490 1324 619 1366 seculi
639 1325 720 1373 IX.‚
748 1324 922 1364 Nonium
949 1325 1071 1374 plene
1103 1323 1319 1364 continens
1348 1328 1515 1375 praeter
1543 1335 1635 1374 cap.

126 1397 193 1436 IlI.
225 1395 277 1434 de
305 1394 473 1434 indiscr.
504 1405 598 1444 gen.
627 1416 685 1422 —-
715 1394 808 1432 cod.
837 1407 900 1441 α.,
929 1404 1015 1443 reg.
1049 1392 1173 1432 7666.
1205 1392 1320 1442 (olim
1350 1392 1462 1433 Colb.
1486 1392 1631 1442 4919.)

127 1464 367 1512 membran„
397 1464 529 1503 forma
549 1467 706 1512 quarta,
738 1472 824 1502 sec.
848 1461 899 1500 X.
917 1465 1095 1500 exeunte
1125 1459 1319 1511 scriptus,
1350 1462 1552 1513 capitibus
1569 1463 1635 1502 III.

117 1534 180 1573 'de
212 1531 379 1572 indiscr.
410 1542 504 1581 gen.
540 1535 581 1570 et
604 1531 674 1570 IV.
707 1530 758 1569 de
785 1528 899 1568 varia
930 1528 1064 1578 signif.
1105 1539 1279 1578 carens,
1316 1540 1365 1571 ac
1403 1534 1635 1571 ceterorum

126 1612 262 1651 usque
293 1600 346 1639 ad
377 1611 411 1638 c.
438 1600 526 1639 VII.
557 1599 629 1647 (de
659 1596 914 1648 impropriis)
946 1597 1152 1648 epitomen
1184 1597 1308 1637 modo
1338 1599 1559 1649 praebens.
1579 1620 1638 1628 -—

127 1670 221 1710 cod.
253 1667 310 1718 ἃ,
343 1678 430 1717 reg.
449 1666 574 1706 7665.
605 1666 721 1714 (olim
742 1665 948 1705 Philiberti
980 1667 1031 1705 de
1050 1666 1090 1704 la
1104 1666 1218 1705 Mare
1235 1664 1362 1715 263.),
1394 1666 1634 1714 membran„

126 1738 258 1776 forma
289 1738 448 1785 quarta,
478 1733 608 1774 seculi
624 1735 675 1773 X.
705 1733 919 1782 exeuntis3
953 1733 1132 1784 epitome
1159 1733 1285 1773 totius
1306 1732 1410 1782 libri,
1435 1732 1634 1784 capitibus

126 1805 192 1844 111.
225 1809 266 1844 et
299 1804 369 1843 IV.
401 1814 564 1842 carens.
607 1825 663 1830 ——
694 1802 788 1841 cod.
825 1815 881 1854 y„
911 1802 1034 1841 7577.
1062 1801 1190 1850 (olim.
1221 1801 1367 1850 Maz.),
1397 1801 1634 1850 membran„

126 1875 195 1914 fol.
227 1870 397 1912 minoris
429 1870 603 1920 moduli,
643 1869 773 1911 seculi
804 1869 896 1908 XV.
948 1893 1005 1898 —
1054 1870 1146 1909 cod.
1180 1883 1254 1921 φ.,
1293 1868 1402 1908 7574
1436 1870 1489 1908 Α.
1520 1867 1635 1915 (olim

124 1942 248 1989 Maz.)
270 1941 532 1987 chartaceus,
562 1940 645 1987 fol„
676 1949 762 1979 sec.
793 1937 883 1976 XV.
913 1960 970 1965 —
999 1938 1092 1976 cod.
1125 1947 1177 1986 σ.,
1209 1937 1478 1987 Sangerman.
1512 1934 1634 1976 1186.

126 2008 241 2056 (olim
255 2007 359 2047 Bibl.
392 2006 691 2056 Seguerianae‚
723 2011 808 2047 tum
840 2004 1131 2054 Coislinianae)
1157 2005 1404 2054 membran.‚
1430 2015 1516 2045 sec.
1543 2005 1633 2044 XV.

125 2075 315 2115 ineuntis.
375 2075 510 2114 Habet
536 2074 571 2114 is
611 2085 701 2124 cap.
732 2075 798 2113 ΠΙ.
831 2073 883 2112 de
906 2072 1075 2113 indiscr.
1119 2072 1357 2122 generibus.

240 2142 455 2183 Orationes
488 2147 681 2192 quattuor
718 2146 759 2181 et
789 2142 895 2181 duae
939 2141 1162 2191 epistolae,
1213 2151 1320 2190 quae
1360 2151 1413 2179 ex
1441 2138 1632 2180 Historiis

124 2210 307 2263 integrae
322 2210 400 2249 fad
435 2222 513 2250 nos
554 2215 855 2259 pervenerunt,
900 2220 993 2248 cum
1034 2207 1183 2246 ceteris
1219 2206 1259 2246 in
1303 2206 1474 2258 Catilina
1504 2211 1545 2247 et
1572 2208 1633 2247 Iu-

124 2277 272 2326 gurtha
321 2274 439 2316 lectis
496 2274 750 2315 orationibus
793 2280 833 2314 et
884 2273 1071 2324 epistolis
1115 2285 1162 2313 ac
1203 2278 1421 2324 praeterea
1471 2274 1632 2314 duabus

123 2342 466 2385 Pseudosallustii
500 2342 686 2393 epistolis
728 2343 781 2382 ad
812 2343 1030 2382 Caesarem
1065 2341 1116 2380 de
1151 2341 1366 2391 republica
1403 2342 1632 2382 ordinanda

123 2412 203 2452 iam
242 2415 401 2451 mature
442 2410 483 2450 in
527 2423 654 2450 unum
691 2409 810 2460 quasi
850 2409 1061 2460 quoddam
1101 2421 1255 2460 corpus
1290 2411 1489 2450 collectae
1522 2414 1630 2458 sunt,

124 2490 401 2528 seorsumque
435 2490 459 2518 a
491 2478 655 2518 duobus
696 2478 919 2518 maioribus
957 2477 1152 2527 operibus
1185 2477 1420 2528 descriptae
1454 2482 1630 2518 aetatem

124 2547 317 2586 tulerunt.
382 2547 443 2586 De
494 2546 707 2586 codicibus
725 2577 734 2593 ‚
780 2545 928 2595 quibus
981 2544 1266 2592 continentur,
1314 2549 1507 2586 accurate
1550 2546 1633 2596 egit

124 2612 298 2655 Orellius
335 2612 375 2652 in
402 2612 584 2654 Historia
615 2613 754 2653 critica
783 2615 1031 2663 Eclogarum
1064 2623 1115 2651 ex
1146 2612 1327 2652 Sallustii
1357 2613 1631 2654 Historiarum

123 2680 259 2730 libris,
297 2680 431 2720 Turici
466 2680 585 2720 1833.
618 2681 739 2720 edita.
800 2681 876 2731 Qui
908 2680 1072 2731 quidem
1103 2680 1390 2730 innotuerunt,
1434 2686 1532 2721 sunt
1567 2681 1629 2721 hi:

134 2751 350 2790 Vaticanus
397 2749 432 2789 1.
477 2760 561 2789 sec.
606 2750 656 2788 X.
702 2761 742 2788 n.
789 2747 912 2788 3864.
959 2752 1088 2788 totam
1138 2742 1364 2800 συλλογὴν
1413 2748 1627 2788 exhibens.

121 2815 300 2857 Primum
331 2817 505 2857 collatus
538 2820 603 2855 est
630 2827 654 2856 a
681 2816 916 2864 Gerlachio;
952 2816 1184 2858 accuratius
1218 2816 1367 2857 deinde
1397 2820 1438 2857 et
1464 2827 1626 2856 summa
