1774 3002
165 153 250 197 332
637 161 677 198 ο,
709 161 938 201 SALLUSTI
951 188 954 190 .
969 163 1121 201 CRISPI

297 290 366 330 29.
418 285 546 331 Dolia
575 302 709 348 quum
739 287 822 332 sub
851 287 997 334 trabes
1024 288 1167 334 locata
1206 287 1365 334 vitibus
1401 291 1476 335 aut
1508 289 1602 336 vir-

165 367 238 428 gis
271 367 530 415 vinciebant.

162 499 330 569 σόγαιαν
344 501 526 574 Βρέττιοι
549 503 770 556 κατέχουσι·
801 504 868 545 καὶ
894 501 1026 554 πόλεις
1054 505 1231 546 ἐνταῦθα
1251 504 1508 576 Μαμὲρτιον,
1538 505 1607 547 καὶ

160 553 181 600 ὃ
203 554 390 612 δρυμὸς
413 557 435 600 ὅ
457 559 590 627 φ’ἐρων
608 557 682 614 τὴν
699 557 863 632 ἀρίστην
884 562 1024 602 πίτταν
1043 557 1117 615 τὴν
1137 561 1343 615 Βρεττίαν,
1377 559 1425 602 ὃν
1450 563 1608 603 Σίλαν

163 618 346 668 καλοῦσι,
374 613 581 671 εὖδενδρός
609 633 649 658 τε
681 617 748 658 καὶ
769 614 952 672 εὔυδρος,
987 622 1112 671 μῆκος
1147 618 1388 660 ἑπτακοσίων
1419 620 1601 660 σταδίων.

162 677 386 723 Spartacum
408 689 430 714 a
452 677 590 715 Crasso
611 690 786 725 pressum
811 690 858 715 ex
880 680 1045 716 Lucania
1072 680 1312 716 concessisse
1335 680 1374 716 in
1403 683 1609 720 extremum

161 734 390 770 Bruttiorum
423 745 555 782 agrum
583 736 825 797 cognoscitur
859 747 915 772 ex
923 736 1128 773 Plutarcho
1164 736 1202 772 in
1225 735 1348 773 Crass.
1373 748 1409 772 c.
1433 740 1488 781 10,
1509 736 1610 772 med.

153 781 201 827 ‘0
222 785 266 827 δὲ
287 783 525 840 Σπάρτακος
553 783 784 842 ὑπεξεχώρει
811 784 880 830 δια
897 789 1125 839 Λευκανίας
1153 788 1207 837 εἰς
1225 784 1299 841 τὴν
1316 785 1540 829 θάλασσαν,
1563 793 1610 829 cs.

161 848 262 884 Flor.
280 848 344 893 .,III
364 852 503 896 20,12.
561 850 595 886 Α
615 849 750 886 Crasso
762 851 869 896 pulsi
883 850 1073 898 fuqalique
1091 849 1211 886 hostes
1228 851 1267 886 in
1289 853 1458 886 exa-ema
1477 847 1610 886 Ιεαῑόαε

162 904 396 953 refuyerunt.
454 905 619 952 Appian.
646 906 691 942 B.
714 905 754 942 C.
776 906 803 950 Ι,
834 909 914 952 118,
944 911 1060 952 extr.;
1090 917 1205 954 quare
1233 907 1389 953 planum
1419 909 1476 942 est
1492 903 1609 953 Frag-

162 966 325 998 mentum
346 962 393 998 de
413 962 487 999 hac
503 962 673 1010 Spartaci
697 964 779 999 sive
801 964 890 1011 suga
911 964 992 1001 sive
1012 963 1351 1011 prosectioneesse
1370 961 1608 1010 capiendum.

278 1020 337 1056 Fr.
359 1022 418 1058 29.
442 1020 572 1064 [Deest
593 1020 695 1068 apud
716 1019 828 1065 Cort.,
850 1020 949 1056 Gerl.
971 1020 1032 1057 ed.
1054 1021 1139 1056 mai.
1161 1023 1198 1055 et
1221 1020 1332 1057 Debr.
1350 1038 1400 1045 —
1427 1019 1526 1056 Gerl.
1547 1018 1608 1055 ed.

165 1077 252 1112 min.
274 1076 346 1120 IV,
368 1081 402 1115 1.
427 1088 464 1123 p.
487 1080 579 1122 225,
613 1079 664 1122 1.]
693 1077 956 1124 Fragmentum
983 1088 1117 1114 recens
1148 1076 1295 1113 accedit
1320 1087 1368 1111 ex
1397 1076 1484 1113 cod.
1513 1075 1607 1112 Gud.

164 1133 364 1177 Arusiani‚
385 1144 422 1169 v.
445 1133 538 1177 sub„
557 1146 595 1181 p.
621 1137 701 1174 261.
722 1133 912 1178 Lindem.‚
943 1145 1065 1181 neque
1089 1133 1280 1170 difficilem
1305 1132 1427 1169 habet·
1447 1133 1610 1178 explica-

164 1191 312 1226 tionem.
345 1190 479 1237 Agitur
495 1192 595 1227 enim
616 1191 662 1227 de
683 1190 886 1238 Spartaco,
910 1192 972 1238 qui
1001 1192 1039 1227 in
1062 1195 1227 1227 extrema
1245 1189 1372 1225 Italiae
1392 1190 1609 1235 compulsus

164 1249 219 1292 (v.
241 1247 301 1285 Fr.
326 1247 602 1294 praecedens),
626 1259 740 1295 quum
759 1259 782 1284 a
802 1247 1079 1294 praedonibus,
1105 1247 1327 1294 quibuscum
1355 1245 1609 1282 traiectionem

164 1306 203 1341 in
229 1303 396 1340 Siciliam
419 1308 551 1350 pactus
578 1310 678 1350 erat,
707 1305 886 1351 deceptus
919 1309 1022 1341 esset
1048 1306 1105 1349 (v.
1134 1302 1323 1340 Plutarch.
1347 1302 1389 1345 in
1418 1301 1545 1339 Crass.
1573 1313 1608 1338 c.

166 1365 223 1405 10,
244 1360 376 1406 med.,)
397 1361 539 1397 ratibus
559 1360 610 1397 ad
630 1361 668 1397 id
687 1362 844 1408 paratis,
865 1362 999 1408 quibus
1017 1361 1118 1398 dolia
1140 1360 1368 1404 subiecerat,
1388 1359 1427 1395 in
1443 1358 1609 1399 Siciliam

165 1418 337 1454 traiicere
358 1422 514 1454 conatus
537 1423 616 1463 est;
640 1419 687 1455 cf.
708 1418 806 1454 Flor.
830 1418 896 1463 111,
919 1422 977 1463 20,
1002 1421 1056 1456 13.
1092 1417 1202 1455 Circa
1229 1417 1415 1453 Bruttium
1434 1416 1609 1462 angulum

163 1475 272 1520 clusi,
292 1486 403 1537 quum
421 1474 551 1522 fugam
572 1476 609 1512 in
634 1475 795 1512 Siciliam
812 1479 999 1522 pararent
1019 1475 1083 1520 [cf.
1104 1474 1204 1520 App.
1224 1472 1267 1509 Β.
1291 1471 1332 1511 Ο,
1353 1473 1390 1517 Ι,
1413 1475 1494 1516 118,
1515 1475 1610 1508 extr.

163 1523 345 1581 Κρασσος
363 1522 434 1569 τὸν
454 1525 697 1581 Σπαρτακον
719 1527 854 1568 ἐδίωκε
877 1523 1074 1581 φεύγοντα
1099 1525 1163 1566 ἐπὶ
1191 1521 1264 1578 τὴν
1291 1523 1526 1575 θαλασσαν,
1549 1517 1609 1572 ὦς

164 1580 591 1637 διαπλευσόμενον
632 1584 678 1634 ἐς
713 1585 1007 1634 Σικελίαν.],
1038 1597 1156 1634 neque
1185 1587 1333 1634 navigia
1358 1587 1608 1632 suppeterent,

165 1647 393 1692 ratesque
419 1655 477 1682 εει·
505 1646 721 1682 cratibus
750 1649 792 1681 et
811 1645 939 1682 dolia
969 1653 1189 1680 connexa
1216 1643 1443 1690 virgultis
1461 1643 1508 1677 in
1528 1652 1608 1677 ra-

162 1701 413 1749 pidissimo
451 1701 581 1749 freto
619 1701 819 1748 frustra
852 1701 1276 1748 experirentur—
1305 1697 1452 1735 tandem
1487 1697 1609 1734 obiere

164 1762 328 1796 mortem·
344 1759 481 1794 -Pro
501 1758 596 1794 dolia
615 1769 747 1805 quum
768 1758 1046 1794 Lindemannus
1069 1757 1228 1793 coniecit
1247 1755 1365 1799 dolia,
1380 1763 1497 1801 quae
1516 1757 1601 1798 ete„

165 1827 239 1862 quo
257 1825 332 1852 non
355 1815 502 1852 videtur
523 1826 619 1862 opus
639 1825 738 1852 esse.

277 1872 338 1909 Fr.
360 1876 420 1911 30.
443 1870 558 1920 [Cort.
575 1883 612 1919 p.
633 1874 716 1910 980.
740 1871 836 1907 Gerl.
860 1871 920 1908 ed.
944 1871 1030 1908 mai.
1051 1869 1122 1914 IV,
1142 1871 1177 1907 3.
1199 1867 1260 1904 ed.
1284 1868 1373 1904 min.
1394 1867 1467 1913 IV,
1487 1869 1549 1906 41
1567 1878 1603 1914 p·

164 1932 418 1975 228,15.--
437 1929 551 1966 Deest
570 1940 631 1975 ap.
659 1928 788 1973 Debr.]
815 1928 957 1972 Verba,
978 1926 1212 1965 aPrisciano
1232 1924 1302 1969 IX,
1321 1926 1364 1970 7,
1386 1925 1444 1962 37.
1461 1934 1500 1970 p
1520 1925 1605 1962 455.

165 1986 228 2022 Kr.
249 1986 419 2031 laudata,
438 1986 676 2033 probabiliter
698 1985 748 2021 ad
767 1985 928 2021 eandem
948 1995 1026 2020 rem
1045 1982 1251 2031 pertinent,
1267 1986 1307 2017 ut
1323 1981 1471 2028 Fragm.
1494 1990 1604 2026 prae-

165 2042 321 2082 cedens.
363 2042 473 2088 Quod
493 2043 524 2079 si
547 2053 623 2078 non
644 2042 740 2078 salso
761 2042 1010 2086 coniecimus,
1031 2037 1297 2086 intelligendae
1317 2040 1402 2088 sunt
1427 2040 1528 2073 rates
1548 2047 1607 2073 ra—

165 2099 256 2146 pido
284 2100 377 2136 freto
413 2100 566 2136 collisae
598 2100 692 2135 inter
725 2109 787 2143 se,
818 2102 856 2135 ut
883 2097 965 2145 regi
997 2109 1071 2133 non
1101 2099 1268 2143 possent.
1319 2094 1362 2130 In
1389 2104 1430 2130 re
1450 2094 1609 2130 nautica

166 2157 265 2192 enim
285 2158 484 2193 ministeria
505 2156 717 2204 significant
738 2160 932 2191 nautarum
954 2164 1107 2200 operam
1131 2153 1169 2187 in
1197 2149 1444 2199 gubernando
1468 2160 1607 2196 regen-

167 2212 290 2260 doque
313 2213 465 2260 navigio
488 2213 663 2260 positam.
684 2222 740 2238 —·—
759 2213 831 2248 Pro
851 2211 1079 2258 implicatae,
1111 2219 1221 2256 quam
1244 2207 1430 2255 participii
1449 2206 1605 2242 formam

165 2269 382 2307 Priscianus
402 2274 478 2305 tum
495 2268 687 2306 Ciceronis
711 2270 927 2305 auctoritate
948 2267 986 2302 in
1011 2267 1137 2302 Pison.
1159 2276 1195 2300 c.
1223 2268 1289 2310 29,
1318 2265 1376 2302 70.
1403 2262 1604 2310 familiari-

166 2330 238 2363 tate
256 2326 552 2373 implicatus,
575 2330 651 2361 tum
672 2325 743 2361 hoc
766 2325 848 2372 ipso
875 2323 1043 2361 Sallustii
1063 2323 1146 2358 loco
1165 2324 1308 2366 tuetur,
1335 2319 1384 2355 in
1397 2318 1487 2356 Sall.
1515 2317 1603 2354 edd.

165 2383 337 2420 omnibus
360 2393 557 2430 perperam
578 2385 634 2418 est
648 2382 859 2428 implicitae,
892 2379 992 2427 quod
1011 2383 1180 2426 repetere
1201 2376 1400 2423 noluimus

278 2440 338 2476 Fr.
359 2443 418 2478 31.
443 2439 572 2485 [Deest
593 2438 694 2484 apud
717 2437 836 2483 Cort.,
859 2437 955 2473 Gerl.
979 2436 1038 2474 ed.
1060 2437 1145 2472 mai.
1160 2434 1327 2470 etDebr.
1345 2431 1518 2468 -GerL
1540 2429 1601 2466 ed.

166 2497 258 2533 min.
279 2497 346 2542 ΙΙΙ,
363 2498 421 2535 79.
440 2508 477 2543 p.
497 2498 588 2539 223,
619 2495 694 2538 17.]
716 2494 924 2530 Arusianus
950 2503 988 2528 v.
1010 2494 1262 2540 propinquum
1285 2490 1349 2525 illa
1376 2498 1439 2533 re,
1459 2499 1496 2534 p.
1518 2488 1600 2525 254.

166 2553 334 2589 Lindem.
354 2553 452 2589 hunc
476 2554 598 2588 locum
619 2551 674 2587 sic
703 2550 832 2586 afferzt
864 2549 1042 2594 „.Sallust
1073 2550 1171 2585 Hist.
1193 2547 1235 2584 G.
1262 2545 1306 2583 G.
1337 2545 1466 2582 Verris
1483 2544 1605 2580 littora

166 2608 276 2646 Italia
289 2620 408 2657 prop.
429 2610 529 2657 firm.
533 2607 559 2630 ‘⁴
585 2607 647 2644 Ad
668 2607 763 2643 haec
789 2606 1065 2642 Lindemannus
1094 2607 1190 2642 bene
1222 2602 1414 2639 annotavit
1440 2600 1603 2646 priorem

167 2666 325 2703 litteram
346 2666 389 2702 G.
410 2676 605 2702 numerum
629 2664 711 2701 libri
733 2664 945 2706 continere,
969 2663 1123 2698 alteram
1144 2670 1230 2696 esse
1256 2661 1381 2694 notam
1396 2655 1476 2693 Gaii
1492 2665 1602 2702 prae-

166 2723 328 2759 nominis
361 2724 493 2769 (quam
526 2732 592 2758 eur
625 2731 711 2758 cum
735 2719 773 2756 C.
799 2720 1089 2762 mutaverimus,
1122 2716 1264 2764 patebit
1286 2726 1334 2751 ex
1355 2715 1519 2749 annotat.
1551 2710 1602 2747 ad

165 2780 228 2817 Fr.
248 2779 317 2824 ΠΙ,
340 2780 404 2826 77,
424 2779 498 2823 2),
527 2778 689 2826 denique
709 2788 778 2826 pro
811 2777 940 2813 Verris
970 2774 1208 2812 scribendum
1232 2782 1319 2808 esse
1355 2768 1512 2809 Verres‚·
1536 2767 1607 2804 sed
