1774 3002
473 170 803 211 msromAmm
830 167 1150 229 FRAGMENTA.
1200 169 1287 206 LIB.
1318 169 1346 206 1.
1571 160 1627 206 25

329 306 397 348 26.
437 298 584 355 Quum
608 310 711 343 arae
749 298 794 342 et
818 295 905 342 alia
941 294 1010 341 dis
1047 294 1219 339 sacrata
1244 291 1490 360 supplicum
1518 306 1630 338 san-

193 383 329 446 guine
356 382 650 430 foedarentur.

330 470 399 515 27.
429 466 532 513 Inde
563 466 688 522 ortus
715 474 875 519 sermo,
905 458 1262 525 percontantibus
1294 458 1518 523 utrinque:
1549 473 1631 504 sa-

194 642 269 673 turn
289 634 476 672 sufficeret
495 634 545 671 ad
565 634 689 671 Sullae
709 633 866 669 consilia
893 629 1174 668 dissensionibus
1189 628 1350 665 civilibus
1369 627 1532 674 impliciti
1553 626 1634 662 illu-

195 690 360 730 stranda.
409 691 491 728 Non
518 695 575 728 est
601 691 713 738 igitur
736 689 927 736 probabile
956 688 994 723 in
1019 691 1121 722 tanta
1147 685 1328 722 brevitate
1349 685 1396 720 de
1419 684 1505 723 belli
1533 694 1633 719 com-

193 742 357 796 ponendi
377 747 659 784 condicionibus
703 757 771 792 per
789 744 1016 781 Archelaum
1036 742 1169 779 oblatis
1194 753 1216 778 a
1235 741 1412 778 Sallustio
1435 740 1551 776 ruisse
1579 738 1634 774 di-

196 810 307 841 ctum.
1602 826 1605 828 .

307 861 368 897 Fr.
388 863 446 899 26.
500 859 623 906 [Cort.
644 871 682 906 p.
702 862 784 898 956.
824 858 922 894 Gerl.
944 855 1006 892 ed.
1037 856 1125 892 mai.
1150 855 1185 898 1,
1214 856 1273 892 71.
1309 853 1371 889 ed.
1392 854 1482 889 min.
1511 852 1546 896 1,
1575 850 1634 890 16.

196 929 233 965 p.
265 919 352 962 184,
374 919 410 956 6.
453 917 562 953 Debr.
585 916 620 960 l,
637 918 696 954 29.
717 915 775 959 111,
800 912 895 962 15o.]
934 913 1044 950 Serv.
1064 911 1114 948 ad
1134 911 1240 957 Virg.
1263 910 1359 946 Aen.
1380 910 1423 954 11,
1442 912 1525 947 502.
1562 907 1634 944 Sa-

195 976 314 1018 crata,
340 970 674 1020 quodGerlachius
688 972 860 1018 vulgatas
876 969 998 1006 Servii
1013 968 1102 1004 edd.
1118 970 1270 1004 secutus
1286 966 1443 1003 mutavit
1456 966 1493 1002 in
1507 974 1634 1007 sacra,

196 1031 269 1066 iam
293 1028 491 1065 Putsehius
516 1027 654 1072 edidit,
680 1031 717 1062 et
739 1026 977 1062 confirmatur
997 1024 1121 1062 Servii
1149 1022 1281 1059 codice
1305 1021 1473 1066 Cassel.;
1503 1022 1552 1057 cf.
1573 1021 1603 1057 F
1605 1032 1634 1056 r.

195 1086 289 1122 nist.
310 1085 353 1129 ΙΙ,
381 1087 440 1123 66.
463 1085 537 1120 Ine.
559 1088 618 1122 55.
664 1083 826 1119 Pertinet
844 1082 1108 1128 Fragmentum
1129 1078 1178 1115 ad
1207 1090 1292 1115 eum
1315 1079 1560 1115 Historiarum
1584 1078 1636 1113 lo-

196 1152 293 1186 cum,
314 1142 385 1177 ubi'
399 1145 585 1177 narratum
601 1143 832 1186 estrquanta
852 1137 1070 1178 crudelitate
1090 1148 1114 1172 a
1128 1134 1246 1172 Cinna
1266 1139 1303 1171 et
1322 1135 1439 1171 Mario
1462 1145 1497 1170 a.
1516 1134 1576 1171 87.
1599 1134 1637 1169 in

197 1199 342 1242 urbem,
367 1197 455 1233 dum
477 1195 581 1233 Sulla
599 1200 728 1232 contra
748 1194 996 1231 Mithridatem
1016 1195 1152 1229 bellum
1170 1192 1278 1240 gerit,
1309 1192 1487 1233 reversis,
1508 1194 1637 1226 contra

197 1264 348 1298 omnes,
372 1254 434 1300 qui
460 1265 534 1289 non
562 1264 712 1290 suarum
736 1252 897 1299 partium
919 1254 1066 1295 essent,
1096 1249 1282 1286 saevitum
1310 1248 1370 1284 sit.
1403 1247 1451 1283 cl‘.
1473 1247 1571 1282 Vell.
1593 1246 1636 1290 ΙΙ,

194 1314 262 1354 22,
294 1311 328 1346 1.
358 1309 452 1346 Μαι·
473 1309 513 1347 G.
532 1309 680 1346 Marius
701 1307 884 1356 pestifero
912 1306 1048 1343 civibus
1075 1306 1152 1342 suis
1181 1305 1299 1341 reditu
1319 1304 1466 1340 intravit
1482 1305 1637 1342 moenia.

196 1365 298 1403 Nelea
325 1366 390 1402 {lla
416 1367 567 1402 victoria
597 1365 729 1413 fun'ssel
759 1364 962 1407 crudelius,
991 1364 1064 1398 miri
1089 1373 1178 1398 mox
1202 1361 1357 1398 Sullana
1383 1363 1478 1397 esset
1498 1364 1638 1396 secuda.

198 1423 325 1470 Neque
345 1423 488 1458 licentia
515 1422 720 1470 qladiorum
746 1423 784 1456 in
805 1420 998 1456 mediocris
1016 1420 1211 1462 saevitum,
1249 1417 1318 1454 sed
1347 1416 1641 1453 excellentissima·

197 1480 328 1526 quique
345 1483 380 1515 el
399 1479 668 1515 eminentisshni
688 1478 838 1514 civitae&
864 1477 935 1512 viri
951 1476 1065 1511 variis
1081 1475 1347 1522 suppliciorum
1363 1472 1559 1520 ymerum
1575 1471 1637 1520 af-

196 1534 297 1582 fecti.
341 1534 488 1571 Merula
506 1535 630 1571 metiris
648 1535 748 1570 venis
766 1531 1124 1580 superfusoque
1141 1530 1387 1567 altaribus
1403 1530 1638 1576 sanquine

197 1591 366 1638 spirim
387 1591 556 1627 reddidit.
599 1591 697 1626 Flor.
718 1586 785 1635 111,
816 1593 884 1633 21,
910 1591 966 1626 16.
1007 1587 1154 1623 Merula
1169 1588 1309 1634 flamen
1333 1586 1453 1622 Dialis
1471 1587 1509 1622 in
1528 1585 1638 1633 Capi-

199 1647 281 1683 tol-'o
305 1645 435 1684 Iovis
461 1649 614 1694 ipsius
632 1647 802 1683 oculos
824 1655 1051 1682 venarum
1069 1653 1247 1680 cruore
1265 1643 1519 1690 respersit.
1562 1642 1639 1678 Au-

199 1703 338 1751 gustin.
361 1702 408 1739 de
425 1702 506 1740 Civ.
530 1703 597 1739 Dei
622 1703 687 1745 111,
707 1705 766 1741 27.
799 1702 904 1738 Bello
926 1699 1100 1736 Mar-iano
1119 1704 1227 1747 alque
1248 1699 1401 1736 SuHano
1420 1718 1477 1725 —-
1496 1699 1535 1734 in
1556 1700 1639 1746 ipsa

199 1769 340 1807 quoque
355 1760 446 1796 urbe
461 1759 702 1796 cadaveribus
719 1760 807 1804 vici,
827 1759 997 1805 plateae,
1017 1757 1127 1804 sora,
1155 1756 1321 1801 theatra,
1349 1755 1521 1803 templa
1540 1765 1637 1791 com-

195 1816 297 1862 pleat
312 1820 411 1852 sunt.
456 1817 504 1852 cf.
526 1815 711 1852 Plutarch.
742 1816 781 1851 in
801 1815 918 1851 Mario
948 1825 982 1849 c.
1005 1816 1053 1851 43
1070 1824 1127 1859 sq.
1153 1813 1316 1859 Appian.
1340 1812 1384 1848 B.
1411 1811 1492 1848 Civ.
1514 1811 1549 1855 1,
1579 1813 1639 1850 71.

202 1872 260 1909 74.
287 1882 326 1918 p.
350 1874 409 1911 99.
439 1883 521 1919 sqq.
559 1872 620 1907 ed.
644 1871 882 1918 Schweigh.,
914 1871 976 1916 qui
998 1874 1136 1916 quanta
1155 1869 1254 1905 illius
1279 1869 1456 1914 temporis
1480 1867 1639 1903 foeditas

202 1927 313 1963 fuerit
330 1928 449 1964 fusius
470 1934 633 1964 narrant.
647 1947 705 1952 —
736 1926 981 1970 Debrossius,
1002 1926 1198 1972 frag-menti
1221 1935 1375 1960 sensum
1394 1924 1514 1969 primo
1540 1927 1640 1959 recte

204 1987 413 2027 assecutus,
442 1988 574 2030 postea
593 1983 804 2019 incredibili
822 1982 1068 2028 perversitate
1090 1980 1232 2017 Orestis
1255 1991 1299 2016 ac
1315 1979 1471 2026 Pyladis
1490 1979 1567 2015 sata
1592 1980 1642 2016 si-

204 2038 374 2085 gnificari
388 2043 504 2084 putat,
524 2050 619 2086 quae
642 2038 858 2075 Sallustium
880 2037 987 2084 fingit
1003 2037 1040 2071 in
1056 2035 1281 2072 Chersonesi
1299 2036 1480 2072 Tauricae
1502 2035 1643 2073 descri-

205 2094 331 2141 ptione
345 2105 671 2131 commemorasse.

316 2150 376 2186 Fr.
394 2152 454 2188 27.
497 2147 619 2198 [Cort.
636 2162 674 2197 p.
696 2154 799 2189 1002.
843 2149 941 2185 Gerl.
963 2148 1024 2184 ed.
1041 2149 1127 2184 mai.
1151 2148 1227 2184 Ine.
1248 2150 1309 2186 24.
1328 2147 1393 2191 ed.
1416 2149 1506 2184 min.
1527 2148 1585 2193 V,
1603 2151 1639 2187 9.

206 2218 244 2253 p.
258 2207 348 2250 235,
370 2209 426 2244 14.
464 2206 575 2242 Debr.
592 2207 643 2251 Π,
662 2204 767 2255 aa]
804 2207 938 2250 Locus,
959 2216 1033 2242 non
1052 2205 1241 2241 nominato
1263 2205 1376 2250 libro,
1397 2209 1519 2242 exstat
1540 2205 1643 2252 apud

205 2263 388 2298 Donatum
407 2262 456 2298 ad
478 2261 563 2298 Ter.
585 2263 680 2299 Eun.
703 2263 752 2308 V,
781 2267 824 2307 5,
840 2264 882 2300 8.
903 2281 962 2288 ——
1008 2261 1331 2306 Percontantibus‚
1353 2261 1455 2308 quod
1477 2261 1643 2298 Donatus

205 2318 330 2361 habet,
355 2317 500 2355 Cottius
523 2330 607 2355 cum
621 2320 806 2366 prioribus
828 2317 1032 2354 editoribus
1048 2318 1144 2354 male
1164 2319 1321 2354 mutavit
1339 2318 1378 2353 in
1389 2322 1642 2365 perc-ametan-

206 2374 317 2419 tibus,
337 2374 384 2409 de
407 2385 480 2420 quo
498 2388 537 2412 v.
554 2374 604 2411 ad
619 2373 723 2412 Catil.
741 2387 774 2411 c.
797 2375 881 2418 XL,
907 2379 943 2412 2.
959 2394 1017 2401 —-
1056 2375 1128 2410 Pro
1152 2374 1252 2410 salve
1271 2377 1355 2409 ante
1371 2373 1535 2410 Cortium
1557 2374 1644 2410 ede-

206 2432 312 2467 batur
330 2430 475 2476 salvae,
501 2431 707 2468 secundum
734 2433 931 2468 multorum
955 2422 1186 2477 opifiionem,
1217 2430 1278 2476 qui
1301 2431 1339 2465 in
1362 2429 1432 2466 hac
1458 2430 1643 2467 salutandi

209 2487 366 2523 formula
389 2486 606 2524 adverbium
625 2489 757 2524 salsum
783 2491 930 2535 putant,
962 2488 1065 2524 velut
1092 2486 1257 2523 Gronov.
1292 2486 1341 2522 ad
1374 2487 1491 2522 Plaut.
1526 2486 1643 2524 Stich.

208 2542 236 2587 1,
258 2546 291 2587 1,
313 2547 368 2581 lo.
402 2542 541 2579 Duker.
558 2543 607 2579 ad
626 2545 706 2581 Liv.
726 2544 754 2589 1,
776 2547 834 2588 58,
854 2546 891 2583 7.
935 2543 1136 2580 Ruhnken.
1157 2542 1208 2578 ad
1226 2541 1311 2578 Ter.
1329 2542 1449 2579 Andr.
1471 2543 1534 2587 IV,
1554 2547 1589 2590 5,
1608 2546 1643 2582 9.

210 2598 438 2645 Quamquam
459 2603 581 2635 autem
604 2600 759 2636 concedi
780 2600 907 2645 debet,
933 2604 1079 2636 veteres
1106 2599 1248 2643 dixisse
1276 2600 1384 2635 satin'
1410 2599 1565 2636 salvae?
1589 2611 1644 2636 sc.

208 2658 292 2690 sum
309 2665 371 2691 res
393 2656 492 2700 (Liv.
510 2655 542 2699 1,
563 2657 621 2693 58.
642 2657 680 2703 7.
719 2656 790 2700 VI,
809 2658 875 2703 34,
889 2657 926 2693 8.
964 2656 1019 2700 X,
1044 2659 1106 2699 18,
1130 2656 1227 2700 11.),
1251 2660 1287 2691 et
1306 2657 1415 2691 salin'
1433 2656 1539 2692 salva
1561 2659 1647 2692 sunl

208 2712 355 2747 omnia?
383 2712 482 2756 (Liv.
503 2711 569 2755 ΠΙ,
588 2714 647 2756 26,
661 2713 729 2757 9.),
746 2715 866 2748 tamen
888 2713 998 2749 etiam
1018 2713 1126 2748 satiae’
1145 2712 1275 2748 salve?
1296 2712 1435 2759 optime
1457 2722 1498 2748 se
1519 2712 1643 2747 habet.

209 2766 351 2803 Vocem
369 2768 490 2814 ipsam
506 2771 626 2805 tuetur
646 2768 812 2806 Donatus
826 2769 851 2804 1.
872 2770 896 2806 1.
915 2769 1016 2805 salve
1030 2768 1224 2815 explicans
1243 2769 1393 2815 inteqre,
1413 2771 1523 2813 recle,
1545 2777 1643 2803 com·
