1774 3002
468 173 798 212 uls‘romstfflum
826 172 1136 211 FRAGMENTA.
1197 174 1281 211 me.
1315 174 1374 210 111.
1545 168 1628 212 217

243 324 250 327 ·
320 303 391 347 27.
445 299 481 360 [
489 298 695 359 Virqilius
723 299 769 343 in
794 306 922 358 peste
955 298 1242 344 describenda
1274 298 1470 344 ordinem
1498 313 1627 343 secu-

187 390 257 430 lus
295 391 380 436 est,
426 397 549 444 quem
585 390 631 427 ec
670 380 902 426 Lucretius
942 383 1079 428 (cml
1113 386 1162 427 et
1190 380 1453 442 Sallustius]
1489 380 1627 442 primo

188 481 355 534 aerem,
380 465 481 511 iude
510 479 689 528 aquam,
715 466 816 525 post
842 463 1002 524 pabula
1036 478 1138 509 esse
1161 466 1380 525 corrupta.

191 627 320 672 Mero„
340 627 376 662 in
395 626 586 674 plerisque
606 623 718 669 codd.
739 635 787 660 ex
802 624 896 660 libro
913 628 1044 672 quarto
1063 623 1250 662 laudatus.
1272 624 1382 670 Quod
1404 635 1628 673 quamquam

190 683 402 720 confirmari
424 682 572 719 videtur
600 682 816 718 auctoritate
838 682 1038 725 Prisciani,
1067 682 1128 728 qui
1157 682 1223 725 VI,
1252 684 1287 726 9,
1311 684 1368 721 46.
1399 694 1436 729 p.
1459 685 1539 720 250.
1561 681 1625 718 ΚΓ.

191 742 306 777 verba
324 741 543 776 mmai-enta
562 739 714 775 maclore
733 739 1015 785 infirmarentur
1036 739 1174 785 pariter
1194 749 1242 774 ex
1270 738 1333 774 lV.
1355 739 1482 782 affert,
1504 743 1627 776 tamen

192 808 253 834 res
274 797 358 844 ipsa
377 797 468 835 satis
489 797 590 832 claro
619 795 842 831 documento
867 799 925 831 est
947 795 1079 831 salsum
1099 805 1185 831 esse
1215 794 1314 831 hunc
1342 807 1556 840 numerum,
1582 807 1626 831 ac

191 854 371 901 potiorem
391 853 502 889 fidem
526 853 659 888 mereri
687 851 860 898 antiquas
886 851 995 887 Nonii
1020 850 1128 894 edd„
1161 862 1256 898 quae
1282 852 1338 888 Ill.
1367 853 1499 889 librum
1520 862 1625 899 prae-

192 912 290 947 bent.
311 909 454 946 Eadem
491 910 588 945 enim
623 912 859 956 tempestate,
898 919 993 955 quae
1028 907 1253 945 Mithridatis
1290 919 1408 945 naves
1450 911 1487 945 in
1518 913 1628 956 portu

192 968 382 1014 frangeret
409 965 675 1012 machinasque
701 969 904 1009 everteret,
933 968 1063 1001 auctor
1094 969 1220 1001 narrat
1248 964 1458 1013 Cyzicenos
1480 976 1628 1013 quoque

194 1023 305 1060 valde
334 1025 491 1060 vexatos
510 1018 547 1059 e't
574 1023 611 1059 in
635 1026 811 1058 terrorem
837 1022 1028 1058 coniectos
1058 1032 1158 1058 esse.
1182 1041 1239 1047 —-
1268 1023 1339 1058 Pro
1363 1022 1472 1070 quusi
1498 1022 1534 1058 in
1564 1022 1626 1058 ed.

192 1078 386 1124 Cartima,
425 1079 604 1115 incertum
642 1078 858 1126 typothetae
896 1089 1023 1115 errore
1070 1089 1119 1114 an
1154 1089 1175 1114 e
1220 1079 1455 1123 coniectura,
1494 1079 1628 1126 legitur

189 1135 432 1184 quanli,‘qnod
450 1135 562 1172 valde
584 1137 765 1172 absonum
793 1139 871 1179 est;
896 1136 1005 1183 quasi
1027 1135 1127 1172 enim
1155 1136 1255 1172 valet
1280 1135 1386 1183 fere,
1406 1136 1458 1172 uti
1484 1136 1628 1172 monui-

192 1204 275 1231 mus
294 1193 345 1230 ad
366 1193 426 1229 Fr.
446 1193 482 1236 1,
505 1194 566 1231 73.
595 1191 739 1229 Sensus
760 1192 869 1239 igitur
885 1196 958 1228 est:
981 1203 1055 1228 non
1078 1192 1198 1228 minor
1220 1193 1318 1237 sere,
1338 1203 1449 1240 quom
1463 1194 1629 1240 inportu

192 1253 228 1287 et
245 1251 380 1286 caus-12³
397 1250 553 1286 nauticis
573 1248 817 1293 Malu-matis,
850 1249 1035 1286 festinatio
1053 1252 1088 1284 et
1101 1249 1245 1296 ‚ingens
1267 1253 1386 1285 terror
1406 1254 1484 1286 erat
1506 1250 1543 1285 in
1563 1261 1629 1296 op-

193 1306 293 1352 pido.
314 1326 369 1332 —-
392 1306 591 1342 Festinatio
613 1305 674 1341 hic
695 1305 842 1352 trepida
872 1309 928 1342 est
952 1306 1210 1350 concursati03
1239 1306 1286 1341 ct‘.
1310 1305 1414 1342 Catil.
1441 1317 1473 1341 e.
1495 1305 1627 1349 xxxi,

194 1367 227 1400 1.
248 1366 286 1398 et
309 1373 344 1399 v.
367 1361 417 1398 ad
437 1363 516 1409 lug.
539 1373 571 1397 c.
593 1362 723 1406 LXVl,
747 1355 776 1399 1.
802 1381 859 1388 —-·
887 1362 939 1397 De
963 1362 1237 1398 constructione
1266 1363 1465 1398 verborum
1487 1372 1546 1398 ex
1565 1363 1627 1398 la—

193 1423 296 1455 cere
312 1419 552 1463 minuimento,
573 1420 707 1464 quibus
727 1417 984 1465 significantur
1010 1419 1230 1454 munimenta
1250 1427 1362 1465 opere
1383 1419 1546 1455 later-icto
1565 1418 1629 1482 so-

193 1478 271 1521 cta,
305 1476 353 1511 cl.
382 1474 431 1511 ad
458 1474 519 1510 Fr.
547 1475 613 1519 111,
644 1476 703 1513 57
768 1474 871 1511 Nova
900 1478 1023 1511 autem
1059 1474 1231 1510 dicuntur
1261 1476 1511 1519 munimenta,
1543 1475 1630 1522 quia

194 1530 370 1579 Cyziceni
391 1542 474 1567 eam
494 1531 588 1566 muri
607 1535 771 1577 partem,
792 1542 888 1578 quae
910 1531 1086 1568 incendio
1101 1535 1314 1576 corruerat,
1342 1532 1514 1568 celeriter
1534 1533 1629 1567 rese-

193 1591 347 1632 cerant;
365 1589 413 1624 cf.
430 1587 594 1634 Appian.
613 1587 738 1623 Mithr.
761 1598 796 1623 c.
817 1589 881 1632 74,
906 1592 999 1624 extr.
1028 1582 1107 1623 Καὶ
1125 1581 1218 1624 τάδε
1239 1578 1374 1632 αὐτοῖς
1401 1581 1626 1655 φερεπονῶ-

194 1635 356 1693 ταταδὴ
374 1641 697 1691 κακοπαθοῦσιν,
716 1655 843 1691 ομως
861 1655 913 1711 γε
931 1643 1017 1681 τοῦ
1036 1640 1230 1692 τείχους
1256 1636 1452 1706 ἔκαυ-θη
1478 1657 1523 1681 τι
1545 1639 1630 1680 καὶ

193 1695 465 1737 συνέπεσεν
497 1695 542 1744 ἐς
574 1695 800 1762 ἑσπέραν.
849 1690 898 1737 ου
928 1691 1008 1764 μὴν
1038 1696 1192 1748 ἔφθασέ
1218 1712 1276 1744 τις
1310 1693 1542 1764 ἕςαλᾰμενος
1573 1696 1630 1738 ἔτι

194 1749 364 1807 θερμόν·
396 1746 500 1793 ἄλλ’
531 1745 648 1792 αὐτὸ
686 1749 867 1801 νυκτὸς
896 1747 1079 1793 αὐτίκα
1103 1749 1557 1809 περιωκοδόμησαν
1585 1754 1635 1793 οἵ

194 1809 480 1861 Κυζικηνοί.
510 1833 564 1839 -—
595 1813 663 1848 Pro
690 1814 842 1850 omnia
866 1814 1010 1861 oppidi,
1038 1813 1139 1859 quod
1163 1814 1201 1849 in
1225 1813 1399 1850 omnibus
1427 1813 1537 1850 codd.
1566 1824 1630 1849 ex-

197 1872 287 1913 stat,
314 1880 363 1904 ex
389 1868 499 1904 Nonii
532 1869 594 1904 ed.
620 1868 708 1905 Ald.
740 1870 779 1904 in
815 1866 980 1906 Sallustii
1001 1869 1089 1905 edd.
1121 1870 1258 1905 invasit
1285 1866 1464 1906 moenio
1491 1870 1629 1917 oppidi,

197 1924 298 1971 quod
318 1935 392 1960 non
414 1924 527 1960 modo
553 1935 625 1960 non
645 1925 912 1968 necessarium,
930 1926 999 1962 sed
1019 1936 1174 1972 prorsus
1192 1926 1384 1962 absonum.
1405 1926 1499 1961 Nam
1519 1937 1632 1972 quum

197 1984 324 2016 aestus
342 1981 458 2016 maris
476 1991 544 2027 per
565 1981 712 2016 cloacas
741 1981 778 2016 in
804 1981 984 2028 oppidum
1012 1982 1185 2025 intraret,
1214 1992 1282 2027 per
1312 1986 1482 2029 serpatet
1507 1991 1632 2018 omnes

196 2037 323 2083 oppidi
332 2040 465 2084 portes
484 2037 600 2073 fuisse
616 2037 835 2081 inundatas,
858 2048 979 2084 neque
1004 2049 1088 2074 eam
1107 2037 1387 2075 inundationem
1408 2038 1458 2074 ad
1482 2039 1631 2075 moenia

198 2094 279 2129 sola
309 2093 551 2140 pertinuisse,
582 2103 677 2139 quae
706 2093 892 2141 alioquin,
922 2094 1031 2130 etiam
1062 2094 1143 2130 sine
1174 2095 1237 2130 illa
1264 2104 1421 2142 caussa,
1451 2106 1500 2131 ne
1528 2100 1630 2132 recte

198 2149 348 2196 quidem
368 2149 442 2185 dici
466 2153 622 2202 pqssunt
639 2153 826 2197 staynare.

308 2206 369 2241 Fr.
393 2206 452 2243 2²7.
474 2205 603 2251 [Deest
623 2217 685 2252 ap.
706 2205 803 2242 Gort.
829 2210 864 2243 et
891 2206 1001 2243 Debr.
1020 2226 1077 2232 —
1105 2207 1205 2243 Gerl.
1232 2206 1295 2244 ed.
1324 2208 1412 2244 mai.
1442 2208 1519 2244 lnc.
1548 2211 1629 2247 191.

197 2261 261 2297 ed.
275 2262 365 2297 min.
381 2261 457 2297 lnc.
479 2263 538 2299 64.
559 2273 597 2310 p.
618 2265 708 2307 239,
728 2263 782 2307 9.]
803 2263 944 2307 Locus,
967 2264 1029 2310 qui
1049 2265 1171 2300 exstat
1198 2263 1299 2310 apud
1319 2263 1428 2301 Serv.
1451 2264 1502 2300 ad
1520 2265 1629 2312 Virg.

199 2318 336 2365 Georg.
366 2318 432 2362 Ill,
462 2318 674 2362 481.‚..sine
702 2318 784 2355 libri
814 2323 921 2363 nota,
950 2330 1175 2367 quamquam
1207 2321 1292 2368 ipsa
1318 2320 1484 2358 Sallustii
1512 2323 1630 2358 verba

199 2385 272 2409 non
294 2374 428 2420 habet,
451 2378 571 2409 tamen
599 2374 831 2422 Fragmentis
855 2374 1078 2412 inserendus
1110 2377 1196 2421 suit,
1228 2377 1316 2423 quia
1340 2378 1560 2425 planissime
1583 2389 1630 2413 ex

197 2442 243 2466 eo
266 2430 479 2477 intelligitur
499 2428 711 2467 Sallustium
736 2432 775 2467 in
795 2432 966 2469 Historiis
985 2433 1119 2470 alicubi
1150 2433 1198 2469 de
1217 2437 1324 2480 peste
1352 2433 1509 2470 dixisse.
1539 2434 1630 2470 Eam

199 2487 416 2523 Gerlachius
437 2486 524 2521 Vol.
549 2486 608 2521 Ill.
629 2498 668 2533 p.
693 2491 746 2525 15.
771 2491 807 2524 et
829 2491 908 2527 144.
929 2493 1002 2525 tam
1023 2490 1238 2537 nugatorie,
1263 2500 1375 2536 quam
1400 2490 1570 2536 fidenter,
1593 2494 1630 2526 ut

200 2544 312 2587 solet,
336 2543 478 2579 Romae
495 2541 590 2578 inde·
603 2544 649 2579 ab
669 2554 766 2579 anno
788 2547 845 2583 76.
873 2556 907 2581 a.
937 2545 1022 2583 Chr.
1052 2557 1090 2582 n.
1116 2556 1184 2593 per
1213 2547 1425 2592 complures
1450 2546 1630 2594 deinceps

200 2610 322 2636 annos
339 2599 523 2636 saeviisse
542 2598 718 2643 affirmat,
740 2611 954 2647 provocans
973 2606 1047 2642 tum
1071 2602 1120 2638 ad
1141 2602 1306 2648 Pompeii
1324 2603 1528 2650 Epistolam
1549 2604 1628 2648 (Fr.

199 2656 270 2700 111,
296 2657 371 2700 l.),
390 2667 463 2702 qua
482 2656 543 2691 ille
564 2656 764 2692 exereitum
786 2669 893 2694 suum
913 2658 950 2694 in
971 2659 1150 2706 Hispania
1173 2658 1276 2705 fame
1296 2661 1424 2695 vexari
1451 2660 1628 2706 queritur,

201 2715 274 2747 tum
299 2711 349 2748 ad
367 2712 430 2748 Fr.
449 2711 514 2754 111,
536 2714 608 2755 90„
629 2723 703 2758 quo
723 2712 759 2748 in
773 2716 968 2759 provincia
986 2716 1102 2762 (quae
1120 2714 1220 2750 haud
1242 2714 1355 2751 dubie
1376 2715 1556 2762 Hispania
1577 2716 1629 2750 in-

200 2767 400 2814 telligenda
413 2770 493 2812 est)
516 2779 585 2816 per
604 2768 791 2804 biennium
820 2781 936 2817 grave
956 2773 1115 2817 pretium
1144 2771 1321 2808 fructibus
1350 2773 1466 2808 tuisse
1498 2781 1627 2807 narra-
