1774 3002
0 1394 33 1615 f->n-mffi2==,c<.ffli.
7 1361 29 1383 „
17 1342 19 1346 a

17 1712 23 1716 .
7 1619 26 1691 ,νυν-’ξ

464 161 796 205 fflSTomARUM
821 160 1136 199 FRAGMENTA.
1195 161 1283 198 Lm.
1310 161 1338 198 1.
1560 152 1625 199 ’89

182 287 322 349 primo
349 301 442 347 *per-
459 284 800 348 ignobilitatem,
830 285 987 333 deinde
1018 299 1100 345 per
1134 283 1341 331 invidiam
1364 284 1628 345 scriptorum

183 371 447 417 incelebrata
466 365 592 426 sunt,
620 383 734 431 quae
764 368 896 415 vivus
929 367 1043 415 l'acie
1074 382 1159 414 sua
1184 368 1433 415 ostentabat
1460 368 1629 430 aliquot

183 453 388 502 advorsis
422 452 695 501 cicatricibus
716 454 768 498 ‘et
801 452 969 499 effosso
998 451 1143 498 oculo.
1194 450 1294 508 Quo
1321 450 1396 498 ille
1425 451 1627 499 dehone-

186 617 343 653 sonasse
363 614 530 652 Sallustii
543 614 718 660 exemplo
737 613 831 649 dixit
845 613 960 648 Tacit.
982 612 1082 648 Ann.
1104 611 1168 656 Vl,
1188 613 1223 655 7,
1243 615 1279 648 5.
1320 610 1433 648 Nobis
1445 612 1628 659 pleraque

184 672 296 720 difflua
312 672 456 719 coym'tu
474 670 669 714 obvenere,
689 681 909 717 quamquam
929 669 976 704 ab
998 669 1080 704 alit's
1102 667 1417 703 incelebrata.
1463 667 1627 715 Scripto-

184 739 267 772 res,
296 739 392 775 quos
419 726 585 763 invidiae
609 727 733 773 arguit
759 726 978 769 Sallustius,
1009 725 1112 761 haud
1140 724 1251 760 dubie
1279 724 1511 771 intelligendi
1541 729 1628 761 sunt

184 784 363 828 Sisenna,
386 783 512 820 Sullae
532 779 809 829 'nobilitatisque
828 783 996 828 partibus
1020 780 1213 823 addictus,
1235 791 1280 816 ac
1301 780 1407 817 Sulla
1427 781 1521 827 ipse,
1541 780 1627 818 Ser—

184 841 281 876 torio
300 840 553 876 invisissimus
575 840 683 885 eique
701 839 862 875 maxime
885 840 1063 881 infestus,
1084 847 1242 884 quorum
1258 836 1322 873 hic
1342 839 1380 874 in
1400 842 1628 874 commenta-

185 897 250 934 riis
270 896 320 933 de
342 897 420 933 vita
450 907 540 941 sua,
567 896 628 931 ille
657 896 694 931 in
714 894 870 931 historia
897 895 983 932 belli
1005 894 1156 930 Marsici
1185 898 1221 928 et
1249 893 1372 930 civilis
1401 893 1449 929 de
1470 892 1627 930 Sertorii

185 955 296 989 rebus
316 957 468 991 strenue
486 952 604 999 gestis
624 953 686 987 vel
704 953 817 998 plane
838 952 1008 996 siluisse,
1037 951 1099 985 vel
1117 960 1251 996 parum
1273 949 1417 986 dixisse
1436 949 1627 988 videntur.

185 1009 380 1046 lnselieiler
409 1009 521 1055 igitur
540 1008 690 1054 Lipsius
720 1008 757 1043 in
784 1008 916 1054 Epistt.
939 1007 1108 1058 Quaestt.
1136 1006 1208 1050 IV,
1238 1007 1293 1044 14.
1314 1017 1352 1052 p.
1371 1008 1455 1045 296.
1477 1007 1567 1051 (ed.
1590 1018 1628 1044 a.

183 1065 316 1109 16⁰⁰..)
326 1066 626 1112 proscriptorum
643 1064 815 1109 coniecit,
834 1063 1016 1099 invidiam
1036 1063 1261 1109 intelligens,
1287 1073 1362 1109 qua
1379 1062 1417 1098 hi
1439 1063 1542 1110 apud
1561 1063 1628 1100 ho-

184 1122 303 1158 mines
324 1121 589 1158 laboraverint.
624 1120 810 1167 Deinceps
831 1119 1107 1156 absurdissima
1126 1123 1186 1154 est
1198 1120 1384 1165 scriptura
1403 1119 1441 1154 in
1460 1119 1628 1157 Sallustii

182 1171 410 1214 editionibus
425 1178 597 1225 vulgata:
619 1179 878 1213 Comminus
906 1176 1084 1223 faciem
1111 1185 1243 1211 suam
1264 1176 1479 1221 ostentabat,
1514 1187 1627 1223 quam

185 1233 405 1271 Gerlachius
421 1235 459 1269 in
475 1234 539 1269 ed.
557 1234 646 1269 mai.
663 1237 851 1280 receptam
871 1234 1007 1269 frustra
1025 1231 1165 1268 studuit
1179 1231 1406 1278 explicando
1428 1233 1536 1268 tueri.
1554 1233 1627 1270 Ne-

185 1302 258 1337 que
274 1291 372 1329 enim
391 1301 523 1331 verum
538 1294 596 1325 est
612 1289 749 1337 faciem
759 1293 942 1327 ostentare
954 1300 1041 1325 esse
1059 1288 1160 1335 facie
1175 1289 1344 1335 gloriari,
1361 1299 1482 1335 neque
1499 1289 1627 1325 docuit

187 1347 233 1382 V.
257 1347 302 1383 D.
329 1347 391 1393 qui
422 1357 543 1382 nexus
570 1346 618 1382 sit
642 1346 777 1382 horum
806 1347 1007 1382 verborum
1036 1356 1121 1380 cum
1149 1345 1476 1390 antecedentibus,
1507 1357 1628 1392 neque

187 1402 277 1450 quid
286 1403 355 1440 sibi
376 1404 467 1439 velit
485 1404 697 1439 comminus.
719 1403 776 1438 Ex
795 1403 913 1438 altera
926 1406 1032 1448 parte
1053 1401 1196 1445 melior,
1212 1401 1282 1436 sed
1302 1412 1350 1436 ex
1375 1402 1493 1437 altera
1508 1413 1629 1449 aeque

186 1459 351 1496 absurda
369 1463 428 1495 est
451 1459 561 1494 lectio
583 1469 606 1494 a
630 1459 821 1495 Gronovio
845 1462 882 1494 et
899 1459 1016 1494 Lione
1034 1457 1075 1492 in
1097 1457 1215 1493 Gellio
1237 1468 1423 1504 expressa
1442 1462 1480 1493 et
1500 1469 1523 1493 a
1542 1458 1631 1494 Ger-

186 1515 312 1552 laehio
334 1515 373 1550 in
393 1515 455 1550 ed.
471 1515 563 1550 min.
584 1520 737 1562 recepta
751 1524 871 1562 quae
889 1516 1068 1550 eminus
1083 1513 1189 1560 facie
1206 1518 1278 1550 ‘tua
1297 1513 1521 1554 ostentabat3
1543 1525 1631 1551 nam

187 1575 226 1607 ut
252 1570 410 1608 relativo
438 1571 580 1618 pariter
609 1575 720 1618 atque
742 1571 907 1607 ablativo
936 1570 1120 1607 sententia
1139 1570 1233 1606 satis
1252 1571 1352 1606 bona
1370 1569 1550 1615 efficitur,
1578 1571 1632 1608 ita

185 1628 325 1664 curium
339 1638 434 1664 sano
452 1638 566 1664 sensu
580 1627 692 1674 plane
707 1632 824 1664 caret.
857 1628 991 1663 Mirum
1008 1630 1131 1662 autem
1147 1626 1289 1662 nullum
1307 1626 1431 1663 adhuc
1449 1625 1631 1663 editorem

169 1683 331 1721 *vidisse
348 1684 535 1731 integram
562 1685 785 1731 scripturam
812 1695 899 1720 esse
921 1693 1018 1731 quae
1041 1684 1160 1728 υἱον-ς,
1186 1693 1284 1729 quae
1309 1683 1374 1718 vix
1398 1683 1555 1719 diversa
1576 1688 1634 1720 est

185 1752 208 1776 a
234 1741 396 1777 lectione
421 1744 513 1787 optt.
541 1740 655 1776 codd.
684 1750 754 1788 que
780 1742 899 1786 vivus,
930 1739 1029 1776 unde
1052 1743 1179 1775 natum
1208 1739 1247 1774 in
1268 1739 1517 1788 deterioribus
1537 1751 1634 1788 quae

184 1797 344 1841 m,
366 1797 405 1832 in
426 1797 510 1833 aliis
531 1798 717 1837 conuitium·
735 1808 847 1844 quam
867 1797 1089 1843 priusquam
1107 1796 1352 1842 explicemus,
1374 1795 1423 1831 de
1443 1797 1632 1844 interpun-

184 1854 307 1889 ctione
326 1852 527 1890 dicendum
549 1857 623 1889 est.
663 1854 759 1890 Nam
782 1863 878 1900 quae
906 1854 944 1889 in
964 1852 1139 1889 omnibus
1163 1851 1252 1887 edd.
1272 1862 1473 1898 perperam
1494 1853 1533 1887 in
1556 1857 1632 1889 tres

183 1914 316 1956 partes
331 1909 579 1953 divelluntur,
607 1913 746 1956 puncto
762 1915 804 1945 et
820 1914 907 1956 post
928 1909 1003 1956 fuit
1021 1913 1058 1944 et
1076 1911 1164 1954 post
1182 1912 1268 1944 sum
1287 1909 1431 1954 posite,
1461 1908 1501 1943 in
1520 1919 1634 1945 unam

186 1966 386 2001 verborum
401 1965 714 2011 complexionem,
734 1966 884 2011 qualem
900 1965 1151 2013 exhibuimus,
1173 1964 1275 1999 coire
1291 1963 1429 1999 debere
1450 1964 1535 2010 ipsa
1548 1975 1634 2002 ver-

19 2030 36 2060 ¹,
105 2034 109 2035 ⁷
180 2023 322 2057 borum·
337 2021 429 2056 ratio
452 2020 628 2055 ostendit.
665 2021 749 2056 Non
768 2021 944 2056 viderunt
962 2021 1062 2056 enim
1077 2019 1243 2055 editores
1263 2029 1334 2066 que
1346 2020 1533 2067 particula
1552 2031 1634 2058 rem

185 2075 423 2123 praecedenti
444 2077 670 2112 contrariam
690 2077 740 2112 ita
761 2076 927 2122 adiungi,
950 2082 988 2113 ut
1006 2076 1084 2112 vim
1099 2079 1136 2112 et
1153 2079 1274 2112 tamen
1292 2086 1429 2112 vocum
1445 2077 1633 2123 obtineat3

186 2144 284 2180 quae
300 2133 603 2185 enunciationum
622 2133 717 2168 ratio
739 2144 852 2180 quum
874 2133 985 2169 etiam
1007 2135 1424 2180 quamquam—tamen
1438 2134 1634 2180 particulis

187 2189 373 2225 declarari
399 2189 541 2235 possit,
568 2190 634 2232 (v.
663 2189 786 2225 Hand.
808 2188 1009 2225 Tursellin.
1032 2189 1121 2225 Vol.
1147 2188 1194 2224 H.
1218 2200 1260 2236 p.
1280 2190 1366 2228 4⁹6.
1411 2189 1561 2237 Zumpt.-
1583 2190 1634 2226 ad

187 2245 339 2290 Quintil.
360 2245 405 2290 11,
423 2249 460 2290 5,
479 2248 541 2284 19.
563 2245 651 2281 Vol.
673 2245 722 2281 V.
741 2257 779 2293 p.
796 2246 879 2290 83.)
902 2250 1037 2292 sponte
1056 2245 1276 2292 intelligitur
1295 2256 1372 2282 non
1390 2251 1531 2293 puncto
1552 2257 1634 2292 eas,

186 2301 257 2337 sed
286 2304 468 2337 commate
490 2300 775 2348 distinguendas
798 2312 900 2338 esse.
950 2301 1035 2338 Non
1064 2302 1187 2349 magis
1208 2303 1326 2339 verba
1345 2312 1441 2350 quae
1463 2303 1634 2339 vivus—-

186 2357 405 2401 ostentabat,
427 2357 516 2403 quia
534 2358 786 2395 attributivam
804 2358 987 2394 rationem
1005 2358 1161 2403 habent,
1190 2359 1371 2394 maiorem
1393 2359 1634 2406 interpuncti-

186 2425 294 2450 onem
311 2414 511 2460 patiuntur.
550 2413 627 2449 Iam
650 2415 761 2451 totius
781 2415 854 2451 loci
869 2426 1005 2451 sensus
1021 2415 1083 2451 hic
1103 2419 1182 2451 est:
1205 2413 1392 2451 Sertorius
1409 2426 1634 2463 quamquam

186 2481 327 2517 magna
346 2470 468 2517 gloria
488 2469 670 2505 tritumil.
700 2471 739 2506 in
759 2471 964 2517 Hispania,
988 2482 1127 2518 magno
1153 2482 1226 2506 usu
1245 2471 1344 2507 bello
1365 2471 1532 2508 Marsico
1553 2472 1633 2519 suit,

187 2531 306 2562 tamen
336 2526 472 2570 multa,
505 2529 579 2561 tum
603 2524 718 2562 ductu
735 2527 817 2563 eius
845 2532 995 2573 curata,
1029 2528 1150 2574 primo
1177 2531 1331 2573 propter
1362 2527 1632 2574 ignobilitatem

187 2582 289 2628 cius,
319 2581 456 2618 deinde
483 2592 551 2628 per
579 2581 758 2618 invidiam
778 2583 1001 2630 scriptorum
1022 2584 1211 2620 oblivione
1234 2584 1367 2619 obruta
1386 2588 1423 2619 et
1441 2587 1528 2630 post
1546 2583 1631 2620 eius

188 2642 342 2675 mortem
367 2649 500 2685 parum
528 2638 679 2684 cognita
703 2642 811 2682 sunt;
839 2639 909 2675 sed
935 2640 1022 2676 dum
1048 2639 1186 2676 vivebat
1210 2640 1339 2685 priora
1366 2638 1450 2675 eius
1479 2643 1632 2676 strenue

190 2694 288 2731 lacta
307 2695 409 2732 nulla
427 2694 647 2740 cuiusquam
669 2693 948 2740 praedicatione
967 2697 1151 2743 egebant,
1183 2695 1277 2730 facie
1298 2696 1383 2742 ipsa
1401 2695 1630 2731 fortitudinis

190 2753 296 2796 teste,
317 2751 455 2797 quippe
475 2760 571 2796 quae
591 2749 827 2786 cicatricibus
847 2754 885 2796 et
903 2751 1047 2789 effosso
1068 2752 1178 2788 oculo
1199 2751 1375 2788 notabilis
1394 2755 1509 2787 esset.
1542 2752 1631 2787 Pro-
