1774 3002
173 199 230 242 38
552 175 555 177 ’
668 202 708 241 ο.
735 202 967 241 SALLUSTI
991 203 1144 243 cmspr

817 370 906 403 CAP.
933 371 992 403 lV.

509 447 633 492 Lepidi
658 450 774 484 turbae
797 456 827 483 et
848 451 977 485 bellum
1002 451 1102 484 civile
1129 452 1162 484 in
1188 452 1299 487 Italia.

313 650 382 694 45.
435 629 503 691 M
532 645 688 692 Aemili
729 647 888 709 Lepzde'
915 649 1113 700 consules
1132 649 1195 693 ad
1227 648 1435 709 populum
1461 647 1633 694 Roma-

574 745 672 775 num
698 734 856 781 oralia
869 735 1024 778 contra
1052 730 1231 777 Sullam.

313 827 554 874 Clementia
572 832 615 874 et
633 830 830 889 probitas
850 825 1016 885 vostra,
1038 830 1243 885 Quirites,
1271 829 1431 891 quibus
1450 843 1530 889 per
1550 843 1631 874 ce-

175 912 294 981 teras
326 911 473 974 gentis
493 903 686 959 maxumi
714 916 757 959 et
777 913 879 960 clari
906 914 1028 971 estis,
1061 913 1313 974 plurumum
1333 912 1502 960 timoris
1527 911 1630 959 mihi

288 1061 467 1097 Ante‘Fr.
489 1064 549 1100 45.
572 1062 833 1099 collocandum
855 1073 954 1106 esse,
986 1063 1086 1109 quod
1107 1063 1203 1099 infra
1222 1075 1257 1098 n.
1277 1065 1337 1102 90.
1363 1064 1510 1111 legitur,
1541 1073 1627 1099 sero

174 1118 353 1166 intellexi,
377 1118 547 1155 omnibus
564 1119 798 1166 Fragmentis
822 1120 893 1155 iam
913 1119 1105 1166 dispositis
1123 1124 1233 1167 atque
1250 1131 1404 1156 numero
1426 1121 1625 1168 insignitis.

285 1221 343 1257 Fr⁴
368 1224 425 1260 45.
478 1219 601 1266 [Cort.
634 1233 671 1268 p.
701 1223 943 1260 936.—-944.
984 1222 1083 1258 Gerl.
1107 1221 1169 1258 ed.
1190 1221 1279 1258 mai.
1302 1222 1338 1267 I,
1359 1224 1417 1260 15.
1446 1221 1509 1257 ed.
1537 1221 1626 1257 min.

172 1279 208 1322 l,
240 1279 298 1317 43.
323 1289 360 1325 p.
383 1281 473 1322 185,
505 1281 560 1316 14.
611 1279 720 1314 Debr.
740 1278 774 1322 I,
796 1276 881 1327 47.]
937 1278 1039 1314 Haec
1063 1280 1180 1315 oratio
1204 1282 1355 1315 servata
1374 1281 1432 1315 est
1452 1279 1490 1314 in
1510 1279 1626 1315 tribus

174 1334 287 1371 codd.
309 1334 429 1378 Vatt„
457 1335 603 1371 duobus
634 1335 759 1371 Ursini
782 1339 818 1370 et
847 1334 1057 1380 ciacconii,
1086 1339 1123 1370 et
1143 1335 1361 1372 Balliolensi
1381 1335 1546 1379 Wassii,
1571 1335 1626 1371 de

173 1393 308 1439 quibus
337 1403 373 1427 v.
404 1392 563 1428 Praefat.
618 1391 730 1436 Quod
766 1391 814 1427 ad
850 1395 996 1438 tempus
1025 1393 1173 1440 attinet,
1220 1403 1294 1439 quo
1321 1391 1448 1428 habita
1467 1395 1552 1436 est,
1573 1393 1624 1428 sa-

172 1449 243 1485 cile
261 1451 386 1496 potest
415 1448 662 1484 demonstrari
684 1449 819 1485 salsam
837 1459 923 1484 esse
944 1447 1137 1486 Debrossii
1165 1449 1407 1493 sententiam,
1436 1449 1498 1495 qui
1521 1447 1625 1485 Sulla

173 1505 298 1542 adhuc
317 1505 498 1543 dictatore
517 1505 700 1552 Lepidum
719 1505 819 1541 hanc
836 1505 1055 1541 concionem
1074 1506 1123 1542 ad
1143 1506 1324 1553 populum
1341 1505 1523 1542 habuisse
1539 1516 1626 1542 cen-

173 1566 242 1599 set.
287 1562 382 1598 Nam
412 1564 453 1597 ut
482 1563 645 1598 omittam
673 1573 830 1609 prorsus
852 1562 1070 1599 incredibile
1092 1562 1216 1600 videri
1235 1565 1434 1610 praesente
1456 1561 1560 1599 Sussa
1578 1573 1625 1598 ac

172 1629 356 1655 summam
375 1621 600 1666 potestatem
619 1622 769 1654 tenente
787 1630 1011 1665 quemquam
1027 1631 1160 1656 ausum
1178 1630 1264 1656 esse
1282 1619 1463 1666 populum
1484 1629 1623 1656 convo-

172 1686 259 1712 care
282 1686 326 1711 ac
343 1678 537 1721 tantopere
557 1676 594 1710 in
613 1675 718 1711 illum
739 1676 879 1723 invehi,
906 1676 1093 1722 tantisque
1113 1676 1419 1712 insectationibus
1440 1675 1522 1712 eius
1543 1686 1625 1711 cru-

171 1732 361 1768 delitatem
381 1733 580 1778 persequi,
614 1743 657 1767 ac
679 1731 951 1768 multitudInem
973 1732 1022 1767 ad
1046 1732 1280 1768 renitendum
1303 1736 1340 1767 et
1363 1731 1416 1767 ad
1439 1732 1623 1779 recipiun-
1667 1766 1677 1773 .

170 1788 258 1825 dam
279 1789 485 1825 libertatem
505 1788 706 1832 cohortari,
727 1800 775 1824 ex
795 1799 861 1834 eo,
883 1788 984 1835 quod
1012 1789 1177 1837 Lepidus
1197 1792 1231 1832 S.
1251 1790 1310 1826 27.
1331 1798 1373 1825 se
1393 1789 1514 1836 speum
1533 1799 1618 1825 con-

169 1846 286 1882 sulem
311 1845 414 1890 dicit,
451 1844 660 1881 clarissime
688 1849 811 1892 patet,
841 1845 982 1883 Sullam
1011 1849 1087 1881 tum
1118 1857 1195 1881 non
1217 1845 1378 1891 amplius
1398 1844 1621 1881 dictatorem

168 1902 301 1939 fuisse.
337 1902 382 1937 cf.
405 1901 568 1948 Appian.
593 1900 640 1936 de
661 1901 704 1937 B.
727 1900 807 1937 Civ.
827 1902 854 1947 Ι,
881 1903 959 1940 103.
980 1914 1019 1949 p.
1040 1904 1121 1940 146.
1163 1900 1244 1938 Τοῦ
1265 1895 1299 1937 δ’
1319 1897 1537 1968 §waletuna-'¹
1513 1913 1624 1945 ετους

168 1959 258 2006 (qui
280 1959 346 1994 suit
365 1961 424 1997 80.
447 1968 479 1993 a.
501 1957 587 1994 Chr.
611 1969 647 1993 n.
660 1959 677 2002 )
703 1950 880 2003 Σύλλας,
911 1954 1052 2008 καίπερ
1072 1969 1130 1994 ων
1145 1950 1366 2024 δικτάτωρ,
1385 1949 1534 2006 ὑπέστη
1553 1953 1622 1994 καὶ

166 2008 316 2059 ὕπατος
338 2002 461 2059 αὖθις
489 2010 679 2064 γενέσθαι
706 2022 781 2051 συν
801 2010 991 2079 Μετέλλῳ
1012 2013 1068 2067 τῷ
1094 2008 1275 2064 Εὐσεβεῖ.
1295 2031 1367 2042 -—-
1392 2013 1460 2077 Τῷ
1478 2005 1513 2050 δ’
1535 2010 1621 2063 ἑξῆς

167 2067 242 2108 ἔτει
266 2072 317 2117 (i.
340 2084 373 2108 e.
402 2082 498 2107 anno
519 2073 577 2110 79.
599 2082 632 2108 a.
657 2070 742 2107 Chr.
764 2073 827 2116 n.)
858 2062 876 2109 ὁ
910 2067 982 2119 μὲν
988 2069 1136 2136 δῆμος
1159 2067 1233 2108 καὶ
1259 2063 1346 2109 τότε
1371 2061 1442 2108 τὸν
1459 2062 1622 2109 Σύλλαν

167 2120 403 2191 θεραπεύων
422 2119 552 2177 ᾑρεῖτο
571 2119 794 2165 ὑπατεύειν·
826 2120 848 2165 ὃ
868 2123 924 2173 δὲ,
954 2119 1028 2164 οὐκ
1049 2120 1334 2192 ανασχόμενος,
1354 2118 1529 2172 ὑπάτους
1549 2122 1622 2175 μὲν

168 2175 304 2229 αὐτοῖς
345 2174 524 2232 ἀπέφηνε
543 2183 869 2247 Σερουΐλιον
910 2177 1199 2247 Ἰσαυρικὸν
1243 2179 1313 2220 καὶ
1360 2178 1621 2220 Κλαύδιον

168 2240 456 2290 Ποῦλχρον,
496 2230 644 2284 αὐτὸς
674 2235 727 2276 δὲ
755 2232 846 2289 τὴν
873 2233 1097 2290 μεγάλην
1122 2231 1282 2290 ἀρχὴν
1306 2230 1513 2285 οὐδενὸς
1540 2236 1619 2276 ἐν·

168 2296 442 2361 οχλοῦντος
463 2287 589 2332 ἓκών
611 2287 840 2337 ἀπέθετο
891 2296 1078 2333 Plutarch.
1101 2297 1204 2334 Sulla
1231 2309 1265 2332 c.
1290 2297 1457 2333 XXXIV.
1500 2288 1619 2334 Οὕτω

167 2345 202 2391 ‹5'
237 2346 316 2403 ἄρα
341 2343 390 2390 οὗ
419 2352 505 2398 ταῖς
529 2346 743 2416 πράξεσιν,
776 2345 828 2397 ὡς
841 2353 922 2398 τοῖς
952 2343 1215 2416 εὐτυχήμασιν
1242 2348 1458 2418 ἐπίστευεν,
1498 2345 1618 2389 ὥστε

167 2401 459 2456 ἀποθέσθαι
487 2400 578 2458 τὴν
601 2399 780 2458 ἀρχὴν,
812 2405 879 2445 καὶ
897 2400 967 2446 τὸν
986 2407 1115 2472 δῆμον
1135 2401 1396 2473 ἀρχαιρεσιῶν
1411 2401 1617 2447 mendae

168 2466 332 2516 ποιῆσαι
351 2458 504 2514 κύριον.
528 2486 576 2491 ——
615 2463 697 2511 Καί
713 2477 770 2510 τις
797 2456 906 2516 παρὰ
926 2458 1089 2515 γνώμην
1108 2458 1231 2503 αυτοῦ
1250 2457 1406 2517 θρασὺς
1425 2456 1533 2529 ἀνὴρ.
1548 2460 1616 2501 καὶ

165 2519 349 2572 πολέμιος
390 2517 620 2568 ἐπίδοξος
647 2511 708 2571 ἦν
739 2514 926 2566 ὕπατος
963 2516 1365 2572 αἱρεθήσεσθαι,
1402 2515 1616 2584 Μάρκος

165 2579 209 2617 Λ
218 2575 331 2617 ἐπιδ
341 2591 411 2627 ος,
425 2601 484 2606 —
514 2570 715 2631 Πομπηΐῳ
729 2571 989 2624 σπουδαζοντι
1004 2575 1072 2615 καὶ
1087 2575 1257 2632 δεομένῳ
1274 2578 1344 2616 τοῦ
1365 2571 1495 2627 δήμου
1511 2590 1615 2628 χαρι-

164 2631 342 2686 ζομένου.
402 2635 573 2672 Ceterum
603 2636 691 2672 licet
719 2635 844 2679 Sulla,
888 2647 1000 2682 quum
1035 2636 1198 2683 Lepidus
1230 2635 1361 2672 consul
1392 2635 1512 2672 factus
1544 2639 1614 2679 est,

163 2693 350 2731 ffictatura
377 2693 451 2730 iam
477 2703 519 2729 se
549 2692 784 2739 abdicasset,
813 2692 1053 2729 nihilominus
1077 2694 1270 2729 imminuta
1289 2693 1371 2728 eius
1390 2692 1451 2728 vis
1479 2692 1546 2728 suit
1575 2692 1613 2727 in

164 2748 399 2788 moderanda
417 2749 567 2786 civitate
580 2778 589 2795 ,
621 2760 767 2786 summa
786 2760 910 2785 rerum
932 2752 1116 2796 potestate
1136 2750 1349 2786 hominibus
1375 2759 1467 2785 suae
1486 2749 1614 2784 factio-

165 2808 247 2853 nis,
278 2818 373 2858 quos
392 2806 597 2844 honoribus
620 2806 872 2855 praemiisque
894 2806 1068 2842 maximis
1092 2807 1161 2842 sibi
1188 2805 1430 2851 devinxerat,
1462 2805 1610 2844 tradita.
