1774 3002
0 0 239 126 ,Ψ
259 9 298 16 ,,

243 293 327 326 vos
361 277 592 324 multitudo
626 275 817 337 singulis
848 276 1075 323 habendos
1111 276 1412 337 fruendosque
1448 273 1681 334 praebetis,

243 363 365 411 exuti
398 361 625 416 omnibus,
662 374 777 421 quae
798 359 989 406 maiores
1011 358 1251 420 reliquere,
1287 358 1371 405 nisi
1397 357 1500 419 quia
1526 356 1684 403 vobis'-

244 448 334 492 met
364 445 474 505 ipsis
503 459 584 504 per
618 443 851 504 suffragia,
875 441 938 487 uti
971 440 1199 501 praesides
1234 439 1358 496 olim,
1390 455 1506 487 nunc
1538 439 1683 486 domi-

203 530 224 566 ⁷
244 542 329 574 nos
362 527 603 574 destinatis.
647 528 799 588 Itaque
834 539 1096 572 concessere
1137 524 1241 569 illuc
1277 539 1452 580 omnes,
1488 527 1532 570 et
1563 538 1682 580 mox,

245 611 286 656 si
318 612 472 657 vostra
507 610 780 672 receperitis,
816 610 871 655 ad
904 623 990 655 vos
1026 607 1250 668 plerique3
1288 608 1399 654 raris
1434 608 1550 654 enim
1582 609 1683 654 ani—

244 708 344 740 mus
377 695 447 738 est
480 693 537 739 ad
571 708 645 750 ea,
683 708 797 754 quae
830 692 1027 752 placent,
1072 690 1371 748 defendenda3
1406 691 1538 737 ceteri
1567 691 1684 736 vali-

206 783 231 818 8
247 775 418 827 diorum
457 778 572 822 sunt.
642 776 715 823 An
757 775 934 822 dubium
979 774 1169 830 habetis,
1207 788 1311 820 num
1354 774 1535 821 officere
1580 774 1684 836 quid

521 150 850 190 nlsTORlARUM
879 150 1190 189 FRAGMENTA.
1248 150 1339 186 LIB.
1368 150 1429 186 ΠΙ.
1597 142 1683 185 277

247 949 271 974 a
288 936 402 974 codd.
423 940 576 981 nontest
593 933 860 970 recedendum.
884 934 934 970 cf.
956 933 1118 970 Gramm.
1142 934 1206 970 lat.
1233 938 1348 970 nostr.
1370 936 1405 977 s.
1433 938 1520 979 121,
1542 938 1599 973 10.
1619 934 1686 970 ad-

247 994 376 1031 ditam.
398 997 433 1032 2.
460 1005 500 1040 p.
527 995 609 1030 311.
631 991 792 1038 Krfigeri
813 991 975 1029 Gramm.
999 991 1059 1027 lat.
1080 992 1115 1033 S.
1135 991 1219 1028 417.
1240 1002 1281 1037 p.
1299 994 1382 1029 555.

357 1053 392 1093 S.
413 1050 448 1087 7.
484 1057 698 1086 concessere
717 1048 806 1084 illue
821 1047 960 1091 omnes)
985 1046 1131 1083 Cottius
1155 1051 1192 1082 et
1212 1046 1431 1083 Gerlachius
1452 1046 1489 1082 in
1513 1046 1576 1082 ed.
1597 1048 1683 1085 mai.

246 1110 376 1145 contra
394 1105 508 1142 codd.
538 1103 738 1141 ediderunt
763 1114 865 1140 conc.
896 1104 911 1139 i
918 1104 994 1139 llic
1016 1113 1159 1149 omnes,
1182 1103 1319 1139 eodem
1343 1103 1590 1147 soloecismo,
1609 1114 1684 1150 quo

245 1164 307 1200 Fr.
326 1163 362 1207 1,
384 1167 440 1202 11.
462 1162 692 1208 scripserunt
710 1162 748 1196 in
766 1162 930 1208 qratia
948 1160 1160 1196 concedere.
1183 1179 1231 1185 —
1256 1159 1354 1196 Illuc
1376 1164 1436 1195 est
1454 1160 1507 1196 ad
1526 1161 1608 1196 illos
1627 1173 1683 1197 sc.

248 1220 419 1257 dominos
439 1223 609 1262 vestros3
630 1218 678 1253 cs.
699 1217 750 1253 ad
770 1216 876 1254 Catil.
899 1229 932 1253 c.
955 1217 1010 1261 V,
1031 1220 1067 1254 2.
1087 1228 1126 1263 p.
1153 1218 1211 1255 27.
1237 1221 1274 1252 et
1293 1216 1343 1252 ad
1364 1217 1444 1263 lug.
1471 1227 1505 1252 c.
1525 1215 1626 1260 Xlll,
1647 1222 1682 1254 5.

246 1288 286 1324 p.
304 1278 364 1315 68.
382 1295 438 1300 -
457 1275 509 1311 Ec
523 1275 706 1322 particula
726 1278 810 1309 ante
837 1284 925 1310 mox
949 1273 1036 1309 ferri
1065 1273 1216 1319 quidem
1236 1277 1380 1320 potest,
1407 1272 1477 1308 sed
1499 1277 1623 1309 tamen
1647 1274 1684 1309 in

249 1336 379 1379 aperta
400 1331 638 1378 oppositione
659 1331 835 1366 conversi
856 1340 978 1366 rerum
1000 1333 1119 1365 status
1146 1331 1281 1365 mirum
1310 1332 1488 1376 quantum
1516 1330 1683 1376 languet.

247 1389 370 1434 Quare
388 1387 492 1424 haud
513 1388 592 1424 scio
613 1398 662 1423 an
681 1386 880 1423 Sallustius
903 1390 942 1421 at
962 1386 1167 1432 scripserit.
1188 1405 1243 1411 —
1260 1387 1322 1422 Ad
1337 1396 1399 1422 vos
1410 1386 1602 1432 plerique,
1629 1398 1685 1422 sc.

247 1443 476 1489 concedent,
499 1444 547 1480 cf.
569 1443 619 1479 ad
635 1443 715 1490 lug.
727 1442 874 1486 LXXV,
884 1445 922 1482 7.
931 1454 971 1489 p.
985 1444 1069 1481 398.
1090 1442 1134 1478 Id
1154 1453 1229 1478 non
1252 1447 1449 1479 assecutus
1466 1442 1685 1479 Gerlachius

249 1503 288 1538 in
307 1500 370 1538 ed.
388 1501 477 1536 mai.
498 1511 547 1536 ex
562 1499 793 1546 interpolatis
814 1498 903 1535 edd.
924 1499 1113 1537 veteribus
1134 1499 1287 1546 scripsit
1303 1500 1355 1535 ad
1377 1508 1439 1535 vos
1462 1499 1687 1536 redibunt

241 1558 424 1606 plerique.
452 1576 509 1582 -
534 1557 606 1592 Pro
634 1558 759 1599 raris,
789 1555 815 1592 i.
847 1566 880 1590 e.
903 1556 1058 1602 paucis,
1089 1555 1180 1591 edd.
1211 1555 1414 1592 nonnullae
1438 1555 1683 1602 interpolatae

246 1614 387 1652 hahent
399 1622 527 1654 rarus.
547 1613 646 1660 Apte
664 1613 783 1648 Faber
811 1612 966 1648 eontulit
992 1611 1110 1648 Tacit.
1137 1612 1233 1649 Hist.
1259 1613 1296 1656 I,
1319 1615 1378 1651 81
1419 1611 1521 1648 Rara·
1547 1612 1683 1656 domos,

239 1670 398 1718 plau-imi
410 1671 612 1706 amicorum
629 1672 726 1706 tecta*
737 1670 910 1716 petivere.
937 1668 1059 1704 Germ.
1080 1680 1114 1704 c.
1135 1673 1173 1707 2.
1212 1669 1380 1706 oceanus
1401 1670 1504 1704 raris
1531 1669 1579 1704 ab
1598 1669 1686 1706 orbe

246 1726 538 1764 nomano-*bus
556 1726 691 1763 adiezer.
713 1745 770 1751 -—
790 1725 910 1763 Ceteri
926 1729 1012 1762 sunt
1029 1726 1171 1772 ignavi,
1191 1726 1254 1772 qui
1273 1726 1366 1762 nihil
1385 1725 1525 1761 audent
1544 1725 1594 1761 ad
1618 1737 1685 1772 po-

249 1782 397 1820 tentiam
416 1781 605 1819 tuendam.
628 1781 792 1827 Cottius,
816 1783 878 1828 qui
900 1793 976 1818 non
1002 1782 1181 1819 intellexit
1202 1783 1368 1818 Macrum
1389 1783 1472 1817 loco
1496 1784 1684 1819 communi

249 1840 301 1876 uti
321 1838 373 1876 ad
390 1838 677 1886 praecedentem
704 1839 924 1874 sententiam
944 1838 1256 1883 confirmandam,
1289 1840 1404 1874 verba
1422 1839 1525 1873 raris
1547 1858 1596 1864 —
1619 1839 1685 1875 de-

246 1895 435 1943 [uderida
463 1894 679 1942 parenthesi
705 1894 873 1939 inclusit,
897 1899 933 1930 et
956 1898 1078 1930 cetera
1106 1906 1176 1942 pro
1208 1897 1322 1931 ceteri
1348 1893 1547 1930 scribendo
1574 1895 1685 1931 totius

250 1951 325 1987 loci
341 1962 493 1987 sensum
512 1951 702 1997 pervertit.

363 2009 400 2050 S.
421 2009 459 2045 8.
477 2017 566 2044 num
584 2005 756 2053 officere)
781 2004 925 2042 Cottius
946 2010 982 2041 et
1004 2005 1223 2043 Gerlachius
1248 2008 1286 2042 in
1316 2006 1379 2042 ed.
1399 2007 1486 2042 mai.
1507 2007 1620 2044 habet
1638 2018 1686 2044 ne

251 2062 423 2111 officere,
453 2063 592 2110 pariter
615 2066 744 2099 contra
771 2061 907 2107 codd,
929 2066 1039 2109 atque
1062 2066 1190 2098 contra
1210 2063 1507 2110 grammaticam.
1538 2083 1589 2090 -
1620 2064 1686 2100 Ea:

249 2120 411 2168 factione
429 2119 549 2155 media
566 2120 695 2156 consul
710 2119 831 2155 Faber
855 2119 1115 2166 interpretatur
1136 2120 1201 2166 qui
1217 2120 1273 2155 vel
1289 2121 1451 2155 maxime
1475 2121 1527 2156 ad
1550 2120 1684 2168 factio-

252 2186 335 2213 nem
345 2177 525 2223 pertinet,
544 2176 652 2222 quasi
672 2175 811 2212 dietum
833 2175 881 2210 sit
899 2185 950 2211 ex
969 2176 1085 2212 medio
1105 2175 1290 2222 faclaom's.
1313 2175 1391 2212 Sed
1403 2177 1435 2212 si
1451 2176 1543 2223 quid
1558 2177 1684 2221 video,

253 2232 306 2270 ad
324 2233 435 2268 talem
453 2232 672 2268 sententiam
699 2232 915 2279 requiritur,
946 2236 984 2267 ut
1012 2232 1239 2269 adiectivum
1269 2233 1501 2269 substantivo
1526 2244 1687 2281 praepo-

253 2292 387 2333 natur,
408 2287 509 2335 quod
527 2293 565 2324 et
583 2289 676 2324 ratio
697 2289 781 2335 ipsa
800 2287 950 2324 dicendi
970 2288 1104 2336 exigit,
1132 2293 1167 2324 et
1188 2290 1360 2335 exempla
1387 2290 1608 2335 ostendunt;
1636 2291 1684 2326 cs.

254 2345 332 2383 Cic.
349 2344 444 2381 Phil.
463 2344 519 2389 V,
540 2348 606 2390 12,
627 2347 688 2383 32.
713 2345 930 2381 Alter-icum
950 2354 971 2381 e
993 2345 1164 2381 mediis
1186 2345 1225 2383 C.
1252 2345 1424 2382 Caesaris
1441 2347 1685 2393 partibus.

254 2402 302 2438 de
317 2402 434 2448 Legg.
450 2400 500 2444 11,
521 2403 664 2445 21,·53.
684 2401 768 2438 Hoc
786 2411 807 2438 e
824 2402 971 2438 medio
990 2406 1044 2438 est
1063 2403 1168 2438 iure
1186 2403 1291 2438 civili.
1315 2413 1369 2438 or.
1392 2403 1430 2438 in
1448 2402 1552 2439 Catil.
1574 2403 1685 2447 1V‚9.

250 2458 405 2495 Habetis
421 2458 603 2493 consulem
625 2467 679 2494 εει·
694 2457 844 2494 media
865 2463 1082 2495 morte—
1098 2463 1336 2494 reservatum.
1368 2459 1518 2504 Quintil.
1543 2459 1629 2503 ΧΠ,
1652 2463 1686 2503 1,

250 2518 309 2554 28.
337 2514 405 2550 Ex
435 2513 603 2549 mediis
630 2515 831 2561 sapentiae
849 2517 1135 2564 praeceptis
1161 2516 1360 2551 orationem
1389 2515 1519 2551 trahet.
1563 2516 1686 2560 Quare

248 2571 446 2619 fadionem
460 2569 616 2606 mediam
633 2580 658 2617 a
675 2571 802 2607 Macro
823 2571 978 2619 intelligi
998 2576 1087 2619 puto
1107 2582 1211 2616 eam,
1230 2582 1327 2617 quae
1346 2572 1440 2608 inter
1459 2573 1686 2609 nobilitatem

251 2628 351 2675 plebi
373 2627 653 2663 infestissimam
671 2631 709 2663 et
728 2637 835 2664 acres
853 2629 1085 2676 plebeiorum
1111 2632 1411 2676 propugnatores
1432 2631 1539 2676 quasi
1563 2628 1687 2665 media

255 2685 321 2722 l'uit
335 2683 542 2733 moderatis
561 2684 722 2730 partium
741 2683 895 2730 studiis,
924 2697 1047 2733 neque
1066 2686 1154 2722 huic
1175 2686 1399 2729 sententiae,
1431 2698 1542 2734 quam
1572 2686 1687 2720 verba

253 2740 433 2788 suadent,
457 2744 640 2790 repugnat
665 2736 791 2778 Cottae
814 2743 932 2781 oratio
955 2742 1006 2781 ad
1022 2743 1222 2792 populum,
1241 2744 1335 2781 libro
1367 2745 1533 2782 secundo
1557 2742 1685 2781 relata·
