1774 3002
110 153 249 185 XXXII
507 147 729 188 EDITORIS
768 147 1003 186 EPISTOLA
1032 146 1222 185 CRITICA

108 274 329 311 contentus
359 281 430 311 ero
457 269 521 319 iis,
556 282 663 321 quae
684 282 812 322 supra
842 272 894 311 de
924 282 1007 311 uno
1040 281 1193 320 genere
1219 269 1362 320 posui,
1395 269 1611 320 dicamque

109 329 290 379 breuiter
320 343 360 378 et
390 338 607 389 uniuerse,
648 341 780 390 qualis
818 338 951 380 omnis
981 338 1049 378 illa
1079 350 1210 389 opera
1254 337 1328 386 sit;
1380 338 1615 379 testimonia

109 408 288 447 fortasse
315 407 444 455 dabo,
478 407 513 447 si
545 407 637 458 quis
668 409 847 449 extiterit
876 409 1092 456 defensor,
1126 406 1320 456 quoniam
1363 406 1487 446 uideo
1533 418 1615 446 non

110 474 314 523 defuisse,
346 475 416 525 qui
443 487 647 516 summum
679 476 810 516 uirum
844 481 884 516 et
928 475 1200 515 inmortaliter
1229 476 1282 515 de
1310 475 1507 515 Cicerone
1537 485 1618 514 me·

108 542 229 582 ritum
259 542 499 583 uindicaret.
560 545 642 584 Sed
667 546 733 585 hic
761 557 934 584 sumnms
962 546 1028 584 uir
1054 547 1295 594 saepissume
1331 546 1373 583 in
1410 545 1619 582 notissumo

106 612 316 650 uerborum
343 623 416 651 usu
441 618 480 652 et
513 615 698 652 iunctura
719 615 931 663 pueriliter
948 617 1082 659 errat,·
1108 615 1146 652 si
1171 624 1250 662 qua
1276 617 1312 652 st
1339 616 1444 651 mota
1466 611 1618 650 dubita-

108 681 171 727 tio,
197 680 291 727 fere
319 691 534 729 numquam
564 684 656 730 scit,
678 682 789 730 >quid
812 685 972 729 affatur,
1001 692 1126 730 neque
1156 692 1241 722 rem
1267 681 1326 720 ad
1347 680 1617 730 quaerendum

100 749 348 797 propositam
377 754 504 787 mente
529 752 721 799 coneipit,·
749 759 864 797 quom
890 748 941 787 de
963 751 1141 798 oratione
1172 752 1390 799 quaeritur,
1420 748 1525 787 si-vin
1550 748 1617 786 in-

107 817 377 864 terroyatiuae
410 819 625 856 sententiae
663 818 778 856 modo
809 817 1008 864 haeretur,
1038 818 1105 856 ille
1141 817 1192 856 de
1229 818 1402 856 relatiua
1433 816 1546 864 dicit,
1584 817 1621 854 si

106 885 147 922 in
175 886 481 933 praepositionis
511 887 563 932 ui,
596 887 662 924 ille
682 887 733 925 de
760 890 806 924 et
832 886 965 922 aliaue
991 886 1225 934 particula:
1254 886 1423 924 aliorum
1447 884 1498 923 de
1517 884 1617 922 notis

107 952 224 990 rebus
251 952 463 991 obseruata
491 955 590 992 mire
617 954 885 1003 peruertendo
917 955 1137 1002 corrumpit
1144 968 1159 999 ,·
1193 963 1307 1003 quom
1335 953 1522 1002 exempla
1551 952 1615 990 de—

105 1021 355 1069 siderantur,
391 1023 478 1070 ipse
506 1023 635 1070 magis
669 1021 852 1061 inaudita
883 1021 1016 1069 fingit,
1060 1023 1144 1061 siue
1175 1023 1332 1061 Graeca
1352 1022 1510 1070 placuit
1534 1021 1619 1059 siue

106 1088 275 1135 Latina,·
302 1091 532 1128 sententiam
567 1090 766 1130 Ciceronis
795 1091 850 1128 ita
873 1091 1139 1139 persequitur,
1171 1095 1215 1130 ut
1233 1101 1355 1140 saepe
1380 1100 1488 1137 eum,
1516 1099 1620 1138 quae

101 1156 263 1206 probet,
309 1158 541 1208 inprobare,
586 1170 688 1208 quae
708 1160 859 1206 umet,
905 1157 1144 1209 adfirmare,
1188 1163 1330 1199 narret
1374 1159 1621 1206 omniumque

106 1225 409 1275 disciplinarum
448 1228 611 1267 decreta
646 1228 828 1274 misceat,
872 1236 950 1265 non
984 1237 1083 1266 raro
1118 1231 1250 1266 autem
1291 1226 1525 1266 enarrando
1562 1227 1618 1264 ita

106 1295 237 1333 omnia
266 1294 496 1345 confundit,
526 1297 718 1335 notionem
748 1296 898 1333 nullam
928 1299 1062 1334 tenens
1080 1299 1118 1334 et
1140 1296 1248 1333 intra
1277 1295 1444 1334 eundem
1470 1293 1618 1335 uerbo—

105 1375 196 1402 rum
223 1365 408 1403 ambitum
438 1365 479 1402 in
509 1365 591 1411 fine
617 1365 706 1403 initi
738 1364 989 1411 obliuisceus,
1030 1369 1072 1402 ut
1099 1365 1173 1402 uix
1201 1365 1240 1403 ei
1273 1367 1438 1402 mentem
1468 1364 1617 1402 consti-

106 1433 197 1471 tisse
224 1433 382 1471 credas.
441 1432 566 1481 Atque
594 1433 697 1471 haec
728 1433 860 1471 omnia
887 1438 1060 1471 exornat
1083 1432 1225 1481 ubique
1247 1433 1490 1482 turpissuma
1518 1441 1617 1469 uer-

107 1499 244 1538 borum
270 1500 461 1539 barbaria
490 1505 530 1539 et
557 1501 870 1540 soloecismorum
893 1499 1125 1548 foeditate.“
1184 1500 1348 1539 Dudum
1369 1496 1618 1546 intellexisti,

107 1566 162 1605 mi
197 1566 544 1616 Wuestemanne,
589 1568 659 1617 qui
694 1569 796 1608 haec
834 1569 1053 1616 scriberet,
1092 1567 1303 1608 Nicolaum
1339 1577 1436 1607 esse
1463 1564 1618 1606 Madvi-

107 1634 239 1684 gium,
271 1635 342 1685 qui
366 1635 417 1675 ab
448 1647 498 1675 eo
530 1640 763 1686 not-iretur,
795 1636 1090 1684 Goerenzium;
1134 1636 1337 1676 substitue
1366 1635 1447 1674 iam
1480 1635 1521 1673 in
1547 1634 1617 1673 hu-

106 1702 171 1743 ius
210 1704 347 1743 locum
385 1703 661 1752 Gerlachium,
704 1715 752 1759 ac
786 1716 863 1755 pro
894 1704 1090 1745 Cicerone
1127 1715 1238 1756 pone
1278 1702 1536 1750 Sallustium,
1579 1706 1620 1740 et

107 1771 279 1812 habebis
310 1771 466 1820 omnia,
500 1783 606 1822 quae
635 1774 803 1822 planum
835 1772 1004 1821 faciant,
1045 1774 1176 1824 qualis
1202 1771 1384 1828 'editoris
1412 1770 1620 1810 Basileen-

108 1838 167 1880 sis
196 1840 319 1880 fuerit
354 1852 484 1892 opera
513 1841 554 1880 in
582 1841 837 1890 Fragmentis
868 1841 1126 1883 sallustianis
1168 1840 1438 1882 emendandis
1466 1839 1617 1890 posita.

109 1909 365 1959 Quamquam
397 1909 652 1950 Goerenzius
680 1920 782 1960 prae
815 1909 1030 1951 Gerlachio
1063 1909 1238 1951 eximius
1269 1915 1333 1950 est
1358 1907 1619 1959 philologus3

110 1987 206 2016 nam
237 1977 332 2017 licet
365 1989 515 2028 magna
544 1977 652 2018 inter
682 1988 757 2018 eos
801 1978 1030 2019 intercedat
1060 1978 1304 2027 similitudo,
1334 1985 1469 2018 tamen
1505 1981 1619 2016 tanta

110 2050 175 2085 est
201 2044 244 2085 iu
272 2050 416 2086 nostro
447 2046 614 2086 inscitia
642 2049 684 2085 et
709 2045 1016 2087 notissimarum
1047 2058 1185 2087 rerum
1218 2046 1471 2098 ignorantia,
1509 2049 1622 2085 tanta

110 2113 151 2153 in
181 2113 403 2154 iudicando
434 2114 580 2154 levitas
612 2118 653 2154 et
680 2113 893 2165 imperitia,
923 2120 1038 2156 tanta
1069 2115 1350 2156 inafferendis
1370 2110 1619 2155 testimoniis

111 2182 310 2232 mentitio,
333 2187 447 2222 tanta
468 2182 647 2232 denique
663 2182 825 2222 vanitas
851 2187 892 2222 et
913 2183 1162 2233 arrogantia,
1184 2189 1241 2232 ut,
1264 2194 1371 2233 quae
1382 2182 1480 2222 vitia
1498 2180 1620 2222 huius

112 2250 278 2302 generis
309 2250 350 2290 in
380 2250 450 2290 illo
478 2251 546 2290 vel
576 2250 713 2300 aliqua
743 2254 908 2297 essent,
940 2252 1005 2289 vel
1036 2253 1140 2291 adeo
1169 2262 1330 2301 magna,
1360 2251 1400 2291 in
1430 2251 1512 2291 hoc
1540 2249 1622 2290 sint

111 2320 236 2370 longe
273 2317 451 2358 maxima
487 2322 532 2358 et
572 2329 747 2369 prorsus
790 2317 1040 2368 importuna.
1098 2321 1242 2370 Neque
1272 2321 1353 2360 hoc
1381 2318 1527 2359 mirum
1556 2322 1621 2357 est

111 2387 153 2428 in
183 2386 361 2436 homine,
389 2386 469 2438 qui,
499 2398 626 2436 quum
655 2390 787 2426 artem·
805 2385 1071 2436 profiteatur,
1103 2399 1210 2438 quae
1238 2387 1391 2428 iustum
1421 2391 1463 2427 et
1481 2397 1618 2425 acrem

113 2455 286 2496 rationis
325 2466 448 2495 usum
492 2456 705 2506 postulat,
746 2454 902 2505 ubique
954 2454 1042 2495 eius
1093 2467 1298 2496 summum
1336 2466 1383 2496 se
1427 2454 1620 2494 ostendat

45 2538 50 2542 ·
115 2526 455 2575 contemptorem,
487 2533 624 2574 neque
652 2522 730 2563 alia
759 2533 804 2562 re
834 2522 874 2562 in
904 2524 1132 2564 tractandis
1161 2524 1305 2564 litteris
1326 2533 1450 2573 quam
1477 2533 1619 2572 super·

115 2591 277 2634 stitiosa
302 2592 397 2641 fide,
429 2591 602 2632 aliorum
633 2590 897 2642 opinionibus
928 2590 1079 2642 habita,
1109 2592 1271 2633 nitatur.
1311 2589 1430 2641 Quod
1452 2599 1505 2628 ne
1525 2598 1618 2627 eum

115 2661 379 2702 insimulasse
403 2659 557 2709 videar,
586 2664 752 2711 praeter
772 2661 899 2700 multa
927 2661 1117 2711 exempla
1145 2660 1186 2701 in
1218 2656 1525 2700 commentariis
1547 2667 1618 2696 no-

114 2733 221 2779 tata,
248 2727 484 2770 testimonio
514 2727 607 2776 sint,
640 2739 747 2778 quae
774 2729 870 2768 Vol.
891 2729 956 2768 ΙΙΙ.
985 2741 1025 2779 p.
1045 2727 1139 2768 330.
1165 2725 1350 2778 scripsit:
1381 2726 1468 2766 Hoc
1491 2724 1616 2773 deffe-

115 2803 212 2840 runt
237 2799 393 2848 antiqui
410 2797 667 2847 qrammatici
688 2807 714 2835 a
745 2797 953 2846 iuniorum,
982 2798 1052 2846 qui
1077 2798 1165 2837 illos
1192 2795 1432 2846 contemptui
1461 2793 1616 2841 liabent,
