1774 3002
0 0 201 116 rw

541 139 871 181 HlS'rORJAmJM
895 135 1209 176 FRAGMENTA.
1265 134 1354 171 LIB.
1383 133 1446 171 111.
1615 126 1702 171 259

261 267 495 315 certamine
519 264 673 313 consili
708 264 821 310 inter
847 278 898 309 se
931 263 1055 308 iuxta
1089 260 1347 307 seditionem
1386 260 1533 313 erant,
1565 255 1700 303 Crixo

262 355 320 398 et*
335 351 495 412 gentis
511 348 707 396 eiusdem
738 346 877 392 Gallis
914 348 1047 407 atque
1085 344 1315 391 Germanis
1352 341 1527 390 obviam
1563 341 1627 388 ire
1654 344 1701 388 et

210 435 378 481 nultro
406 433 567 480 offerre
595 443 789 492 pugnam
823 428 1119 490 cupientibus,
1158 430 1311 474 contra
1338 428 1552 488 Spartaco
1582 460 1594 471 .
1621 460 1632 471 .
1657 423 1701 470 ni

263 531 410 569 secum
436 551 449 563 .
479 551 491 562 .
516 529 574 561 ne
607 528 696 576 qua
806 512 864 559 ad
900 512 940 558 id
974 514 1146 571 tempus
1169 546 1179 557 .
1208 546 1219 556 .
1249 525 1380 572 mque
1415 509 1537 557 seclu
1565 543 1576 555 .
1613 543 1624 554 .
1656 522 1699 554 m

263 654 370 691 cuius
379 653 472 690 ratio
480 652 575 689 haec
584 654 660 688 est:
677 650 729 686 illi
740 650 843 686 iuxta
854 649 1075 686 seditionem
1085 650 1203 692 erant,
1215 644 1379 684 Crioeo‘-
1390 650 1498 696 alque
1509 645 1703 684 Germanis

263 711 412 747 obviarn
433 710 486 746 ire
505 707 741 755 cupientibus,
761 710 891 742 contra
911 705 1096 753 Spartaco
1114 704 1298 752 proelium
1319 703 1563 748 dissuadente,
1582 709 1655 740 etc.

376 769 412 810 ς.
434 769 492 804 12.
513 764 617 809 Quae
637 763 877 810 hacparagr.
900 763 1134 798 continentur
1156 762 1291 805 verba,
1312 760 1361 796 ita
1381 762 1579 797 obscurata
1602 763 1701 804 sunt,

266 828 315 868 ut,
333 833 446 870 quum
465 821 662 858 columnae
682 819 831 866 quintae
846 822 882 856 et
902 823 1061 855 octavae
1079 817 1206 854 media
1224 827 1315 863 pars
1327 818 1438 864 plane
1457 816 1652 862 exciderit,
1662 817 1702 853 in

265 880 496 927 singulorum
526 886 705 917 versuum
734 876 837 912 initio
866 873 1121 912 tantummodo
1152 874 1316 920 quinque
1344 883 1462 910 sexve
1488 873 1643 918 litterae,
1663 872 1701 909 in

266 936 337 972 line
357 938 481 972 autem
502 934 702 980 pauciores
722 933 833 968 etiam
859 931 1071 978 supersint,
1099 940 1184 966 raro
1206 930 1243 965 in
1270 930 1456 977 integrum
1476 930 1700 966 vocabulum

266 995 457 1028 coeuntes.
491 982 740 1026 Nihilominus
765 989 949 1025 sententia
974 987 1085 1023 totius
1113 987 1184 1022 loci
1215 997 1290 1022 non
1312 987 1363 1023 ita
1380 986 1575 1023 recondita
1595 985 1702 1023 vide-

265 1053 343 1093 tur,
378 1051 419 1084 ut
447 1057 522 1082 non
548 1045 585 1081 in
608 1045 825 1083 universum
854 1048 954 1081 certe
983 1043 1131 1079 deliniri
1166 1043 1299 1089 possit.
1356 1042 1540 1079 Undecim
1568 1043 1700 1089 primis

265 1105 364 1140 enim
388 1103 559 1141 versibus
581 1101 788 1138 continetur
807 1111 931 1136 sermo
953 1099 1123 1146 Spartaci
1143 1103 1275 1136 contra
1296 1098 1461 1142 Crixum,
1483 1110 1557 1146 quo
1575 1098 1702 1135 docuit

266 1162 363 1197 iusta
379 1169 507 1207 pugna
534 1157 796 1195 abstinendum
819 1168 918 1202 esse,
941 1156 1053 1203 idque
1074 1155 1284 1203 agendum,
1312 1159 1351 1192 ut
1370 1155 1564 1203 oppressis
1585 1155 1701 1192 hosti-

264 1219 335 1254 bus
363 1220 399 1252 et
428 1215 601 1251 extinctis
630 1225 679 1250 ex
706 1215 811 1250 Italia
842 1215 879 1249 in
910 1213 1069 1261 patriam
1093 1212 1252 1259 quisque
1280 1223 1386 1249 suam
1406 1216 1702 1259 perrumperent.

267 1273 367 1308 Haec
396 1273 511 1308 verba
544 1271 694 1317 obliqua
721 1271 891 1306 oratione
923 1280 1010 1305 esse
1046 1272 1229 1315 concepta
1262 1268 1477 1315 intelligitur
1506 1279 1619 1315 quum
1653 1279 1701 1304 ex

267 1329 429 1375 vestigio
456 1327 682 1363 coniunctivi
705 1353 738 1365 ..
757 1352 767 1361 .
795 1329 894 1363 asset
918 1335 1036 1362 versu
1054 1327 1105 1370 8.,
1127 1329 1202 1361 turn
1233 1335 1280 1360 ex
1306 1329 1498 1372 postrema
1525 1326 1701 1361 enuncia-

267 1385 377 1421 tionis
395 1387 500 1431 parte
521 1394 635 1419 versu
660 1387 717 1420 10.
736 1386 773 1417 et
793 1386 850 1420 11.
871 1383 981 1418 aliam
994 1407 1111 1417 ......
1129 1381 1359 1428 oapoendam.
1398 1381 1439 1416 In
1461 1381 1702 1428 sequentibus

267 1441 497 1487 expositum,
528 1449 639 1485 quam
662 1439 769 1475 varie
789 1438 959 1485 Spartaci
986 1438 1106 1473 oratio
1127 1448 1150 1473 a
1174 1437 1432 1484 prudentibus,
1457 1449 1479 1474 a
1499 1437 1646 1474 stolidis
1666 1441 1703 1473 et

269 1508 292 1532 a
321 1496 432 1543 vulgo
458 1505 652 1532 servorum
678 1498 839 1541 excepta
866 1495 988 1531 luerit.
1038 1493 1139 1530 Haec
1160 1505 1244 1532 non
1258 1494 1340 1530 sine
1359 1493 1485 1540 aliqua
1502 1494 1703 1541 probabili-

270 1551 343 1588 tate
364 1552 603 1599 supplevisse
622 1551 730 1587 nobis
752 1551 943 1595 videmur,
977 1550 1027 1586 ita
1046 1553 1170 1586 tamen
1183 1578 1193 1595 ,
1214 1553 1253 1587 ut
1282 1550 1431 1598 singula
1448 1550 1569 1586 verba
1593 1561 1703 1597 prae·

270 1613 370 1645 stare
389 1602 569 1652 nolimus;
590 1608 629 1643 in
649 1602 903 1654 superioribus
928 1607 1022 1643 ultra
1040 1617 1245 1654 paucarum
1265 1617 1403 1644 vocum
1430 1606 1716 1643 restitutionem.

269 1664 449 1712 progredi
469 1673 545 1699 non
564 1664 764 1700 valuimus.
970 1672 974 1674 ’

379 1722 423 1757 m·
436 1721 577 1765 soctan)
597 1718 689 1756 Cod.
708 1720 794 1756 Vat-
815 1718 986 1756 NISECU
1007 1746 1018 1756 .
1030 1747 1039 1756 .
1052 1747 1062 1756 .
1076 1749 1086 1758 .
1103 1719 1317 1767 Kreyssigii
1337 1719 1562 1763 coniectura,
1591 1729 1703 1766 quam

270 1778 308 1813 in
327 1780 430 1813 textu
453 1776 728 1824 expressimus,
759 1786 834 1812 non
852 1776 974 1812 minus
996 1777 1154 1821 incerta,
1188 1787 1299 1823 quarn
1330 1775 1360 1811 si
1392 1776 1597 1821 suspiceris
1617 1784 1705 1811 secu

269 1834 488 1880 particulam
507 1844 595 1869 esse
615 1836 761 1868 sectam
778 1833 977 1879 participii.
1004 1852 1062 1858 —
1090 1832 1151 1868 Ad
1166 1832 1205 1867 id
1222 1837 1364 1878 tempus
1382 1831 1507 1867 inesse
1530 1832 1568 1867 in
1589 1832 1705 1878 scrip-

270 1895 353 1925 tura
371 1889 456 1924 cod.
475 1889 562 1924 Vat.
585 1914 595 1924 .
610 1915 620 1924 .
635 1887 865 1924 DIDTEMP.
878 1914 888 1924 .
904 1914 914 1924 .
935 1888 1180 1936 Kreyssigius
1199 1892 1301 1924 recte
1322 1889 1451 1930 sensit.
1465 1907 1520 1912 —
1535 1887 1578 1922 In
1592 1888 1707 1924 vesti-

274 1946 347 1991 giis
380 1944 465 1980 cod.
495 1971 505 1980 .
518 1970 528 1979 .
540 1941 796 1987 ‚mo-SEGLU
813 1969 822 1979 .
836 1973 845 1980 .
863 1969 874 1979 .
902 1944 1028 1980 inesse
1049 1945 1204 1980 verbum
1221 1943 1410 1979 secludere
1431 1942 1530 1979 idem
1550 1953 1704 1980 assecu-

273 2005 332 2036 tus
361 2003 430 2036 est.
471 2000 645 2035 Fortasse
670 1999 734 2034 l'uit
762 2008 913 2046 eumque
939 2001 1138 2045 seclusum,
1170 1999 1272 2046 quod
1299 1998 1350 2035 ad
1368 1999 1566 2036 Varinium
1589 2000 1705 2046 perti-

274 2057 365 2092 nuit.
390 2074 448 2080 —
481 2055 638 2091 Litterae
660 2081 671 2091 .
686 2065 761 2090 ..m
778 2059 813 2091 et
831 2057 933 2091 exau
950 2081 981 2093 ..
995 2082 1025 2091 ..
1055 2056 1194 2092 ducunt
1218 2055 1267 2092 ad
1295 2057 1510 2103 extinquere
1534 2057 1730 2100 verbum,-

276 2111 377 2159 quod
396 2113 478 2147 sive
497 2110 731 2158 participium
751 2111 829 2150 ruit.
848 2112 930 2148 sive
950 2112 1106 2155 finitum,
1129 2111 1176 2147 de
1196 2111 1352 2148 Varinio
1372 2111 1511 2148 dictum
1529 2115 1635 2159 puto.
1647 2131 1706 2138 —

276 2167 453 2215 Syllabae
593 2170 692 2203 asset
712 2166 815 2204 haud
840 2173 969 2215 aperte
1000 2169 1174 2215 leguntur
1201 2168 1239 2204 in
1267 2168 1354 2205 cod.
1374 2169 1478 2214 Vat.‚
1503 2169 1565 2215 qui
1594 2167 1708 2206 habet

352 2221 769 2267 AS—SETHAU...;
797 2224 920 2261 Maius
950 2228 1074 2261 tamen
1103 2224 1254 2271 scripsit
1277 2224 1334 2270 IS,
1358 2223 1448 2262 SED
1475 2224 1622 2262 HAUD.
1649 2244 1706 2250 —

275 2278 338 2315 Ad
366 2290 462 2326 quae
480 2280 597 2316 verba
618 2279 862 2326 pertinuerint
882 2280 1051 2327 syllabae
1071 2307 1102 2317 ..
1114 2307 1144 2316 ..
1158 2290 1254 2329 aque
1274 2291 1407 2329 quamc
1426 2292 1535 2317 nemo
1557 2280 1707 2317 dixerit.

281 2355 331 2362 —
353 2335 457 2380 Quae
485 2338 688 2381 sequuntur
717 2337 918 2373 verborum
941 2337 1123 2384 reliquiae
1155 2332 1331 2384 quoniam
1358 2341 1561 2374 extremam
1590 2336 1704 2384 Spar-

277 2391 349 2427 taci
363 2391 568 2427 orationem
583 2394 780 2436 continent,
796 2397 835 2428 ut
848 2395 952 2440 patet
964 2404 1012 2429 ex
1023 2397 1162 2430 mutata
1173 2394 1407 2440 sequentium
1419 2393 1708 2437 constructione,

279 2448 317 2483 in
337 2446 421 2484 cod.
435 2447 523 2482 Vat.
541 2447 713 2494 vestigiis
735 2449 994 2486 ..UDALIAM
1006 2476 1219 2486 ..........
1230 2449 1480 2486 APIENDAM
1503 2450 1619 2485 latere
1643 2461 1708 2486 su-

279 2503 405 2550 spicor
423 2502 534 2538 haud
550 2503 662 2538 aliam
676 2504 798 2551 ipsis
815 2514 939 2552 spem
960 2505 1177 2552 capiendam
1204 2515 1320 2542 esse.
1339 2525 1397 2531 ——
1420 2505 1500 2542 API
1511 2505 1707 2553 syllabam,

280 2560 386 2596 cuius
410 2559 532 2606 prima
549 2559 668 2594 littera
687 2569 762 2595 non
781 2559 892 2607 pl'e'ne
915 2565 1048 2606 exstat,
1068 2561 1295 2598 Niebuhrius
1315 2562 1409 2598 falso
1429 2562 1520 2609 legit
1538 2561 1638 2599 SPE.

393 2614 474 2651 Sed
488 2616 607 2661 pauet·
624 2615 846 2662 prudentes)
876 2617 918 2652 In
940 2617 1015 2652 fine
1040 2627 1175 2654 versus
1205 2621 1262 2655 ll.
1289 2616 1379 2653 nihil
1407 2622 1577 2664 superest
1600 2626 1710 2663 quam

279 2671 386 2715 PRU,
409 2670 511 2718 quod
531 2681 616 2707 cum
637 2671 741 2707 initio
758 2681 895 2709 versus
916 2676 973 2712 12.
994 2674 1091 2709 bene
1112 2674 1186 2709 coit
1205 2673 1242 2709 in
1255 2673 1473 2721 prudentes.
1510 2672 1577 2710 Cui
1596 2682 1710 2708 voca-

279 2727 366 2776 bulo
387 2725 489 2774 quod
508 2725 770 2774 praemisimus
788 2728 856 2765 sod
873 2729 1011 2776 pauci,
1044 2737 1119 2765 non
1141 2729 1409 2776 improbabunt,
1433 2729 1495 2776 qui
1516 2728 1709 2765 nobiscum

1383 2789 1469 2834 17*
