<?xml version="1.0" encoding="UTF-8"?>
<!DOCTYPE html PUBLIC "-//W3C//DTD XHTML 1.0 Transitional//EN"
    "http://www.w3.org/TR/xhtml1/DTD/xhtml1-transitional.dtd">
<html xmlns="http://www.w3.org/1999/xhtml" xml:lang="en" lang="en">
 <head>
  <title>
</title>
<meta http-equiv="Content-Type" content="text/html;charset=utf-8" />
  <meta name='ocr-system' content='tesseract 3.04.00' />
  <meta name='ocr-capabilities' content='ocr_page ocr_carea ocr_par ocr_line ocrx_word'/>
</head>
<body>
  <div class='ocr_page' id='page_1' title='image "./operaquaesupersu03salluoft/operaquaesupersu03salluoft_0026.png"; bbox 0 0 1774 3002; ppageno 0'>
   <div class='ocr_carea' id='block_1_1' title="bbox 158 130 1281 189">
    <p class='ocr_par' dir='ltr' id='par_1_1' title="bbox 158 130 1281 189">
     <span class='ocr_line' id='line_1_1' title="bbox 158 130 1281 189; baseline 0.008 -23"><span class='ocrx_word' id='word_1_1' title='bbox 158 133 226 166; x_wconf 81' lang='lat' dir='ltr'><strong>XX</strong></span> <span class='ocrx_word' id='word_1_2' title='bbox 544 187 546 189; x_wconf 66' lang='lat'>‚</span> <span class='ocrx_word' id='word_1_3' title='bbox 561 130 782 170; x_wconf 88' lang='lat' dir='ltr'><strong>EDITORIS</strong></span> <span class='ocrx_word' id='word_1_4' title='bbox 814 132 1048 171; x_wconf 90' lang='lat' dir='ltr'>EPISTOLA</span> <span class='ocrx_word' id='word_1_5' title='bbox 1077 133 1281 176; x_wconf 75' lang='lat' dir='ltr'><strong>CRITICA‘i</strong></span> 
     </span>
    </p>
   </div>
   <div class='ocr_carea' id='block_1_2' title="bbox 159 247 1675 2420">
    <p class='ocr_par' dir='ltr' id='par_1_2' title="bbox 159 247 1672 986">
     <span class='ocr_line' id='line_1_2' title="bbox 160 247 1670 307; baseline 0.004 -16"><span class='ocrx_word' id='word_1_6' title='bbox 160 247 256 291; x_wconf 91' lang='lat' dir='ltr'><strong>odio</strong></span> <span class='ocrx_word' id='word_1_7' title='bbox 288 250 479 300; x_wconf 89' lang='lat' dir='ltr'><strong>haberet,</strong></span> <span class='ocrx_word' id='word_1_8' title='bbox 519 257 559 292; x_wconf 87' lang='lat' dir='ltr'><strong>et</strong></span> <span class='ocrx_word' id='word_1_9' title='bbox 595 265 720 303; x_wconf 87' lang='lat' dir='ltr'><strong>quarn</strong></span> <span class='ocrx_word' id='word_1_10' title='bbox 755 267 910 304; x_wconf 91' lang='lat' dir='ltr'><strong>vanus,</strong></span> <span class='ocrx_word' id='word_1_11' title='bbox 951 267 1173 306; x_wconf 81' lang='lat' dir='ltr'>arrogans,</span> <span class='ocrx_word' id='word_1_12' title='bbox 1217 255 1555 297; x_wconf 82' lang='lat' dir='ltr'><strong>dissimulationis</strong></span> <span class='ocrx_word' id='word_1_13' title='bbox 1585 257 1670 307; x_wconf 87' lang='lat' dir='ltr'><strong>ple-</strong></span> 
     </span>
     <span class='ocr_line' id='line_1_3' title="bbox 159 318 1669 375; baseline 0.005 -17"><span class='ocrx_word' id='word_1_14' title='bbox 159 330 238 358; x_wconf 92' lang='lat' dir='ltr'><strong>nus</strong></span> <span class='ocrx_word' id='word_1_15' title='bbox 288 318 609 371; x_wconf 89' lang='lat' dir='ltr'><strong>dominandique</strong></span> <span class='ocrx_word' id='word_1_16' title='bbox 659 322 950 373; x_wconf 85' lang='lat' dir='ltr'><strong>cupidissimus</strong></span> <span class='ocrx_word' id='word_1_17' title='bbox 995 328 1129 373; x_wconf 89' lang='lat' dir='ltr'><strong>esset,</strong></span> <span class='ocrx_word' id='word_1_18' title='bbox 1179 324 1348 375; x_wconf 86' lang='lat' dir='ltr'><strong>saepius</strong></span> <span class='ocrx_word' id='word_1_19' title='bbox 1395 325 1435 364; x_wconf 90' lang='lat' dir='ltr'><strong>in</strong></span> <span class='ocrx_word' id='word_1_20' title='bbox 1478 325 1669 365; x_wconf 88' lang='lat' dir='ltr'><strong>Historiis</strong></span> 
     </span>
     <span class='ocr_line' id='line_1_4' title="bbox 161 387 1671 443; baseline 0.005 -17"><span class='ocrx_word' id='word_1_21' title='bbox 161 387 404 427; x_wconf 82' lang='lat' dir='ltr'><strong>ostenderet</strong></span> <span class='ocrx_word' id='word_1_22' title='bbox 434 390 504 436; x_wconf 88' lang='lat' dir='ltr'><strong>(cf.</strong></span> <span class='ocrx_word' id='word_1_23' title='bbox 535 389 600 428; x_wconf 89' lang='lat' dir='ltr'><strong>Fr.</strong></span> <span class='ocrx_word' id='word_1_24' title='bbox 630 390 695 438; x_wconf 90' lang='lat'><strong>111,</strong></span> <span class='ocrx_word' id='word_1_25' title='bbox 727 390 761 429; x_wconf 87' lang='lat'><strong>1.</strong></span> <span class='ocrx_word' id='word_1_26' title='bbox 794 391 858 438; x_wconf 90' lang='grc' dir='ltr'><strong>ΙΙΙ,</strong></span> <span class='ocrx_word' id='word_1_27' title='bbox 895 391 932 430; x_wconf 91' lang='grc'><strong>6.</strong></span> <span class='ocrx_word' id='word_1_28' title='bbox 963 392 1012 440; x_wconf 88' lang='lat' dir='ltr'><strong>V,</strong></span> <span class='ocrx_word' id='word_1_29' title='bbox 1048 391 1110 431; x_wconf 90' lang='lat'><strong>16.</strong></span> <span class='ocrx_word' id='word_1_30' title='bbox 1144 394 1227 432; x_wconf 89' lang='lat' dir='ltr'><strong>Inc.</strong></span> <span class='ocrx_word' id='word_1_31' title='bbox 1258 393 1366 443; x_wconf 87' lang='lat'><strong>41.),</strong></span> <span class='ocrx_word' id='word_1_32' title='bbox 1395 394 1583 443; x_wconf 85' lang='lat' dir='ltr'><strong>profecto</strong></span> <span class='ocrx_word' id='word_1_33' title='bbox 1614 394 1671 432; x_wconf 89' lang='lat' dir='ltr'><strong>in-</strong></span> 
     </span>
     <span class='ocr_line' id='line_1_5' title="bbox 161 454 1671 512; baseline 0.004 -18"><span class='ocrx_word' id='word_1_34' title='bbox 161 454 275 495; x_wconf 90' lang='lat' dir='ltr'><strong>citari</strong></span> <span class='ocrx_word' id='word_1_35' title='bbox 313 467 397 496; x_wconf 91' lang='lat' dir='ltr'><strong>non</strong></span> <span class='ocrx_word' id='word_1_36' title='bbox 435 457 590 507; x_wconf 90' lang='lat' dir='ltr'><strong>potuit,</strong></span> <span class='ocrx_word' id='word_1_37' title='bbox 630 462 676 497; x_wconf 91' lang='lat' dir='ltr'><strong>ut</strong></span> <span class='ocrx_word' id='word_1_38' title='bbox 705 469 777 498; x_wconf 90' lang='lat' dir='ltr'><strong>eas</strong></span> <span class='ocrx_word' id='word_1_39' title='bbox 806 470 874 498; x_wconf 89' lang='lat' dir='ltr'><strong>res</strong></span> <span class='ocrx_word' id='word_1_40' title='bbox 903 464 1247 510; x_wconf 87' lang='lat' dir='ltr'><strong>persequeretur,</strong></span> <span class='ocrx_word' id='word_1_41' title='bbox 1287 459 1327 500; x_wconf 93' lang='lat' dir='ltr'><strong>in</strong></span> <span class='ocrx_word' id='word_1_42' title='bbox 1366 461 1516 512; x_wconf 89' lang='lat' dir='ltr'><strong>quibus</strong></span> <span class='ocrx_word' id='word_1_43' title='bbox 1545 461 1671 512; x_wconf 88' lang='lat' dir='ltr'><strong>expli-</strong></span> 
     </span>
     <span class='ocr_line' id='line_1_6' title="bbox 161 523 1672 578; baseline 0.003 -15"><span class='ocrx_word' id='word_1_44' title='bbox 161 523 305 564; x_wconf 89' lang='lat' dir='ltr'><strong>candis</strong></span> <span class='ocrx_word' id='word_1_45' title='bbox 335 525 388 563; x_wconf 90' lang='lat' dir='ltr'><strong>de</strong></span> <span class='ocrx_word' id='word_1_46' title='bbox 414 526 505 565; x_wconf 88' lang='lat' dir='ltr'><strong>solo</strong></span> <span class='ocrx_word' id='word_1_47' title='bbox 534 526 732 576; x_wconf 88' lang='lat' dir='ltr'><strong>Pompeio</strong></span> <span class='ocrx_word' id='word_1_48' title='bbox 768 524 848 575; x_wconf 91' lang='lat' dir='ltr'><strong>ipsi</strong></span> <span class='ocrx_word' id='word_1_49' title='bbox 878 527 1085 576; x_wconf 90' lang='lat' dir='ltr'><strong>agendum</strong></span> <span class='ocrx_word' id='word_1_50' title='bbox 1113 527 1272 569; x_wconf 91' lang='lat' dir='ltr'><strong>fuisset.</strong></span> <span class='ocrx_word' id='word_1_51' title='bbox 1333 528 1468 578; x_wconf 80' lang='lat' dir='ltr'><strong>Quare</strong></span> <span class='ocrx_word' id='word_1_52' title='bbox 1497 528 1672 569; x_wconf 88' lang='lat' dir='ltr'><strong>dubitari</strong></span> 
     </span>
     <span class='ocr_line' id='line_1_7' title="bbox 159 593 1671 647; baseline 0.003 -15"><span class='ocrx_word' id='word_1_53' title='bbox 159 604 243 633; x_wconf 90' lang='lat' dir='ltr'><strong>non</strong></span> <span class='ocrx_word' id='word_1_54' title='bbox 281 597 446 646; x_wconf 81' lang='lat' dir='ltr'><strong>potest,</strong></span> <span class='ocrx_word' id='word_1_55' title='bbox 468 593 584 644; x_wconf 40' lang='lat' dir='ltr'><strong>‚quin</strong></span> <span class='ocrx_word' id='word_1_56' title='bbox 625 593 831 633; x_wconf 84' lang='lat' dir='ltr'><strong>Historiae</strong></span> <span class='ocrx_word' id='word_1_57' title='bbox 866 606 949 634; x_wconf 90' lang='lat' dir='ltr'><strong>non</strong></span> <span class='ocrx_word' id='word_1_58' title='bbox 986 596 1094 635; x_wconf 88' lang='lat' dir='ltr'><strong>ultra</strong></span> <span class='ocrx_word' id='word_1_59' title='bbox 1131 607 1283 636; x_wconf 89' lang='lat' dir='ltr'><strong>annum</strong></span> <span class='ocrx_word' id='word_1_60' title='bbox 1318 596 1386 637; x_wconf 88' lang='lat'><strong>67.</strong></span> <span class='ocrx_word' id='word_1_61' title='bbox 1420 607 1671 647; x_wconf 84' lang='lat' dir='ltr'><strong>progressae</strong></span> 
     </span>
     <span class='ocr_line' id='line_1_8' title="bbox 162 660 1672 716; baseline 0.003 -16"><span class='ocrx_word' id='word_1_62' title='bbox 162 660 255 700; x_wconf 89' lang='lat' dir='ltr'><strong>sint.</strong></span> <span class='ocrx_word' id='word_1_63' title='bbox 321 662 422 700; x_wconf 91' lang='lat' dir='ltr'><strong>Nam</strong></span> <span class='ocrx_word' id='word_1_64' title='bbox 463 661 533 711; x_wconf 88' lang='lat' dir='ltr'><strong>qui</strong></span> <span class='ocrx_word' id='word_1_65' title='bbox 570 662 716 701; x_wconf 91' lang='lat' dir='ltr'><strong>volunt</strong></span> <span class='ocrx_word' id='word_1_66' title='bbox 745 666 957 702; x_wconf 84' lang='lat' dir='ltr'><strong>auctorem</strong></span> <span class='ocrx_word' id='word_1_67' title='bbox 988 674 1095 713; x_wconf 88' lang='lat' dir='ltr'><strong>opus</strong></span> <span class='ocrx_word' id='word_1_68' title='bbox 1125 675 1246 704; x_wconf 90' lang='lat' dir='ltr'><strong>suum</strong></span> <span class='ocrx_word' id='word_1_69' title='bbox 1274 677 1410 716; x_wconf 91' lang='lat' dir='ltr'><strong>usque</strong></span> <span class='ocrx_word' id='word_1_70' title='bbox 1438 666 1492 705; x_wconf 91' lang='lat' dir='ltr'><strong>ad</strong></span> <span class='ocrx_word' id='word_1_71' title='bbox 1520 676 1672 704; x_wconf 90' lang='lat' dir='ltr'><strong>annum</strong></span> 
     </span>
     <span class='ocr_line' id='line_1_9' title="bbox 161 727 1671 782; baseline 0.003 -15"><span class='ocrx_word' id='word_1_72' title='bbox 161 727 228 768; x_wconf 90' lang='lat'><strong>63.</strong></span> <span class='ocrx_word' id='word_1_73' title='bbox 262 729 508 778; x_wconf 83' lang='lat' dir='ltr'><strong>deduxisse,</strong></span> <span class='ocrx_word' id='word_1_74' title='bbox 539 734 610 769; x_wconf 90' lang='lat' dir='ltr'><strong>aut</strong></span> <span class='ocrx_word' id='word_1_75' title='bbox 636 735 747 769; x_wconf 88' lang='lat' dir='ltr'><strong>certe</strong></span> <span class='ocrx_word' id='word_1_76' title='bbox 778 729 963 770; x_wconf 90' lang='lat' dir='ltr'><strong>voluisse</strong></span> <span class='ocrx_word' id='word_1_77' title='bbox 995 732 1222 782; x_wconf 82' lang='lat' dir='ltr'><strong>deducere,</strong></span> <span class='ocrx_word' id='word_1_78' title='bbox 1253 738 1299 773; x_wconf 92' lang='lat' dir='ltr'><strong>ut</strong></span> <span class='ocrx_word' id='word_1_79' title='bbox 1322 733 1484 773; x_wconf 87' lang='lat' dir='ltr'><strong>libellus</strong></span> <span class='ocrx_word' id='word_1_80' title='bbox 1516 733 1568 772; x_wconf 92' lang='lat' dir='ltr'><strong>de</strong></span> <span class='ocrx_word' id='word_1_81' title='bbox 1600 733 1671 773; x_wconf 86' lang='lat' dir='ltr'><strong>Ca·</strong></span> 
     </span>
     <span class='ocr_line' id='line_1_10' title="bbox 159 796 1672 850; baseline 0.003 -14"><span class='ocrx_word' id='word_1_82' title='bbox 159 797 298 836; x_wconf 88' lang='lat' dir='ltr'><strong>tilinae</strong></span> <span class='ocrx_word' id='word_1_83' title='bbox 345 796 628 837; x_wconf 89' lang='lat' dir='ltr'><strong>coniuratione</strong></span> <span class='ocrx_word' id='word_1_84' title='bbox 663 802 872 847; x_wconf 84' lang='lat' dir='ltr'><strong>tamquam</strong></span> <span class='ocrx_word' id='word_1_85' title='bbox 895 800 1101 842; x_wconf 73' lang='lat' dir='ltr'><strong>clausula</strong></span> <span class='ocrx_word' id='word_1_86' title='bbox 1129 800 1168 839; x_wconf 92' lang='lat' dir='ltr'><strong>ei</strong></span> <span class='ocrx_word' id='word_1_87' title='bbox 1196 801 1533 850; x_wconf 87' lang='lat' dir='ltr'><strong>adhaeresceret,</strong></span> <span class='ocrx_word' id='word_1_88' title='bbox 1564 812 1672 841; x_wconf 85' lang='lat' dir='ltr'><strong>som·</strong></span> 
     </span>
     <span class='ocr_line' id='line_1_11' title="bbox 160 865 1671 920; baseline 0.001 -16"><span class='ocrx_word' id='word_1_89' title='bbox 160 865 272 905; x_wconf 91' lang='lat' dir='ltr'><strong>niant</strong></span> <span class='ocrx_word' id='word_1_90' title='bbox 307 865 446 915; x_wconf 88' lang='lat' dir='ltr'><strong>potius</strong></span> <span class='ocrx_word' id='word_1_91' title='bbox 500 871 540 906; x_wconf 92' lang='lat' dir='ltr'><strong>et</strong></span> <span class='ocrx_word' id='word_1_92' title='bbox 579 867 856 916; x_wconf 63' lang='lat' dir='ltr'><strong>allucinantur,</strong></span> <span class='ocrx_word' id='word_1_93' title='bbox 895 878 1019 919; x_wconf 88' lang='lat' dir='ltr'><strong>quam</strong></span> <span class='ocrx_word' id='word_1_94' title='bbox 1051 867 1192 908; x_wconf 89' lang='lat' dir='ltr'><strong>dicunt</strong></span> <span class='ocrx_word' id='word_1_95' title='bbox 1233 868 1408 919; x_wconf 87' lang='lat' dir='ltr'><strong>aliquid,</strong></span> <span class='ocrx_word' id='word_1_96' title='bbox 1451 869 1566 920; x_wconf 85' lang='lat' dir='ltr'><strong>quod</strong></span> <span class='ocrx_word' id='word_1_97' title='bbox 1605 869 1671 908; x_wconf 90' lang='lat' dir='ltr'><strong>vel</strong></span> 
     </span>
     <span class='ocr_line' id='line_1_12' title="bbox 160 933 1106 986; baseline 0.003 -14"><span class='ocrx_word' id='word_1_98' title='bbox 160 933 414 974; x_wconf 88' lang='lat' dir='ltr'><strong>levissimam</strong></span> <span class='ocrx_word' id='word_1_99' title='bbox 445 934 535 974; x_wconf 90' lang='lat' dir='ltr'><strong>sani</strong></span> <span class='ocrx_word' id='word_1_100' title='bbox 562 935 698 974; x_wconf 89' lang='lat' dir='ltr'><strong>iudicii</strong></span> <span class='ocrx_word' id='word_1_101' title='bbox 729 936 913 986; x_wconf 89' lang='lat' dir='ltr'><strong>speciem</strong></span> <span class='ocrx_word' id='word_1_102' title='bbox 942 936 1106 975; x_wconf 89' lang='lat' dir='ltr'><strong>habeat.</strong></span> 
     </span>
    </p>

    <p class='ocr_par' dir='ltr' id='par_1_3' title="bbox 162 1003 1675 2420">
     <span class='ocr_line' id='line_1_13' title="bbox 274 1003 1671 1057; baseline 0 -13"><span class='ocrx_word' id='word_1_103' title='bbox 274 1006 532 1054; x_wconf 87' lang='lat' dir='ltr'><strong>Argumento</strong></span> <span class='ocrx_word' id='word_1_104' title='bbox 570 1008 694 1053; x_wconf 91' lang='lat' dir='ltr'><strong>atque</strong></span> <span class='ocrx_word' id='word_1_105' title='bbox 728 1004 882 1043; x_wconf 89' lang='lat' dir='ltr'><strong>ambitu</strong></span> <span class='ocrx_word' id='word_1_106' title='bbox 915 1004 1187 1044; x_wconf 87' lang='lat' dir='ltr'><strong>Historiarum</strong></span> <span class='ocrx_word' id='word_1_107' title='bbox 1223 1003 1262 1044; x_wconf 91' lang='lat' dir='ltr'><strong>in</strong></span> <span class='ocrx_word' id='word_1_108' title='bbox 1298 1003 1538 1057; x_wconf 90' lang='lat' dir='ltr'><strong>universum</strong></span> <span class='ocrx_word' id='word_1_109' title='bbox 1576 1015 1671 1045; x_wconf 90' lang='lat' dir='ltr'><strong>con-</strong></span> 
     </span>
     <span class='ocr_line' id='line_1_14' title="bbox 162 1071 1672 1123; baseline 0 -11"><span class='ocrx_word' id='word_1_110' title='bbox 162 1073 327 1121; x_wconf 90' lang='lat' dir='ltr'><strong>stituto,</strong></span> <span class='ocrx_word' id='word_1_111' title='bbox 367 1074 420 1112; x_wconf 85' lang='lat' dir='ltr'><strong>ad</strong></span> <span class='ocrx_word' id='word_1_112' title='bbox 451 1073 698 1122; x_wconf 82' lang='lat' dir='ltr'><strong>Fragmenta</strong></span> <span class='ocrx_word' id='word_1_113' title='bbox 727 1071 880 1111; x_wconf 87' lang='lat' dir='ltr'><strong>rectius</strong></span> <span class='ocrx_word' id='word_1_114' title='bbox 922 1071 1194 1122; x_wconf 27' lang='lat' dir='ltr'><strong>intelligenda,</strong></span> <span class='ocrx_word' id='word_1_115' title='bbox 1215 1083 1264 1112; x_wconf 91' lang='lat' dir='ltr'><strong>ac</strong></span> <span class='ocrx_word' id='word_1_116' title='bbox 1295 1072 1556 1123; x_wconf 88' lang='lat' dir='ltr'><strong>disponenda</strong></span> <span class='ocrx_word' id='word_1_117' title='bbox 1585 1074 1672 1123; x_wconf 92' lang='lat' dir='ltr'><strong>plu-</strong></span> 
     </span>
     <span class='ocr_line' id='line_1_15' title="bbox 162 1140 1672 1192; baseline 0 -12"><span class='ocrx_word' id='word_1_118' title='bbox 162 1141 308 1181; x_wconf 88' lang='lat' dir='ltr'><strong>rimum</strong></span> <span class='ocrx_word' id='word_1_119' title='bbox 345 1142 472 1180; x_wconf 78' lang='lat' dir='ltr'><strong>refert</strong></span> <span class='ocrx_word' id='word_1_120' title='bbox 507 1143 767 1192; x_wconf 89' lang='lat' dir='ltr'><strong>exploratum</strong></span> <span class='ocrx_word' id='word_1_121' title='bbox 808 1140 983 1189; x_wconf 88' lang='lat' dir='ltr'><strong>habere,</strong></span> <span class='ocrx_word' id='word_1_122' title='bbox 1025 1140 1121 1190; x_wconf 91' lang='lat' dir='ltr'><strong>quid</strong></span> <span class='ocrx_word' id='word_1_123' title='bbox 1160 1140 1332 1191; x_wconf 84' lang='lat' dir='ltr'><strong>singulis</strong></span> <span class='ocrx_word' id='word_1_124' title='bbox 1362 1141 1473 1181; x_wconf 90' lang='lat' dir='ltr'><strong>libris</strong></span> <span class='ocrx_word' id='word_1_125' title='bbox 1505 1145 1672 1180; x_wconf 88' lang='lat' dir='ltr'><strong>conten·</strong></span> 
     </span>
     <span class='ocr_line' id='line_1_16' title="bbox 162 1208 1672 1260; baseline -0.001 -11"><span class='ocrx_word' id='word_1_126' title='bbox 162 1214 249 1249; x_wconf 89' lang='lat' dir='ltr'><strong>tum</strong></span> <span class='ocrx_word' id='word_1_127' title='bbox 286 1208 426 1258; x_wconf 82' lang='lat' dir='ltr'><strong>fuerit,</strong></span> <span class='ocrx_word' id='word_1_128' title='bbox 468 1220 675 1260; x_wconf 90' lang='lat' dir='ltr'><strong>quamque</strong></span> <span class='ocrx_word' id='word_1_129' title='bbox 709 1208 911 1248; x_wconf 90' lang='lat' dir='ltr'><strong>rationem</strong></span> <span class='ocrx_word' id='word_1_130' title='bbox 940 1214 1085 1248; x_wconf 84' lang='lat' dir='ltr'><strong>auctor</strong></span> <span class='ocrx_word' id='word_1_131' title='bbox 1112 1209 1151 1249; x_wconf 94' lang='lat' dir='ltr'><strong>in</strong></span> <span class='ocrx_word' id='word_1_132' title='bbox 1190 1210 1434 1250; x_wconf 88' lang='lat' dir='ltr'><strong>adornanda</strong></span> <span class='ocrx_word' id='word_1_133' title='bbox 1463 1213 1544 1252; x_wconf 73' lang='lat' dir='ltr'><strong>tam</strong></span> <span class='ocrx_word' id='word_1_134' title='bbox 1573 1209 1672 1248; x_wconf 89' lang='lat' dir='ltr'><strong>mul·</strong></span> 
     </span>
     <span class='ocr_line' id='line_1_17' title="bbox 163 1276 1671 1329; baseline 0.001 -13"><span class='ocrx_word' id='word_1_135' title='bbox 163 1277 621 1329; x_wconf 58' lang='lat' dir='ltr'><strong>tarumyariarumque</strong></span> <span class='ocrx_word' id='word_1_136' title='bbox 655 1289 792 1318; x_wconf 89' lang='lat' dir='ltr'><strong>rerum</strong></span> <span class='ocrx_word' id='word_1_137' title='bbox 829 1277 998 1316; x_wconf 90' lang='lat' dir='ltr'><strong>materie</strong></span> <span class='ocrx_word' id='word_1_138' title='bbox 1037 1282 1206 1318; x_wconf 91' lang='lat' dir='ltr'><strong>secutus</strong></span> <span class='ocrx_word' id='word_1_139' title='bbox 1241 1277 1305 1318; x_wconf 91' lang='lat' dir='ltr'><strong>sit.</strong></span> <span class='ocrx_word' id='word_1_140' title='bbox 1374 1279 1462 1328; x_wconf 80' lang='lat' dir='ltr'><strong>Quo</strong></span> <span class='ocrx_word' id='word_1_141' title='bbox 1503 1276 1671 1327; x_wconf 86' lang='lat' dir='ltr'><strong>negotio</strong></span> 
     </span>
     <span class='ocr_line' id='line_1_18' title="bbox 165 1345 1673 1398; baseline -0.001 -13"><span class='ocrx_word' id='word_1_142' title='bbox 165 1357 414 1397; x_wconf 88' lang='lat' dir='ltr'><strong>quamquam</strong></span> <span class='ocrx_word' id='word_1_143' title='bbox 447 1345 583 1385; x_wconf 87' lang='lat' dir='ltr'><strong>editor</strong></span> <span class='ocrx_word' id='word_1_144' title='bbox 617 1346 728 1386; x_wconf 93' lang='lat' dir='ltr'><strong>nullo</strong></span> <span class='ocrx_word' id='word_1_145' title='bbox 758 1351 881 1397; x_wconf 89' lang='lat' dir='ltr'><strong>pacto</strong></span> <span class='ocrx_word' id='word_1_146' title='bbox 913 1348 1191 1398; x_wconf 86' lang='lat' dir='ltr'><strong>supersedere</strong></span> <span class='ocrx_word' id='word_1_147' title='bbox 1219 1350 1379 1398; x_wconf 89' lang='lat' dir='ltr'><strong>potest,</strong></span> <span class='ocrx_word' id='word_1_148' title='bbox 1410 1345 1588 1386; x_wconf 87' lang='lat' dir='ltr'><strong>maxima</strong></span> <span class='ocrx_word' id='word_1_149' title='bbox 1615 1350 1673 1384; x_wconf 89' lang='lat' dir='ltr'><strong>ta-</strong></span> 
     </span>
     <span class='ocr_line' id='line_1_19' title="bbox 164 1413 1674 1465; baseline -0.002 -11"><span class='ocrx_word' id='word_1_150' title='bbox 164 1425 256 1454; x_wconf 91' lang='lat' dir='ltr'><strong>men</strong></span> <span class='ocrx_word' id='word_1_151' title='bbox 288 1413 479 1453; x_wconf 89' lang='lat' dir='ltr'><strong>cautione</strong></span> <span class='ocrx_word' id='word_1_152' title='bbox 511 1426 619 1465; x_wconf 89' lang='lat' dir='ltr'><strong>opus</strong></span> <span class='ocrx_word' id='word_1_153' title='bbox 649 1419 735 1463; x_wconf 90' lang='lat' dir='ltr'><strong>est,</strong></span> <span class='ocrx_word' id='word_1_154' title='bbox 776 1426 828 1454; x_wconf 85' lang='lat' dir='ltr'><strong>ne</strong></span> <span class='ocrx_word' id='word_1_155' title='bbox 858 1415 897 1454; x_wconf 93' lang='lat' dir='ltr'><strong>in</strong></span> <span class='ocrx_word' id='word_1_156' title='bbox 929 1426 973 1454; x_wconf 88' lang='lat' dir='ltr'><strong>re</strong></span> <span class='ocrx_word' id='word_1_157' title='bbox 999 1415 1158 1455; x_wconf 90' lang='lat' dir='ltr'><strong>lubrica</strong></span> <span class='ocrx_word' id='word_1_158' title='bbox 1186 1419 1228 1455; x_wconf 91' lang='lat' dir='ltr'><strong>et</strong></span> <span class='ocrx_word' id='word_1_159' title='bbox 1257 1413 1520 1455; x_wconf 84' lang='lat' dir='ltr'><strong>obscuritatis</strong></span> <span class='ocrx_word' id='word_1_160' title='bbox 1550 1414 1674 1463; x_wconf 89' lang='lat' dir='ltr'><strong>plena</strong></span> 
     </span>
     <span class='ocr_line' id='line_1_20' title="bbox 163 1481 1672 1533; baseline -0.001 -11"><span class='ocrx_word' id='word_1_161' title='bbox 163 1482 204 1522; x_wconf 92' lang='lat' dir='ltr'><strong>in</strong></span> <span class='ocrx_word' id='word_1_162' title='bbox 230 1494 395 1523; x_wconf 88' lang='lat' dir='ltr'><strong>errores</strong></span> <span class='ocrx_word' id='word_1_163' title='bbox 425 1482 656 1523; x_wconf 86' lang='lat' dir='ltr'><strong>inducatur.</strong></span> <span class='ocrx_word' id='word_1_164' title='bbox 714 1485 805 1523; x_wconf 93' lang='lat' dir='ltr'><strong>Non</strong></span> <span class='ocrx_word' id='word_1_165' title='bbox 839 1483 973 1533; x_wconf 87' lang='lat' dir='ltr'><strong>agitur</strong></span> <span class='ocrx_word' id='word_1_166' title='bbox 1003 1483 1110 1523; x_wconf 89' lang='lat' dir='ltr'><strong>enim</strong></span> <span class='ocrx_word' id='word_1_167' title='bbox 1139 1483 1192 1522; x_wconf 92' lang='lat' dir='ltr'><strong>de</strong></span> <span class='ocrx_word' id='word_1_168' title='bbox 1222 1494 1294 1532; x_wconf 94' lang='lat' dir='ltr'><strong>eo,</strong></span> <span class='ocrx_word' id='word_1_169' title='bbox 1326 1482 1427 1533; x_wconf 91' lang='lat' dir='ltr'><strong>quid</strong></span> <span class='ocrx_word' id='word_1_170' title='bbox 1453 1481 1672 1522; x_wconf 83' lang='lat' dir='ltr'><strong>Sallustius</strong></span> 
     </span>
     <span class='ocr_line' id='line_1_21' title="bbox 164 1550 1672 1601; baseline -0.002 -10"><span class='ocrx_word' id='word_1_171' title='bbox 164 1551 230 1591; x_wconf 92' lang='lat' dir='ltr'><strong>vel</strong></span> <span class='ocrx_word' id='word_1_172' title='bbox 259 1551 442 1600; x_wconf 90' lang='lat' dir='ltr'><strong>potuerit</strong></span> <span class='ocrx_word' id='word_1_173' title='bbox 462 1552 665 1600; x_wconf 86' lang='lat' dir='ltr'><strong>scribere,</strong></span> <span class='ocrx_word' id='word_1_174' title='bbox 695 1553 763 1591; x_wconf 88' lang='lat' dir='ltr'><strong>vel</strong></span> <span class='ocrx_word' id='word_1_175' title='bbox 794 1551 1000 1600; x_wconf 84' lang='lat' dir='ltr'><strong>debuerit,</strong></span> <span class='ocrx_word' id='word_1_176' title='bbox 1040 1552 1092 1590; x_wconf 89' lang='lat' dir='ltr'><strong>de</strong></span> <span class='ocrx_word' id='word_1_177' title='bbox 1123 1562 1205 1601; x_wconf 92' lang='lat' dir='ltr'><strong>quo</strong></span> <span class='ocrx_word' id='word_1_178' title='bbox 1237 1550 1305 1590; x_wconf 91' lang='lat' dir='ltr'><strong>alii</strong></span> <span class='ocrx_word' id='word_1_179' title='bbox 1334 1550 1452 1590; x_wconf 86' lang='lat' dir='ltr'><strong>aliter</strong></span> <span class='ocrx_word' id='word_1_180' title='bbox 1479 1552 1672 1598; x_wconf 83' lang='lat' dir='ltr'><strong>statuent,</strong></span> 
     </span>
     <span class='ocr_line' id='line_1_22' title="bbox 165 1618 1674 1670; baseline -0.003 -10"><span class='ocrx_word' id='word_1_181' title='bbox 165 1620 242 1660; x_wconf 92' lang='lat' dir='ltr'><strong>sed</strong></span> <span class='ocrx_word' id='word_1_182' title='bbox 280 1620 379 1670; x_wconf 92' lang='lat' dir='ltr'><strong>quid</strong></span> <span class='ocrx_word' id='word_1_183' title='bbox 413 1631 459 1659; x_wconf 91' lang='lat' dir='ltr'><strong>re</strong></span> <span class='ocrx_word' id='word_1_184' title='bbox 496 1631 596 1659; x_wconf 88' lang='lat' dir='ltr'><strong>vera</strong></span> <span class='ocrx_word' id='word_1_185' title='bbox 633 1620 860 1670; x_wconf 86' lang='lat' dir='ltr'><strong>scripserit.</strong></span> <span class='ocrx_word' id='word_1_186' title='bbox 929 1620 1050 1669; x_wconf 82' lang='lat' dir='ltr'><strong>Quod</strong></span> <span class='ocrx_word' id='word_1_187' title='bbox 1083 1624 1129 1659; x_wconf 92' lang='lat' dir='ltr'><strong>ut</strong></span> <span class='ocrx_word' id='word_1_188' title='bbox 1165 1618 1303 1669; x_wconf 88' lang='lat' dir='ltr'><strong>aliqua</strong></span> <span class='ocrx_word' id='word_1_189' title='bbox 1333 1622 1445 1658; x_wconf 89' lang='lat' dir='ltr'><strong>certe</strong></span> <span class='ocrx_word' id='word_1_190' title='bbox 1474 1629 1527 1657; x_wconf 90' lang='lat' dir='ltr'><strong>ex</strong></span> <span class='ocrx_word' id='word_1_191' title='bbox 1556 1621 1674 1667; x_wconf 87' lang='lat' dir='ltr'><strong>parte</strong></span> 
     </span>
     <span class='ocr_line' id='line_1_23' title="bbox 165 1686 1673 1742; baseline -0.002 -14"><span class='ocrx_word' id='word_1_192' title='bbox 165 1692 446 1739; x_wconf 83' lang='lat' dir='ltr'><strong>cognoscatur</strong></span> <span class='ocrx_word' id='word_1_193' title='bbox 474 1688 853 1742; x_wconf 40' lang='lat' dir='ltr'><strong>(nam-universam</strong></span> <span class='ocrx_word' id='word_1_194' title='bbox 882 1700 1019 1728; x_wconf 91' lang='lat' dir='ltr'><strong>rerum</strong></span> <span class='ocrx_word' id='word_1_195' title='bbox 1047 1686 1209 1736; x_wconf 86' lang='lat' dir='ltr'><strong>copiam</strong></span> <span class='ocrx_word' id='word_1_196' title='bbox 1237 1691 1362 1736; x_wconf 91' lang='lat' dir='ltr'><strong>atque</strong></span> <span class='ocrx_word' id='word_1_197' title='bbox 1390 1686 1576 1726; x_wconf 88' lang='lat' dir='ltr'><strong>ordinem</strong></span> <span class='ocrx_word' id='word_1_198' title='bbox 1606 1698 1673 1735; x_wconf 26' lang='lat' dir='ltr'><strong>,as—</strong></span> 
     </span>
     <span class='ocr_line' id='line_1_24' title="bbox 165 1755 1673 1811; baseline -0.001 -15"><span class='ocrx_word' id='word_1_199' title='bbox 165 1759 285 1808; x_wconf 87' lang='lat' dir='ltr'><strong>sequi</strong></span> <span class='ocrx_word' id='word_1_200' title='bbox 314 1758 420 1797; x_wconf 90' lang='lat' dir='ltr'><strong>velle</strong></span> <span class='ocrx_word' id='word_1_201' title='bbox 449 1757 675 1811; x_wconf 88' lang='lat' dir='ltr'><strong>absurdum</strong></span> <span class='ocrx_word' id='word_1_202' title='bbox 703 1759 797 1807; x_wconf 82' lang='lat' dir='ltr'><strong>est),</strong></span> <span class='ocrx_word' id='word_1_203' title='bbox 825 1762 1022 1807; x_wconf 86' lang='lat' dir='ltr'><strong>tanquam</strong></span> <span class='ocrx_word' id='word_1_204' title='bbox 1047 1756 1165 1795; x_wconf 89' lang='lat' dir='ltr'><strong>firmo</strong></span> <span class='ocrx_word' id='word_1_205' title='bbox 1187 1755 1454 1795; x_wconf 88' lang='lat' dir='ltr'><strong>fundamento</strong></span> <span class='ocrx_word' id='word_1_206' title='bbox 1482 1755 1531 1795; x_wconf 91' lang='lat' dir='ltr'><strong>iis</strong></span> <span class='ocrx_word' id='word_1_207' title='bbox 1550 1755 1673 1805; x_wconf 87' lang='lat' dir='ltr'><strong>Frag-</strong></span> 
     </span>
     <span class='ocr_line' id='line_1_25' title="bbox 165 1823 1674 1876; baseline -0.001 -11"><span class='ocrx_word' id='word_1_208' title='bbox 165 1825 314 1865; x_wconf 89' lang='lat' dir='ltr'><strong>mentis</strong></span> <span class='ocrx_word' id='word_1_209' title='bbox 351 1824 624 1866; x_wconf 88' lang='lat' dir='ltr'><strong>insistendum</strong></span> <span class='ocrx_word' id='word_1_210' title='bbox 655 1830 741 1874; x_wconf 90' lang='lat' dir='ltr'><strong>est,</strong></span> <span class='ocrx_word' id='word_1_211' title='bbox 779 1837 954 1876; x_wconf 91' lang='lat' dir='ltr'><strong>quorum</strong></span> <span class='ocrx_word' id='word_1_212' title='bbox 989 1836 1073 1864; x_wconf 92' lang='lat' dir='ltr'><strong>non</strong></span> <span class='ocrx_word' id='word_1_213' title='bbox 1108 1823 1212 1863; x_wconf 89' lang='lat' dir='ltr'><strong>liber</strong></span> <span class='ocrx_word' id='word_1_214' title='bbox 1238 1827 1415 1872; x_wconf 91' lang='lat' dir='ltr'><strong>tantum,</strong></span> <span class='ocrx_word' id='word_1_215' title='bbox 1454 1825 1565 1864; x_wconf 88' lang='lat' dir='ltr'><strong>unde</strong></span> <span class='ocrx_word' id='word_1_216' title='bbox 1603 1824 1674 1863; x_wconf 89' lang='lat' dir='ltr'><strong>de-</strong></span> 
     </span>
     <span class='ocr_line' id='line_1_26' title="bbox 166 1891 1672 1948; baseline -0.001 -14"><span class='ocrx_word' id='word_1_217' title='bbox 166 1898 331 1944; x_wconf 84' lang='lat' dir='ltr'><strong>sumpta</strong></span> <span class='ocrx_word' id='word_1_218' title='bbox 351 1898 476 1948; x_wconf 70' lang='lat' dir='ltr'><strong>sunt„</strong></span> <span class='ocrx_word' id='word_1_219' title='bbox 501 1895 602 1935; x_wconf 86' lang='lat' dir='ltr'><strong>satis</strong></span> <span class='ocrx_word' id='word_1_220' title='bbox 631 1899 767 1934; x_wconf 86' lang='lat' dir='ltr'><strong>certus</strong></span> <span class='ocrx_word' id='word_1_221' title='bbox 795 1899 871 1943; x_wconf 87' lang='lat' dir='ltr'><strong>est,</strong></span> <span class='ocrx_word' id='word_1_222' title='bbox 901 1894 978 1933; x_wconf 89' lang='lat' dir='ltr'><strong>sed</strong></span> <span class='ocrx_word' id='word_1_223' title='bbox 1007 1892 1130 1932; x_wconf 86' lang='lat' dir='ltr'><strong>etiam</strong></span> <span class='ocrx_word' id='word_1_224' title='bbox 1156 1902 1307 1931; x_wconf 86' lang='lat' dir='ltr'><strong>sensus</strong></span> <span class='ocrx_word' id='word_1_225' title='bbox 1325 1891 1392 1931; x_wconf 72' lang='lat' dir='ltr'><strong>,ita</strong></span> <span class='ocrx_word' id='word_1_226' title='bbox 1411 1892 1672 1942; x_wconf 89' lang='lat' dir='ltr'><strong>perspicuus,</strong></span> 
     </span>
     <span class='ocr_line' id='line_1_27' title="bbox 164 1959 1671 2012; baseline -0.002 -10"><span class='ocrx_word' id='word_1_227' title='bbox 164 1966 230 2011; x_wconf 90' lang='lat' dir='ltr'><strong>ut,</strong></span> <span class='ocrx_word' id='word_1_228' title='bbox 270 1962 324 2001; x_wconf 89' lang='lat' dir='ltr'><strong>ad</strong></span> <span class='ocrx_word' id='word_1_229' title='bbox 357 1972 462 2011; x_wconf 89' lang='lat' dir='ltr'><strong>quas</strong></span> <span class='ocrx_word' id='word_1_230' title='bbox 496 1975 564 2003; x_wconf 90' lang='lat' dir='ltr'><strong>res</strong></span> <span class='ocrx_word' id='word_1_231' title='bbox 597 1963 815 2003; x_wconf 85' lang='lat' dir='ltr'><strong>reserenda</strong></span> <span class='ocrx_word' id='word_1_232' title='bbox 852 1962 954 2012; x_wconf 86' lang='lat' dir='ltr'><strong>sint,</strong></span> <span class='ocrx_word' id='word_1_233' title='bbox 1007 1961 1119 2000; x_wconf 87' lang='lat' dir='ltr'><strong>nulla</strong></span> <span class='ocrx_word' id='word_1_234' title='bbox 1162 1959 1360 2000; x_wconf 91' lang='lat' dir='ltr'><strong>dubitatio</strong></span> <span class='ocrx_word' id='word_1_235' title='bbox 1387 1960 1671 2012; x_wconf 59' lang='lat' dir='ltr'><strong>⁸relinquatur.</strong></span> 
     </span>
     <span class='ocr_line' id='line_1_28' title="bbox 165 2026 1672 2082; baseline -0.002 -12"><span class='ocrx_word' id='word_1_236' title='bbox 165 2032 225 2070; x_wconf 83' lang='lat' dir='ltr'><strong>Ita</strong></span> <span class='ocrx_word' id='word_1_237' title='bbox 262 2029 391 2078; x_wconf 91' lang='lat' dir='ltr'><strong>enim,</strong></span> <span class='ocrx_word' id='word_1_238' title='bbox 430 2030 500 2070; x_wconf 90' lang='lat' dir='ltr'><strong>ubi</strong></span> <span class='ocrx_word' id='word_1_239' title='bbox 538 2030 683 2082; x_wconf 88' lang='lat' dir='ltr'><strong>paucis</strong></span> <span class='ocrx_word' id='word_1_240' title='bbox 722 2030 909 2081; x_wconf 86' lang='lat' dir='ltr'><strong>quidem,</strong></span> <span class='ocrx_word' id='word_1_241' title='bbox 950 2030 1027 2070; x_wconf 88' lang='lat' dir='ltr'><strong>sed</strong></span> <span class='ocrx_word' id='word_1_242' title='bbox 1054 2039 1231 2079; x_wconf 89' lang='lat' dir='ltr'><strong>prorsus</strong></span> <span class='ocrx_word' id='word_1_243' title='bbox 1260 2026 1386 2068; x_wconf 87' lang='lat' dir='ltr'><strong>certis</strong></span> <span class='ocrx_word' id='word_1_244' title='bbox 1413 2027 1579 2068; x_wconf 80' lang='lat' dir='ltr'><strong>indiciis</strong></span> <span class='ocrx_word' id='word_1_245' title='bbox 1605 2038 1672 2067; x_wconf 88' lang='lat' dir='ltr'><strong>ex-</strong></span> 
     </span>
     <span class='ocr_line' id='line_1_29' title="bbox 165 2095 1672 2150; baseline -0.001 -13"><span class='ocrx_word' id='word_1_246' title='bbox 165 2099 372 2150; x_wconf 89' lang='lat' dir='ltr'><strong>ploratum</strong></span> <span class='ocrx_word' id='word_1_247' title='bbox 400 2098 540 2147; x_wconf 82' lang='lat' dir='ltr'><strong>fuerit,</strong></span> <span class='ocrx_word' id='word_1_248' title='bbox 583 2111 687 2150; x_wconf 90' lang='lat' dir='ltr'><strong>quas</strong></span> <span class='ocrx_word' id='word_1_249' title='bbox 725 2111 793 2140; x_wconf 86' lang='lat' dir='ltr'><strong>res</strong></span> <span class='ocrx_word' id='word_1_250' title='bbox 826 2104 972 2139; x_wconf 90' lang='lat' dir='ltr'><strong>auctor</strong></span> <span class='ocrx_word' id='word_1_251' title='bbox 1000 2097 1039 2136; x_wconf 95' lang='lat' dir='ltr'><strong>in</strong></span> <span class='ocrx_word' id='word_1_252' title='bbox 1078 2096 1250 2147; x_wconf 87' lang='lat' dir='ltr'><strong>singulis</strong></span> <span class='ocrx_word' id='word_1_253' title='bbox 1280 2095 1394 2136; x_wconf 89' lang='lat' dir='ltr'><strong>libris</strong></span> <span class='ocrx_word' id='word_1_254' title='bbox 1426 2096 1672 2146; x_wconf 84' lang='lat' dir='ltr'><strong>tractaverit,</strong></span> 
     </span>
     <span class='ocr_line' id='line_1_30' title="bbox 164 2165 1674 2217; baseline -0.001 -10"><span class='ocrx_word' id='word_1_255' title='bbox 164 2166 234 2207; x_wconf 88' lang='lat' dir='ltr'><strong>via</strong></span> <span class='ocrx_word' id='word_1_256' title='bbox 264 2165 383 2217; x_wconf 89' lang='lat' dir='ltr'><strong>quasi</strong></span> <span class='ocrx_word' id='word_1_257' title='bbox 411 2166 602 2216; x_wconf 87' lang='lat' dir='ltr'><strong>munitur,</strong></span> <span class='ocrx_word' id='word_1_258' title='bbox 635 2179 718 2217; x_wconf 91' lang='lat' dir='ltr'><strong>qua</strong></span> <span class='ocrx_word' id='word_1_259' title='bbox 747 2171 866 2206; x_wconf 88' lang='lat' dir='ltr'><strong>caute</strong></span> <span class='ocrx_word' id='word_1_260' title='bbox 891 2166 1170 2216; x_wconf 89' lang='lat' dir='ltr'><strong>procedentes</strong></span> <span class='ocrx_word' id='word_1_261' title='bbox 1197 2175 1281 2204; x_wconf 92' lang='lat' dir='ltr'><strong>non</strong></span> <span class='ocrx_word' id='word_1_262' title='bbox 1312 2165 1447 2205; x_wconf 90' lang='lat' dir='ltr'><strong>solum</strong></span> <span class='ocrx_word' id='word_1_263' title='bbox 1474 2176 1525 2204; x_wconf 89' lang='lat' dir='ltr'><strong>ea</strong></span> <span class='ocrx_word' id='word_1_264' title='bbox 1551 2165 1674 2215; x_wconf 84' lang='lat' dir='ltr'><strong>Frag-</strong></span> 
     </span>
     <span class='ocr_line' id='line_1_31' title="bbox 166 2231 1675 2284; baseline -0.002 -9"><span class='ocrx_word' id='word_1_265' title='bbox 166 2238 323 2282; x_wconf 84' lang='lat' dir='ltr'><strong>menta,</strong></span> <span class='ocrx_word' id='word_1_266' title='bbox 355 2245 461 2284; x_wconf 87' lang='lat' dir='ltr'><strong>quae</strong></span> <span class='ocrx_word' id='word_1_267' title='bbox 490 2245 542 2273; x_wconf 87' lang='lat' dir='ltr'><strong>ex</strong></span> <span class='ocrx_word' id='word_1_268' title='bbox 573 2235 695 2274; x_wconf 88' lang='lat' dir='ltr'><strong>certis</strong></span> <span class='ocrx_word' id='word_1_269' title='bbox 723 2234 837 2273; x_wconf 87' lang='lat' dir='ltr'><strong>libris</strong></span> <span class='ocrx_word' id='word_1_270' title='bbox 866 2234 1033 2272; x_wconf 86' lang='lat' dir='ltr'><strong>laudata</strong></span> <span class='ocrx_word' id='word_1_271' title='bbox 1059 2233 1200 2282; x_wconf 85' lang='lat' dir='ltr'><strong>paullo</strong></span> <span class='ocrx_word' id='word_1_272' title='bbox 1232 2231 1503 2274; x_wconf 86' lang='lat' dir='ltr'><strong>difficiliorem</strong></span> <span class='ocrx_word' id='word_1_273' title='bbox 1522 2233 1675 2273; x_wconf 88' lang='lat' dir='ltr'><strong>habent</strong></span> 
     </span>
     <span class='ocr_line' id='line_1_32' title="bbox 167 2299 1673 2353; baseline -0.003 -10"><span class='ocrx_word' id='word_1_274' title='bbox 167 2303 437 2353; x_wconf 88' lang='lat' dir='ltr'><strong>explicatum,</strong></span> <span class='ocrx_word' id='word_1_275' title='bbox 474 2302 551 2341; x_wconf 86' lang='lat' dir='ltr'><strong>sed</strong></span> <span class='ocrx_word' id='word_1_276' title='bbox 581 2302 704 2341; x_wconf 89' lang='lat' dir='ltr'><strong>etiam</strong></span> <span class='ocrx_word' id='word_1_277' title='bbox 739 2312 808 2349; x_wconf 90' lang='lat' dir='ltr'><strong>ea,</strong></span> <span class='ocrx_word' id='word_1_278' title='bbox 840 2311 1016 2350; x_wconf 90' lang='lat' dir='ltr'><strong>quorum</strong></span> <span class='ocrx_word' id='word_1_279' title='bbox 1043 2300 1191 2339; x_wconf 91' lang='lat' dir='ltr'><strong>librum</strong></span> <span class='ocrx_word' id='word_1_280' title='bbox 1219 2299 1480 2349; x_wconf 84' lang='lat' dir='ltr'><strong>ignoramus,</strong></span> <span class='ocrx_word' id='word_1_281' title='bbox 1510 2304 1673 2341; x_wconf 89' lang='lat' dir='ltr'><strong>senten-</strong></span> 
     </span>
     <span class='ocr_line' id='line_1_33' title="bbox 165 2366 1673 2420; baseline -0.004 -9"><span class='ocrx_word' id='word_1_282' title='bbox 165 2371 264 2411; x_wconf 87' lang='lat' dir='ltr'><strong>tiam</strong></span> <span class='ocrx_word' id='word_1_283' title='bbox 286 2381 388 2410; x_wconf 89' lang='lat' dir='ltr'><strong>vero</strong></span> <span class='ocrx_word' id='word_1_284' title='bbox 415 2370 517 2410; x_wconf 88' lang='lat' dir='ltr'><strong>satis</strong></span> <span class='ocrx_word' id='word_1_285' title='bbox 543 2369 811 2420; x_wconf 88' lang='lat' dir='ltr'><strong>probabiliter</strong></span> <span class='ocrx_word' id='word_1_286' title='bbox 834 2368 1005 2418; x_wconf 91' lang='lat' dir='ltr'><strong>assequi</strong></span> <span class='ocrx_word' id='word_1_287' title='bbox 1035 2369 1242 2416; x_wconf 91' lang='lat' dir='ltr'><strong>valemus,</strong></span> <span class='ocrx_word' id='word_1_288' title='bbox 1278 2379 1373 2407; x_wconf 92' lang='lat' dir='ltr'><strong>cum</strong></span> <span class='ocrx_word' id='word_1_289' title='bbox 1406 2368 1545 2417; x_wconf 87' lang='lat' dir='ltr'><strong>aliqua</strong></span> <span class='ocrx_word' id='word_1_290' title='bbox 1570 2366 1673 2406; x_wconf 88' lang='lat' dir='ltr'><strong>veri-</strong></span> 
     </span>
    </p>
   </div>
   <div class='ocr_carea' id='block_1_3' title="bbox 169 2430 1745 2486">
    <p class='ocr_par' dir='ltr' id='par_1_4' title="bbox 169 2430 1745 2486">
     <span class='ocr_line' id='line_1_34' title="bbox 169 2430 1745 2486; baseline -0.004 -8"><span class='ocrx_word' id='word_1_291' title='bbox 169 2437 431 2480; x_wconf 85' lang='lat' dir='ltr'><strong>similitudine</strong></span> <span class='ocrx_word' id='word_1_292' title='bbox 460 2439 513 2476; x_wconf 91' lang='lat' dir='ltr'><strong>ad</strong></span> <span class='ocrx_word' id='word_1_293' title='bbox 544 2449 664 2477; x_wconf 91' lang='lat' dir='ltr'><strong>suum</strong></span> <span class='ocrx_word' id='word_1_294' title='bbox 690 2438 827 2476; x_wconf 89' lang='lat' dir='ltr'><strong>locum</strong></span> <span class='ocrx_word' id='word_1_295' title='bbox 851 2437 1005 2475; x_wconf 77' lang='lat' dir='ltr'><strong>referre</strong></span> <span class='ocrx_word' id='word_1_296' title='bbox 1022 2434 1247 2486; x_wconf 87' lang='lat' dir='ltr'><strong>possimus.</strong></span> <span class='ocrx_word' id='word_1_297' title='bbox 1309 2433 1673 2474; x_wconf 85' lang='lat' dir='ltr'><strong>Grammaticorum</strong></span> <span class='ocrx_word' id='word_1_298' title='bbox 1715 2430 1745 2450; x_wconf 77' lang='lat'><strong>⁴&#39;</strong></span> 
     </span>
    </p>
   </div>
   <div class='ocr_carea' id='block_1_4' title="bbox 167 2502 1674 2830">
    <p class='ocr_par' dir='ltr' id='par_1_5' title="bbox 167 2502 1674 2830">
     <span class='ocr_line' id='line_1_35' title="bbox 167 2502 1673 2557; baseline -0.004 -11"><span class='ocrx_word' id='word_1_299' title='bbox 167 2506 292 2557; x_wconf 81' lang='lat' dir='ltr'><strong>igitur</strong></span> <span class='ocrx_word' id='word_1_300' title='bbox 310 2505 561 2554; x_wconf 89' lang='lat' dir='ltr'><strong>testimonio,</strong></span> <span class='ocrx_word' id='word_1_301' title='bbox 589 2504 659 2554; x_wconf 90' lang='lat' dir='ltr'><strong>qui</strong></span> <span class='ocrx_word' id='word_1_302' title='bbox 687 2504 815 2544; x_wconf 90' lang='lat' dir='ltr'><strong>libros</strong></span> <span class='ocrx_word' id='word_1_303' title='bbox 846 2504 1185 2553; x_wconf 89' lang='lat' dir='ltr'><strong>Fragmentorum</strong></span> <span class='ocrx_word' id='word_1_304' title='bbox 1214 2502 1444 2549; x_wconf 84' lang='lat' dir='ltr'><strong>laudarunt,</strong></span> <span class='ocrx_word' id='word_1_305' title='bbox 1471 2512 1673 2541; x_wconf 89' lang='lat' dir='ltr'><strong>summam</strong></span> 
     </span>
     <span class='ocr_line' id='line_1_36' title="bbox 170 2568 1674 2621; baseline -0.005 -7"><span class='ocrx_word' id='word_1_306' title='bbox 170 2573 455 2615; x_wconf 86' lang='lat' dir='ltr'><strong>auctoritatem</strong></span> <span class='ocrx_word' id='word_1_307' title='bbox 495 2583 591 2612; x_wconf 91' lang='lat' dir='ltr'><strong>esse</strong></span> <span class='ocrx_word' id='word_1_308' title='bbox 627 2572 780 2611; x_wconf 85' lang='lat' dir='ltr'><strong>debere</strong></span> <span class='ocrx_word' id='word_1_309' title='bbox 817 2572 858 2611; x_wconf 91' lang='lat' dir='ltr'><strong>in</strong></span> <span class='ocrx_word' id='word_1_310' title='bbox 890 2572 1126 2612; x_wconf 85' lang='lat' dir='ltr'><strong>Sallustiani</strong></span> <span class='ocrx_word' id='word_1_311' title='bbox 1165 2570 1304 2621; x_wconf 91' lang='lat' dir='ltr'><strong>operis</strong></span> <span class='ocrx_word' id='word_1_312' title='bbox 1344 2568 1528 2619; x_wconf 89' lang='lat' dir='ltr'><strong>reliquiis</strong></span> <span class='ocrx_word' id='word_1_313' title='bbox 1567 2568 1674 2608; x_wconf 90' lang='lat' dir='ltr'><strong>ordi-</strong></span> 
     </span>
     <span class='ocr_line' id='line_1_37' title="bbox 171 2635 1672 2691; baseline -0.005 -8"><span class='ocrx_word' id='word_1_314' title='bbox 171 2642 320 2683; x_wconf 86' lang='lat' dir='ltr'><strong>nandis</strong></span> <span class='ocrx_word' id='word_1_315' title='bbox 366 2645 564 2691; x_wconf 88' lang='lat' dir='ltr'><strong>recteque</strong></span> <span class='ocrx_word' id='word_1_316' title='bbox 599 2640 874 2689; x_wconf 86' lang='lat' dir='ltr'><strong>intelligendis</strong></span> <span class='ocrx_word' id='word_1_317' title='bbox 921 2640 1108 2689; x_wconf 90' lang='lat' dir='ltr'><strong>quamvis</strong></span> <span class='ocrx_word' id='word_1_318' title='bbox 1145 2650 1266 2679; x_wconf 86' lang='lat' dir='ltr'><strong>nemo</strong></span> <span class='ocrx_word' id='word_1_319' title='bbox 1302 2635 1438 2688; x_wconf 86' lang='lat' dir='ltr'><strong>possit</strong></span> <span class='ocrx_word' id='word_1_320' title='bbox 1473 2636 1672 2687; x_wconf 80' lang='lat' dir='ltr'><strong>dubitare,</strong></span> 
     </span>
     <span class='ocr_line' id='line_1_38' title="bbox 170 2702 1673 2759; baseline -0.005 -8"><span class='ocrx_word' id='word_1_321' title='bbox 170 2713 288 2752; x_wconf 75' lang='lat' dir='ltr'><strong>fuere</strong></span> <span class='ocrx_word' id='word_1_322' title='bbox 316 2715 474 2758; x_wconf 89' lang='lat' dir='ltr'><strong>tamen,</strong></span> <span class='ocrx_word' id='word_1_323' title='bbox 511 2707 581 2759; x_wconf 91' lang='lat' dir='ltr'><strong>qui</strong></span> <span class='ocrx_word' id='word_1_324' title='bbox 608 2708 647 2747; x_wconf 92' lang='lat' dir='ltr'><strong>in</strong></span> <span class='ocrx_word' id='word_1_325' title='bbox 682 2712 765 2747; x_wconf 87' lang='lat' dir='ltr'><strong>tam</strong></span> <span class='ocrx_word' id='word_1_326' title='bbox 793 2710 917 2758; x_wconf 87' lang='lat' dir='ltr'><strong>plana</strong></span> <span class='ocrx_word' id='word_1_327' title='bbox 945 2719 991 2747; x_wconf 90' lang='lat' dir='ltr'><strong>re</strong></span> <span class='ocrx_word' id='word_1_328' title='bbox 1017 2711 1141 2758; x_wconf 88' lang='lat' dir='ltr'><strong>atque</strong></span> <span class='ocrx_word' id='word_1_329' title='bbox 1167 2704 1388 2757; x_wconf 89' lang='lat' dir='ltr'><strong>perspicua</strong></span> <span class='ocrx_word' id='word_1_330' title='bbox 1415 2704 1472 2744; x_wconf 87' lang='lat' dir='ltr'><strong>ita</strong></span> <span class='ocrx_word' id='word_1_331' title='bbox 1499 2702 1673 2744; x_wconf 88' lang='lat' dir='ltr'><strong>caecuti-</strong></span> 
     </span>
     <span class='ocr_line' id='line_1_39' title="bbox 172 2770 1674 2830; baseline -0.006 -10"><span class='ocrx_word' id='word_1_332' title='bbox 172 2784 285 2830; x_wconf 87' lang='lat' dir='ltr'><strong>rent,</strong></span> <span class='ocrx_word' id='word_1_333' title='bbox 323 2783 368 2820; x_wconf 93' lang='lat' dir='ltr'><strong>ut</strong></span> <span class='ocrx_word' id='word_1_334' title='bbox 394 2788 570 2830; x_wconf 88' lang='lat' dir='ltr'><strong>prorsus</strong></span> <span class='ocrx_word' id='word_1_335' title='bbox 600 2776 828 2816; x_wconf 88' lang='lat' dir='ltr'><strong>incredibili</strong></span> <span class='ocrx_word' id='word_1_336' title='bbox 862 2776 1134 2828; x_wconf 87' lang='lat' dir='ltr'><strong>perversitate</strong></span> <span class='ocrx_word' id='word_1_337' title='bbox 1163 2777 1472 2826; x_wconf 82' lang='lat' dir='ltr'><strong>grassarentur,</strong></span> <span class='ocrx_word' id='word_1_338' title='bbox 1499 2770 1674 2823; x_wconf 81' lang='lat' dir='ltr'><strong>turpiter</strong></span> 
     </span>
    </p>
   </div>
  </div>
 </body>
</html>
