1774 3002
354 291 423 333 29.
483 285 544 330 At
571 282 808 330 Metellus'
795 297 839 327 m
875 280 1126 327 ulteriorem
1153 279 1407 340 Hispaniam
1434 281 1537 338 post
1570 293 1656 323 an-

220 383 323 413 num
357 381 591 429 regressus
627 380 791 426 magna
814 365 958 426 gloria
989 362 1338 410 concurrentium
1365 361 1557 423 undique
1582 361 1658 406 vi·-

223 451 301 496 rile
331 453 375 496 et
407 450 616 495 muliebre
645 463 775 495 secus
801 462 882 507 per
906 447 1005 492 vias
1036 461 1089 492 ac
1115 448 1230 492 tecta
1261 444 1451 491 omnium
1475 443 1659 489 viseba-

186 535 306 578 2tur.
340 532 450 578 Eum
475 534 683 593 quaestor
708 531 755 578 C.
782 530 971 576 Urbinus
999 528 1183 590 aliique,
1211 527 1387 589 cognita
1417 527 1656 582 voluntate,

221 606 356 677 quum
381 615 437 661 ad
471 629 652 672 coenam
686 613 958 668 invitassent,
994 611 1109 657 ultra
1129 611 1427 657 Romanorum
1452 625 1503 656 ac
1533 624 1659 657 mor-

0 0 239 205 Γψι
503 156 831 200 HISTORIARUM
859 156 1171 196 FRAGMENTA.
1228 156 1318 192 Lffl.
1347 156 1392 191 11.
1572 149 1656 192 139

0 206 11 355 l

0 359 9 439 l

222 785 259 822 p.
279 777 360 812 125.
382 773 481 810 hanc
498 774 653 810 sormam
674 784 696 809 a
714 771 861 821 Sayuns
882 771 1115 809 descendere
1130 775 1246 815 ratus,
1266 774 1409 814 tamen,
1430 770 1519 816 quia
1538 780 1659 817 neque

222 829 360 875 Arum-r,
385 841 507 877 neque
527 829 673 877 Tuquns
692 834 792 865 recte
811 829 971 865 conferri
986 829 1142 875 possint,
1167 828 1342 873 exempla
1358 826 1471 862 huius
1486 827 1660 862 termina-

222 886 335 922 tionis
357 886 558 923 desiderat.
614 886 741 922 Facile
771 886 898 921 credo.
957 884 1155 921 Sallustius
1184 884 1281 919 enim
1317 893 1391 918 non
1418 886 1492 918 tam
1513 883 1661 930 ineptus

223 943 311 984 fuit,
338 946 380 978 ut
398 941 545 990 Saqum
563 950 698 978 nomen
719 945 934 988 usurparet,
955 940 1026 977 sed
1045 940 1117 976 hoc
1133 940 1202 976 sibi
1223 939 1403 986 permisit,
1424 943 1465 974 ut
1482 950 1551 985 pro
1573 944 1659 975 eon-

223 1001 331 1034 sueta
351 997 575 1046 Saymtinus
603 998 722 1034 forma
750 997 889 1034 diceret
915 996 1131 1044 Sayunk'us,
1161 994 1496 1043 quemadmodum,
1520 999 1560 1030 ut
1587 995 1660 1032 hoc

222 1056 317 1098 utar,
336 1058 372 1089 et
386 1053 639 1091 Crustuminus
659 1053 850 1090 dicebatur
874 1057 910 1089 et
930 1053 1175 1096 Crustumius,
1196 1052 1399 1099 genitivum
1418 1052 1516 1097 plur.
1537 1055 1660 1087 autem

224 1110 362 1146 faceret
376 1109 590 1158 Sex-mentium
607 1121 676 1158 pro
693 1109 962 1158 sequentior-mn,
985 1108 1300 1156 quemadmodum
1318 1108 1470 1143 liberum
1481 1136 1490 1151 ‚
1509 1108 1659 1151 socium,

222 1164 390 1212 modam,
410 1166 595 1211 Rumam,
619 1166 829 1204 Celtffiemm
854 1166 1047 1202 dicebatur
1066 1176 1133 1212 pro
1155 1164 1369 1209 liberorum,
1387 1165 1570 1200 somonam
1589 1168 1661 1200 etc.

224 1222 271 1258 cf.
294 1220 404 1258 Gonr.
432 1223 547 1269 Leop.
569 1222 791 1259 Schneideri
821 1223 984 1259 Gramm.
1007 1223 1067 1257 lat.
1090 1221 1141 1268 11,
1164 1226 1197 1259 1.
1217 1232 1254 1267 p.
1282 1223 1342 1259 69.
1371 1231 1431 1266 sq.
1467 1220 1660 1256 Drakenb.

224 1277 273 1314 ad
291 1277 370 1315 Liv.
389 1277 508 1323 XXII,
530 1282 596 1324 22,
624 1284 656 1316 5.
678 1299 735 1305 —
752 1279 1012 1326 Fragmentum
1034 1277 1202 1314 eiusdem
1219 1278 1289 1312 loci
1312 1287 1398 1312 esse
1418 1279 1528 1323 atque
1552 1287 1661 1324 prae-

223 1333 364 1370 cedens
380 1334 536 1371 dubitari
558 1346 632 1370 non
649 1338 784 1381 potest.

335 1389 398 1426 Fr.
418 1393 479 1429 29.
513 1390 627 1435 [Cort.
656 1402 693 1437 p.
721 1394 804 1429 960.
835 1390 931 1425 Gerl.
953 1389 1015 1424 ed.
1043 1389 1131 1424 mai.
1154 1388 1204 1432 11,
1232 1390 1302 1432 41„
1328 1388 1378 1423 ed
1407 1389 1496 1424 min.
1523 1388 1575 1433 11,
1600 1392 1660 1426 52.

225 1455 263 1493 ρ.
290 1447 372 1491 203,
391 1449 444 1490 6.,
460 1447 571 1483 Debr.
591 1447 643 1491 ΙΙ,
672 1447 767 1491 139.]
825 1447 1086 1492 Fragmentum
1100 1472 1110 1489 ,
1136 1444 1237 1491 quod
1261 1445 1429 1481 servavit
1448 1445 1661 1481 Macrobius

225 1501 374 1539 Saturn.
392 1502 437 1548 ΙΙ,
455 1505 505 1547 9.,
524 1502 596 1538 hoc
620 1503 703 1538 loco
728 1501 985 1538 collocandum
1007 1501 1241 1548 putavimus,
1260 1502 1347 1547 quia
1367 1504 1660 1536 consentaneum

227 1557 376 1595 videtur
391 1558 578 1594 Metellum
598 1569 673 1594 non
693 1558 765 1594 nisi
790 1560 901 1594 rebus
926 1568 1108 1604 prospere
1128 1557 1247 1604 gestis
1260 1557 1527 1603 Hirtuleiisque
1547 1556 1660 1592 victis

226 1617 264 1648 et
281 1614 420 1650 occisis
440 1625 484 1650 ac
506 1613 670 1651 Sertorio
691 1614 740 1650 ad
759 1613 970 1650 cedendum
991 1617 1121 1650 coacto
1136 1617 1275 1649 tantum
1297 1613 1430 1648 tastum
1450 1613 1659 1659 sumpsisse

225 1670 468 1717 luxuriaeque
489 1680 603 1716 supra
625 1670 776 1706 modum
798 1682 838 1707 se
861 1669 1014 1706 dedisse
1026 1680 1037 1714 ;
1066 1670 1115 1705 cl'.
1133 1668 1318 1705 Plutarchi
1347 1670 1470 1704 locum
1494 1669 1589 1704 infra
1611 1668 1661 1704 ad

225 1728 262 1768 s.
283 1730 319 1764 5.
341 1726 557 1773 ascriptum.
576 1725 743 1762 Ceterum
765 1731 804 1762 ut
818 1731 976 1772 tempus,
997 1737 1070 1772 quo
1085 1735 1284 1772 regressus
1304 1729 1361 1761 est
1380 1725 1565 1768 Metellus,
1587 1735 1661 1760 non

225 1785 347 1828 potest
360 1786 532 1819 accurate
553 1782 714 1828 definiri,
740 1782 896 1826 diuzibus
917 1784 955 1818 in
975 1783 1037 1818 illo
1060 1782 1158 1817 bello
1182 1782 1402 1828 saepe·loea
1422 1782 1660 1825 mutantibus,

226 1837 277 1873 ita
301 1848 396 1884 quae
417 1849 507 1885 pars
529 1839 730 1885 Hispaniae
751 1838 959 1875 aSallustio
981 1837 1211 1885 significetur
1230 1838 1368 1884 pariter
1384 1837 1562 1872 incertum
1583 1841 1660 1880 est;

228 1902 313 1929 nam
355 1894 467 1930 valde
502 1895 688 1941 ambiguis
722 1894 858 1930 finibus
897 1894 1114 1930 distinxisse
1152 1894 1343 1929 Romanos
1383 1893 1662 1928 ulteriorem

229 1947 448 1995 Hispaniam
467 1961 490 1985 a
508 1951 675 1985 citeriore
691 1950 840 1984 abunde
859 1949 1129 1986 demonstravit
1142 1949 1304 1984 Ukertus
1325 1950 1362 1983 in
1377 1947 1515 1995 Geogr.
1529 1947 1662 1984 Graec.

229 2006 267 2039 et
283 2002 397 2046 Rom.
411 2005 498 2040 Vol.
518 2004 562 2039 Il.
587 2005 628 2039 P.
648 2005 676 2039 Ι.
698 2015 736 2050 p.
754 2006 940 2048 304—7.;
961 2006 999 2040 in
1014 2005 1230 2041 universum
1252 2009 1374 2040 tamen
1393 2015 1439 2039 ea
1460 2004 1661 2050 Hispaniae

229 2070 318 2106 pars
339 2059 584 2106 intelligenda
603 2059 769 2104 videtur,
790 2061 850 2096 cui
870 2061 1045 2096 Baeticae
1066 2071 1201 2096 nomen
1224 2061 1302 2096 suit.
1340 2079 1398 2085 —-
1431 2060 1556 2096 Gloria
1575 2059 1615 2095 h.
1636 2061 1663 2095 l.

231 2126 304 2150 non
324 2118 381 2150 est
400 2116 567 2163 ylariatio
586 2116 746 2165 Metelli,
771 2120 810 2151 ut
829 2115 1048 2153 Gerlachius
1068 2121 1216 2160 censet,
1241 2116 1311 2153 sed
1330 2116 1500 2163 officiosa
1513 2116 1664 2152 hmwris

227 2171 460 2218 εἰρηίβωιὲο,
483 2182 556 2218 qua
575 2171 728 2218 Hispani
751 2173 938 2208 Metellum
958 2172 1175 2208 redeuntem
1197 2172 1453 2219 excipiebant;
1479 2183 1575 2218 quae
1598 2183 1664 2207 vo-

230 2227 286 2262 cis
304 2230 471 2272 potestas
495 2236 717 2274 quamquam
738 2228 905 2265 insolens
927 2233 1002 2272 est,
1036 2232 1160 2264 tamen
1185 2240 1207 2264 a
1234 2229 1391 2276 genitivi
1412 2229 1556 2264 ratione
1579 2230 1665 2264 sub-

231 2282 368 2318 iectiva
402 2283 680 2319 excusationem
719 2283 847 2329 habet;
878 2294 964 2320 nam
986 2289 1023 2319 ut
1040 2295 1146 2321 amor
1164 2286 1293 2321 civium
1311 2296 1384 2320 non
1406 2285 1527 2320 solum
1549 2285 1664 2330 signi-

231 2339 318 2374 ficat
338 2349 522 2383 amorem,
550 2349 623 2385 quo
643 2339 748 2375 cives
769 2340 956 2385 fruuntur,
987 2340 1056 2376 sed
1077 2341 1188 2376 etiam
1209 2351 1282 2387 quo
1304 2341 1462 2387 diligunt
1490 2341 1665 2387 aliquem,

232 2396 281 2430 ita
298 2394 417 2441 gloria
439 2396 732 2431 conat-rentium
755 2406 829 2431 non
850 2400 989 2432 tantum
1010 2401 1067 2432 est
1086 2397 1228 2443 gloria,
1259 2407 1331 2443 qua
1362 2398 1408 2432 ab
1432 2397 1516 2432 aliis
1545 2398 1664 2432 ornati

232 2454 496 2486 concurrentes
517 2450 702 2498 gaudent,
728 2451 798 2487 sed
819 2453 931 2488 etiam
948 2463 1023 2498 qua
1051 2452 1144 2488 alios
1165 2452 1330 2488 afficiunt
1350 2453 1435 2499 ipsi.
1493 2452 1665 2488 Ceterum

231 2518 279 2542 ex
298 2506 370 2543 hac
389 2506 471 2552 ipsa
488 2516 625 2542 caussa
642 2507 865 2553 perspicitur
876 2508 1012 2544 vitiose
1022 2508 1123 2554 apud
1135 2509 1364 2545 Macrobium
1380 2508 1558 2555 scriptum
1578 2519 1665 2544 esse

231 2561 594 2602 concurrentibus;
614 2572 744 2598 veram
766 2565 985 2610 scripturam
1005 2568 1126 2599 tuetur
1146 2564 1256 2599 Nouii
1275 2564 1497 2607 auctoritas,
1524 2564 1588 2610 qui
1606 2563 1666 2608 111,

233 2621 315 2657 193.
341 2629 378 2664 p.
397 2621 487 2661 222,
516 2619 720 2655 2l.‘verba
746 2618 795 2654 At
810 2619 977 2656 Metellus
996 2636 1053 2653 .——
1081 2619 1263 2655 m‘oebamr
1282 2620 1414 2656 attulit.
1460 2639 1508 2645 —
1554 2619 1668 2655 secus

231 2667 304 2709 idm
325 2673 453 2709 Carrio
478 2673 643 2708 exhibuit
661 2683 729 2719 pro
747 2683 879 2720 sexus,
907 2675 1008 2722 quod
1031 2686 1227 2722 perperam
1259 2680 1295 2710 et
1316 2674 1416 2722 apud
1436 2675 1666 2711 Macrobium

234 2733 271 2765 et
285 2730 328 2764 'in
350 2731 490 2776 aliquot
520 2729 627 2765 Nonii
656 2729 767 2765 codd.
791 2731 949 2776 legitur3
978 2742 1063 2767 nam
1085 2729 1302 2767 Sallustium
1332 2731 1532 2776 scripsisse
1561 2740 1667 2766 secus
