1774 3002
139 145 223 187 238
649 154 690 192 C.
721 156 952 194 SALLUSTI
982 156 1133 195 CRISPI

278 282 346 325 58.
403 277 571 326 Vestes
602 281 657 326 de
686 280 876 340 pellibus
904 296 1093 327 renones
1123 283 1352 328 vocantur.

143 392 300 428 tineant.
340 394 550 431 Universus
576 400 700 432 autem
731 397 881 444 Virgilii
911 398 1016 434 locus
1045 409 1068 433 a
1097 410 1133 434 v.
1157 400 1386 436 349—383.
1416 397 1467 433 ita
1493 408 1592 434 com-

140 453 294 495 paratus
317 456 396 494 est,
427 457 466 488 ut
487 452 553 489 vix
573 453 700 499 possis
728 454 942 490 coniectura
971 455 1157 490 abstinere
1171 482 1180 499 ,
1210 454 1359 500 poetica
1377 454 1520 490 ratione
1541 454 1590 490 ibi

142 504 333 552 descripta
355 518 460 553 esse,
493 519 590 555 quae
612 508 812 546 Sallustius
839 510 1032 556 scriptoris
1054 521 1158 547 more
1181 511 1453 556 illustraverat,
1482 510 1532 546 ita
1553 514 1591 546 ut

141 561 203 597 ille
225 562 377 609 singula
399 575 446 599 ex
465 564 537 601 hoc
559 565 735 602 hausisse
757 566 942 603 videatur.
981 567 1076 602 Nam
1101 571 1214 613 poeta
1235 566 1281 602 de
1303 566 1409 604 vario
1429 577 1590 613 pascuo-

140 629 222 654 rum
255 630 394 666 genere
424 632 562 668 agens,
602 633 713 668 quum
742 623 904 669 primum
930 622 1144 659 felicitatem
1174 634 1353 670 gregum,
1391 634 1489 670 quae
1520 624 1589 660 sub

141 675 338 711 mitissimo
361 678 466 713 coelo
486 677 690 722 habentur,
722 679 954 724 laudaverit,
982 678 1120 715 deinde
1152 690 1263 726 quam
1287 679 1426 715 misera
1454 680 1502 716 sit
1524 690 1589 726 pe—

142 732 368 779 coribusque
391 734 544 770 inimica
563 736 668 782 regio
680 737 748 772 sub
770 736 1085 782 septentrionibus
1100 736 1182 782 sita,
1203 735 1383 783 graphice
1405 735 1588 783 depingit.

140 788 181 823 In
213 799 260 824 ea
297 789 549 837 descriptione
579 792 692 838 igitur
722 796 856 827 terram
892 803 914 827 a
943 792 1136 828 Germanis
1166 792 1367 828 habitatam
1408 792 1588 839 imprimis

142 850 338 892 spectasse
360 858 446 883 eum
467 859 542 883 non
564 849 683 884 solum
705 849 891 895 colligitur
913 859 959 884 ex
981 860 1039 893 eo,
1065 848 1166 895 quod
1186 849 1295 886 nives
1316 853 1425 895 atque
1449 849 1590 896 frigora

141 912 270 938 earum
292 904 508 950 regionum,
538 916 633 951 quae
659 905 822 941 Histrum
845 905 1047 953 attingunt,
1078 906 1194 942 multa
1213 916 1296 941 cum
1328 909 1406 941 arte
1427 916 1590 941 comme-

142 963 273 1004 morat,
305 960 373 996 sed
394 961 505 997 etiam
528 961 574 996 de
593 962 786 997 hominum
809 962 974 1009 ingenio,
1005 962 1192 1007 moribus,
1224 962 1324 998 victu
1344 962 1527 1009 cultuque
1542 973 1588 998 ea

141 1013 270 1059 affert,
301 1027 397 1063 quae
420 1029 551 1054 rursus
573 1029 656 1054 cum
673 1018 788 1054 Taciti
806 1018 852 1053 de
870 1018 1065 1054 Germanis
1086 1019 1298 1054 testimonio
1320 1017 1476 1054 mirifice
1499 1029 1588 1054 con-

142 1073 316 1107 sentiunt.
358 1074 410 1109 lta
431 1075 529 1110 enim
550 1075 731 1122 Virgilius
753 1075 776 1109 l.
800 1075 824 1109 l.
849 1087 884 1111 v.
905 1077 975 1113 376
999 1086 1079 1121 sqq.

368 1131 476 1178 „ipsi
498 1131 535 1167 in
561 1131 718 1178 defossis
736 1131 917 1177 specubus
938 1142 1070 1167 secura
1094 1132 1162 1167 sub
1187 1132 1260 1168 alta

361 1187 443 1224 Otia
466 1192 581 1235 agunt
602 1192 718 1231 terra,
748 1191 1000 1234 congestaque
1028 1189 1163 1223 robora
1183 1192 1353 1233 totasque

364 1244 583 1282 Advolvere
606 1245 699 1280 focis
723 1245 865 1287 ulmos,
897 1244 1048 1290 ignique
1071 1243 1224 1279 dedere.

365 1301 430 1337 Hic
453 1305 590 1337 noctem
613 1301 697 1336 ludo
721 1300 876 1345 ducunt,
907 1304 942 1335 et
953 1301 1091 1346 pocula
1112 1300 1198 1336 laeti

363 1357 556 1394 Fermento
577 1362 684 1404 atque
706 1357 822 1392 acidis
846 1357 1033 1392 imitantur
1053 1357 1143 1391 vitea
1163 1355 1292 1392 sorbis.

364 1413 467 1450 Talis
488 1415 731 1461 Hyperboreo
755 1417 897 1459 septem
919 1413 1086 1449 subiecta
1108 1412 1217 1448 trioni

365 1471 466 1507 Gens
487 1470 630 1506 effrena
651 1471 773 1507 virum
795 1469 963 1515 Rhipaeo
985 1468 1148 1504 tunditur
1168 1479 1272 1514 euro,

362 1527 407 1563 Et
422 1528 606 1575 pecudum
623 1526 736 1573 fulvis
755 1527 895 1562 velatur
916 1536 1076 1572 corpora
1097 1526 1219 1561 selis.“
1415 1553 1417 1555 .

142 1584 286 1630 Quodsi
325 1594 408 1619 eum
446 1585 506 1620 his
543 1583 763 1626 contuleris,
805 1593 899 1628 quae
937 1583 1108 1628 leguntur
1137 1581 1238 1627 apud
1266 1581 1435 1617 Tacitum
1463 1580 1587 1617 Germ.

145 1645 201 1687 16,
220 1644 256 1679 3.
288 1640 412 1676 Solent
431 1645 465 1676 et
490 1640 837 1676 subterraneos
856 1648 1025 1684 specus
1050 1639 1222 1684 aperire,
1251 1647 1382 1684 eosque
1401 1638 1508 1673 multo
1531 1638 1586 1672 in-

142 1708 257 1745 super
283 1698 370 1743 fimo
400 1700 574 1740 onerant,
613 1691 881 1742 suffuyium
910 1694 1070 1734 hiemi;
1105 1713 1163 1720 —
1202 1694 1250 1730 ib.
1279 1696 1338 1737 24,
1363 1695 1398 1731 3.
1426 1693 1586 1728 Aleum

140 1755 254 1790 sobrii
277 1755 372 1789 inter
402 1755 501 1789 seria
530 1755 778 1795 exercent,
809 1754 909 1785 lanta
935 1750 1108 1786 lucrandi
1126 1750 1353 1796 perdendive
1378 1750 1586 1793 temeritate,

140 1815 181 1847 ut
198 1815 364 1847 extremo
382 1811 480 1846 iaetu
500 1809 544 1845 de
571 1809 733 1844 libertate
753 1807 993 1846 comendanc;
1021 1823 1077 1832 —-·
1110 1805 1200 1841 ibid.
1223 1808 1283 1850 23,
1305 1809 1337 1843 1.
1368 1804 1479 1841 Potui
1503 1804 1560 1840 hu
1574 1824 1586 1829 -

141 1878 236 1903 mor
265 1874 322 1903 ex·
341 1866 516 1902 hordeo
536 1869 616 1901 aut
641 1865 884 1912 frumento
904 1864 949 1899 in
969 1862 1201 1909 quandam
1223 1861 1585 1897 similitudinem

139 1925 235 1961 vini
260 1926 480 1970 corruptus.-
507 1942 565 1948 --
595 1921 686 1958 ibid.
717 1923 774 1965 17,
799 1923 835 1957 2.
869 1919 1009 1956 Gerunt
1035 1922 1069 1954 et
1088 1917 1305 1965 serarum
1328 1917 1504 1964 pelles;
1524 1918 1582 1942 '--

142 1981 202 2016 his
230 1980 342 2027 igitur
370 1980 515 2015 collatis
536 1978 744 2022 concedes,
776 1980 915 2012 tantum
937 1986 1021 2012 esse
1043 1974 1160 2010 Taciti
1181 1985 1265 2010 cum
1284 1973 1445 2020 Virgilio
1468 1973 1527 2011 vel
1547 1974 1584 2009 in

143 2037 302 2084 singulis
332 2047 581 2079 consensum,
619 2035 683 2071 vix
713 2037 750 2069 ut
781 2033 877 2069 duos
909 2033 1110 2078 scriptores
1148 2031 1269 2077 magis
1296 2030 1390 2065 inter
1429 2041 1470 2066 se
1500 2040 1586 2065 con-

143 2098 320 2141 gruentes
349 2093 530 2140 reperias.
587 2091 665 2128 Sed
685 2090 784 2126 unde
810 2089 904 2125 haec
926 2090 1021 2125 mira
1048 2084 1303 2133 conspiratio?
1342 2086 1402 2123 An
1422 2085 1585 2130 Tacitus,

143 2150 453 2197 religiosissimus
473 2149 584 2185 homo
607 2152 643 2183 et
664 2157 831 2184 summae
851 2145 959 2189 fidei,
989 2156 1034 2180 ex
1047 2147 1158 2190 poeta
1179 2147 1366 2179 mutuatus
1387 2146 1464 2188 est,
1490 2152 1585 2188 quae

144 2205 192 2242 de
216 2206 412 2242 Germanis
436 2203 612 2241 tradidit?
642 2204 806 2240 Minime.
848 2201 925 2238 Sed
948 2201 1128 2247 Virgilius
1147 2200 1286 2246 pariter
1309 2203 1419 2245 atque
1436 2197 1584 2236 Tacitus

144 2273 191 2298 ex
212 2261 379 2299 Sallustii
412 2262 585 2297 Historiis
614 2260 837 2303 hauserunt,
872 2268 966 2304 quae
993 2257 1039 2292 de
1069 2257 1166 2292 illius
1188 2256 1310 2302 gentis
1331 2255 1496 2291 moribus
1519 2253 1586 2290 ha-

143 2320 253 2363 bent,
283 2318 322 2354 id
343 2317 444 2365 quod
463 2317 686 2364 perspicitur
713 2326 761 2350 ex
783 2314 915 2352 Servio
938 2313 986 2349 ad
1007 2314 1031 2348 1.
1053 2314 1075 2347 l.
1090 2342 1098 2355 ‚
1128 2312 1189 2358 qui
1215 2311 1337 2347 verbis
1356 2310 1504 2356 Virgilii
1536 2309 1586 2345 Et

138 2375 323 2422 pecudum
351 2374 463 2422 fulvis
499 2374 639 2409 velatur
668 2382 828 2417 corpora
859 2371 945 2405 setis
976 2369 1066 2405 nihil
1103 2367 1203 2404 aliud
1240 2366 1445 2414 significari
1481 2364 1584 2409 vidit,

145 2442 256 2479 quam
281 2441 455 2475 renones,
499 2441 571 2476 quo
601 2428 781 2463 vocabulo
812 2425 1009 2462 Sallustius
1042 2425 1088 2460 de
1123 2424 1316 2460 Germanis
1345 2434 1463 2470 agens
1492 2433 1582 2458 usus

145 2492 237 2523 erat.
273 2506 326 2512 —
367 2487 408 2522 In
439 2486 532 2534 ipsis
562 2483 774 2531 Fragmenti
806 2482 932 2519 verbis
966 2486 1080 2518 vestes
1113 2481 1158 2516 de
1186 2480 1341 2526 pellibus
1373 2477 1585 2525 significant

145 2549 275 2582 vestes
291 2544 449 2590 pellibus
474 2542 618 2591 factae,
648 2540 709 2587 qui
731 2550 822 2574 usus
845 2539 890 2574 de
907 2537 1216 2584 praepositionis,
1247 2540 1284 2571 ut
1307 2534 1498 2570 materiam
1521 2532 1586 2568 de-

147 2601 290 2647 signet,
319 2601 446 2646 paullo
467 2599 585 2635 rarior
605 2601 682 2641 est,
713 2606 824 2642 quum
845 2594 916 2630 hoc
943 2605 1057 2630 sensu
1078 2594 1192 2640 vulgo
1212 2602 1262 2628 ex
1279 2594 1460 2638 ponatur,
1484 2588 1586 2626 velut

146 2656 206 2692 Fr.
230 2656 289 2699 111,
309 2658 365 2694 26.
390 2656 464 2692 Ex
482 2657 637 2692 latere
654 2652 888 2688 munimenta.
930 2650 1005 2687 Cic.
1029 2650 1065 2685 in
1086 2650 1195 2685 Verr.
1214 2648 1277 2691 IV,
1293 2649 1350 2692 27,
1369 2647 1425 2684 62.
1447 2643 1586 2681 Pocula

147 2721 207 2748 ex
227 2723 437 2752 auro,·——-
468 2711 557 2748 ibid.
588 2710 662 2746 Vas
687 2707 869 2745 vinarium
896 2717 954 2742 ex
980 2717 1070 2743 una
1099 2713 1271 2752 gemma
1291 2699 1588 2749 per-gyruum,-

150 2769 200 2805 ib.
211 2769 270 2811 28,
281 2769 338 2805 64.
365 2767 634 2805 Candelabrum
655 2774 676 2802 e
690 2763 877 2812 qemmis
895 2761 1200 2798 clarissimis.
1227 2758 1276 2794 cf.
1291 2757 1340 2793 ad
1355 2756 1435 2803 lug.
1454 2767 1485 2792 c.
1497 2755 1588 2802 LXI,
