1774 3002
187 175 267 219 172
675 183 714 221 C.
747 183 979 222 SALLUSTI
1008 183 1158 224 ORISPI

173 309 399 365 puqnante
444 306 690 363 nobilitate,
739 323 903 369 magno
958 309 1111 369 populi
1155 310 1323 367 studi0,
1374 314 1422 358 ut
1464 312 1517 359 iis
1561 318 1641 376 qui

180 388 340 435 tribum
365 390 511 450 plebis
547 391 759 448 fuissent,
792 392 904 438 alios
945 408 1122 454 quoque
1152 394 1438 455 magistratus
1473 413 1635 458 capere

179 473 350 529 liceret,
381 474 500 534 quod
536 474 608 520 lex
642 490 668 520 a
697 475 907 522 dictatore
931 476 1056 523 Sulla
1082 478 1233 537 paucis
1269 482 1368 525 ante
1393 483 1518 528 annis·
1546 483 1635 530 lata

175 556 490 617 prohibebat.

315 644 383 687 52.
438 641 597 687 Ventis
627 656 707 702 per
742 655 853 687 cava
892 644 1036 688 terrae
1056 656 1058 658 ·
1071 644 1366 705 praecipitatis
1396 645 1629 707 ruptiali—

180 727 287 785 quot
317 728 514 782 montes,
549 724 793 786 tumulique
829 725 997 788 sedere.-

176 874 310 900 suasor
341 864 386 909 Q.
415 863 584 912 Opimius
615 862 742 910 paullo
770 866 857 910 post
887 863 1026 900 iudicio
1056 864 1333 902 circumventus
1361 870 1438 912 est;
1479 868 1527 904 cf.
1549 867 1627 906 Cic.

175 921 212 957 in
240 921 350 956 Verr.
383 921 417 967 Ι,
450 924 513 964 60,
547 923 626 958 155.
658 918 776 955 Petita
809 921 922 956 multa
953 925 1008 958 est
1037 923 1140 969 apud
1179 922 1332 959 Verrem
1360 928 1577 970 praetorem
1603 938 1627 962 a

174 977 218 1022 Q.
240 976 399 1027 Opimio,
429 979 492 1026 qui
510 977 692 1013 adductus
713 980 767 1012 est
792 978 831 1013 in
852 978 1043 1027 iudicium,
1072 999 1128 1004 ——
1158 980 1280 1026 quod
1307 981 1353 1015 in
1381 982 1628 1020 tribunatu

174 1035 380 1071 dixisset
398 1038 568 1072 contra
590 1034 797 1069 alicuius
815 1033 1016 1071 hominis
1036 1035 1216 1072 nobilis
1235 1036 1540 1075 voluntatem.
1569 1040 1627 1077 De

171 1101 243 1138 quo
267 1091 398 1128 iudicio
419 1093 454 1128 si
470 1092 573 1128 velim
595 1090 718 1126 dicere
738 1092 859 1126 omnia
873 1120 881 1135 ,
910 1093 1012 1128 multi
1034 1092 1253 1141 appellandi
1268 1093 1509 1142 laedendique
1521 1101 1626 1137 sunu

171 1167 226 1173 —
248 1152 387 1185 tantum
407 1149 548 1194 dicam,
576 1156 722 1195 paucos
743 1147 923 1194 homines,
952 1151 992 1184 ut
1010 1149 1186 1185 levissime
1205 1150 1408 1197 appellem,
1440 1162 1625 1200 arrqun-

171 1209 224 1242 tes
253 1204 371 1242 Verre
390 1206 558 1242 adiutore
580 1203 622 1249 Q.
648 1203 826 1251 Opimium
846 1215 923 1252 per
941 1205 1065 1241 ludum
1085 1210 1120 1242 et
1143 1207 1259 1242 iocum
1279 1205 1441 1253 fortunis
1461 1209 1627 1246 omnibus

169 1263 352 1299 evertisse.
393 1263 506 1299 Pauci
529 1262 580 1298 illi
603 1261 776 1297 homines
799 1266 1019 1310 arrogantes
1042 1262 1277 1309 intelligendi
1299 1267 1384 1299 sunt
1399 1264 1443 1309 Q.
1462 1264 1624 1310 Catulus,

171 1319 213 1364 Q.
237 1319 480 1364 Hortensius,
503 1318 542 1355 C.
566 1317 697 1362 Curi03
722 1318 770 1354 cs.
792 1319 935 1355 Ascon.
958 1319 1066 1355 adh.
1089 1321 1112 1355 l.
1136 1323 1172 1354 et
1191 1319 1394 1356 Drumanni
1414 1321 1507 1358 Hist
1530 1334 1623 1360 rom.

169 1375 254 1412 Vol.
276 1375 333 1413 llI.
354 1388 394 1424 p.
415 1378 474 1419 87.
507 1395 555 1400 -
587 1375 642 1411 De
663 1373 790 1411 Sullae
822 1376 907 1422 lege
935 1375 1131 1413 tribunicia
1157 1387 1194 1411 v.
1218 1376 1398 1413 Wittichii
1419 1378 1555 1437 librum
1576 1379 1623 1415 de

168 1432 260 1484 reip.
283 1444 378 1469 rom.
401 1426 520 1469 forma
541 1443 563 1468 a
586 1431 690 1469 Sulla
711 1435 937 1468 commutata
956 1444 994 1479 Ρ.
1016 1436 1123 1471 58-
1133 1435 1193 1471 81

252 1489 343 1526 Fr
366 1494 425 1529 52.
472 1488 779 1536 [Cort.p.1003.
810 1489 908 1525 Gerl.
932 1489 993 1525 ed.
1018 1490 1106 1526 mai.
1127 1489 1203 1525 Inc.
1223 1492 1283 1529 26.
1305 1489 1367 1526 ed.
1387 1491 1475 1526 min.
1497 1491 1543 1536 II,
1558 1492 1622 1531 77.

165 1558 206 1594 p
229 1549 311 1591 205,
337 1551 394 1585 11.
420 1547 531 1583 Debr.
552 1546 597 1593 11,
620 1547 677 1584 67.
704 1545 764 1590 III,
785 1546 860 1590 68.]
900 1546 1033 1582 Isidor.
1055 1546 1154 1590 XIV,
1178 1551 1211 1591 1·,
1231 1550 1266 1584 2
1306 1545 1436 1595 (Corp.
1460 1548 1621 1586 Gramm.

166 1604 229 1639 lat.
251 1603 336 1639 Vol.
359 1604 419 1639 III.
441 1615 479 1650 p.
499 1603 602 1647 433.)
651 1601 774 1638 Ventis
794 1622 851 1628 ——
865 1604 1121 1650 praeci'pitozti'.‹›=
1143 1603 1364 1650 scripsimus
1389 1605 1506 1642 secuti
1523 1605 1623 1642 Otto-

166 1670 251 1695 nem
267 1661 298 1695 l.
320 1661 366 1704 l.;
398 1660 481 1696 libri
505 1659 603 1695 enim
625 1662 797 1706 corrupte
823 1659 881 1694 vel
909 1661 1005 1695 venti
1030 1679 1086 1684 -—
1106 1661 1348 1707 praecipitati
1372 1662 1434 1697 vel
1453 1663 1550 1698 venti
1569 1681 1617 1688 —

157 1718 382 1764 praerupti,
421 1717 482 1752 vel
504 1716 603 1761 venti·
625 1734 674 1742 —
697 1715 804 1751 citati.
853 1714 910 1752 Ex
931 1716 1065 1755 eodem
1088 1715 1335 1752 Historiarum
1357 1717 1441 1753 loco
1464 1717 1620 1755 Servius

165 1773 215 1810 ad
240 1773 350 1820 Virg.
372 1773 509 1821 Georg.
533 1772 578 1816 11,
599 1774 682 1811 479.
716 1770 827 1808 affert
853 1774 948 1808 venti
968 1782 1044 1820 per
1069 1782 1161 1808 cava
1190 1776 1314 1809 terrae
1342 1775 1443 1810 citati
1469 1775 1620 1812 relicuis

165 1830 347 1874 omissis„
377 1830 481 1875 Quae
512 1840 624 1877 quum
653 1827 757 1864 haud
787 1828 897 1865 dubie
926 1829 1138 1865 memoriter
1166 1829 1318 1866 laudata
1347 1829 1442 1875 sint,
1481 1832 1620 1868 nullam

162 1888 241 1924 vim
268 1881 408 1923 habent
434 1887 484 1924 ad
510 1885 647 1923 Isidori
679 1885 797 1922 verba
827 1886 1109 1934 constituenda,
1141 1886 1212 1923 nisi
1242 1885 1344 1933 quod
1368 1885 1491 1924 Servii
1520 1888 1620 1925 testi-

162 1943 289 1980 monio
323 1946 503 1991 probatur
530 1942 747 1980 Sallustium
774 1953 850 1978 non
873 1953 1095 1989 concava,¹
1114 1942 1430 1992 quemadmodum
1459 1943 1541 1981 Otto
1572 1955 1620 1982 ex

162 2011 237 2036 uno
281 2001 366 2037 cod.
406 2000 529 2046 dedit,
567 1999 636 2035 sed
668 2009 761 2035 cava
799 1999 1011 2046 scripsisse.
1058 1999 1330 2046 Praecipuum,
1369 1996 1470 2047 quod
1502 2002 1619 2049 vulgo

164 2056 351 2104 significat
372 2058 549 2094 deorsum
570 2056 668 2101 ferri,
700 2055 761 2092 hie
784 2057 887 2093 valet
905 2067 987 2093 cum
1010 2058 1045 2093 vi
1054 2066 1319 2104 prorumpere.
1341 2076 1397 2082 -—
1416 2057 1619 2105 Fragmen-

162 2118 237 2150 tum
266 2115 510 2160 probabiliter
540 2114 718 2161 pertinuit
747 2112 797 2149 ad
826 2115 1080 2150 narrationem
1114 2113 1160 2150 de
1188 2114 1328 2161 ingenti
1352 2117 1475 2150 terrae
1501 2118 1616 2159 motu,

162 2181 234 2217 quo
258 2170 375 2206 Reate
403 2183 438 2207 a.
461 2173 519 2209 76.
541 2182 575 2206 a.
599 2169 684 2206 Chr.
707 2181 743 2205 n.
776 2168 955 2206 afflictum
977 2174 1055 2215 est,
1087 2171 1194 2206 cuius
1214 2171 1268 2206 rei
1290 2171 1506 2207 memoriam
1528 2182 1617 2207 con-

161 2227 330 2263 servavit
351 2228 419 2263 Iul.
443 2227 664 2279 obsequens
690 2226 736 2262 de
754 2226 934 2274 Prodigg.
955 2239 987 2263 e.
1007 2231 1087 2266 120.
1109 2226 1226 2264 Reate
1245 2230 1369 2264 terrae
1390 2230 1488 2264 motu
1507 2227 1618 2273 aedes

159 2293 296 2320 sacrae
325 2284 363 2319 in
393 2283 528 2330 oppido
557 2284 731 2331 agrisque
759 2286 974 2330 commotae,
1003 2294 1103 2320 saxa
1116 2312 1126 2330 ,
1157 2283 1285 2332 quibus
1307 2283 1435 2331 forum
1460 2287 1616 2321 stratum

160 2343 260 2386 erat,
291 2340 481 2387 discussa,
504 2343 640 2386 pontes
667 2341 884 2387 interrupti,
903 2341 1023 2389 ,ripae
1051 2340 1203 2377 labentis
1225 2341 1389 2388 fluminis
1413 2343 1454 2378 in
1482 2352 1616 2389 aquam

156 2397 393 2444 provolutae,
422 2396 594 2445 fremitus
613 2396 756 2444 inferni
773 2397 949 2441 eoeauditi,
978 2402 1011 2434 et
1027 2401 1116 2445 post
1124 2407 1270 2445 paucos
1293 2397 1382 2444 dies,
1411 2407 1614 2446 quaeren-

159 2463 270 2490 cussa
291 2458 412 2502 erant,
437 2457 671 2491 corruerunt.
713 2451 859 2489 Saxum
876 2455 992 2490 vivum
1013 2465 1124 2502 quum
1135 2455 1428 2502 provolveretur,
1447 2455 1486 2491 in
1491 2463 1607 2502 prae-

157 2511 260 2558 cipiti
278 2520 374 2558 rupe
392 2510 568 2547 immobile
585 2511 689 2547 stetit.
726 2510 855 2555 Liber,
878 2510 977 2547 unde
1000 2511 1238 2558 desumptum
1260 2515 1317 2548 est
1335 2511 1613 2559 Fragmentum,

159 2578 271 2614 quum
302 2578 424 2614 neque
459 2568 504 2604 ab
526 2566 671 2604 Isidoro
706 2577 828 2613 neque
857 2578 879 2603 a
914 2566 1047 2605 Servio
1080 2568 1267 2605 indicatus
1296 2568 1424 2611 fuerit,
1453 2567 1612 2604 seeundo

158 2623 434 2660 attribuendum
464 2624 695 2671 putavimus,
726 2623 787 2670 qui
807 2634 869 2659 res
892 2624 991 2661 illius
1016 2625 1103 2660 anni
1134 2625 1410 2672 complectitur,
1439 2623 1501 2659 ubi
1525 2635 1613 2660 con-

159 2684 382 2717 sentaneum
403 2684 462 2718 est
482 2678 672 2718 auctorem
687 2679 784 2716 illud
805 2680 940 2717 sactum
955 2710 965 2726 ‚
989 2692 1103 2728 quum
1125 2681 1171 2718 de
1194 2682 1304 2718 rebus
1326 2679 1478 2723 urbanis
1502 2683 1611 2727 atque

157 2736 297 2774 Italicis
326 2740 476 2785 ageret,
515 2737 702 2774 retulisse.
749 2736 878 2783 Neque
907 2741 1032 2774 tamen
1062 2738 1244 2775 itacerta
1271 2747 1330 2773 res
1364 2739 1441 2780 est,
1472 2739 1511 2772 ut
1537 2747 1611 2773 non

159 2794 270 2833 etiam
291 2793 339 2830 de
359 2797 489 2844 quarto
510 2794 603 2833 libro
625 2797 661 2831 et
682 2793 729 2832 de
751 2795 840 2831 urb(²
861 2793 981 2831 Roma
1001 2796 1058 2840 (v.
1079 2795 1139 2831 Fr.
1159 2794 1224 2838 IV,
1245 2794 1323 2838 51.)
1345 2792 1502 2841 cogitari
1522 2805 1611 2841 pos-
