1774 3002
190 152 246 193 36
677 154 718 191 C.
749 154 981 192 SALLUSTI
1011 153 1166 193 CRISPI

330 284 402 326 42.
442 277 769 343 Simulanssibi
797 279 948 325 alvum
972 278 1167 340 purgari.

333 367 402 409 43.
442 362 644 409 Curubis.

195 497 345 551 ἐξέβη.
396 499 615 538 Gerlachius
645 499 681 535 in
712 499 772 536 ed.
799 502 886 536 min.
912 501 1178 548 Fragmentum
1207 500 1256 536 ad
1276 501 1409 537 librum
1438 499 1484 536 ΙΙ.
1514 499 1653 547 retulit,

193 562 386 606 permotus
406 557 509 594 haud
535 557 646 592 dubie
668 557 751 619 lo‘co
775 558 941 605 Appiani
967 557 1014 593 de
1038 557 1082 592 B.
1107 556 1186 595 Civ.
1209 557 1244 602 Ι,
1275 559 1355 602 107,
1378 561 1471 592 extr.
1499 568 1538 604 p.
1570 559 1651 594 154

195 614 413 677 Schweigh.
445 605 688 675 “Ηττώμενος
703 603 725 648 ὃ
740 609 953 658 Λέπιδος’
934 625 973 658 ες
987 605 1134 677 Σαρδώ
1152 609 1388 677 διέπλευσεν,
1423 609 1525 650 ἔνθα
1549 605 1654 675 νόσῳ

194 663 377 733 τηκεδόνι
392 663 587 721 χρώμενος
610 660 799 707 ἀπέθανε.
844 662 954 707 Kat‘
939 682 959 706 ο
973 661 1138 735 στρατὸς
1157 662 1280 707 αὐτοῦ
1298 690 1348 696 -—
1366 662 1554 718 διελύθη·
1607 651 1650 705 τό

195 723 238 764 δὲ
253 719 462 778 κράτιστον
482 721 715 776 Περπέννας
731 722 769 771 ἐς
779 718 984 777 Ἰβηρίαν’
966 720 1089 776 η’γαγε
1102 723 1323 780 Σερτωρίῳ,
1382 726 1460 764 Sed
1475 726 1651 774 quoniam

197 784 356 822 Servius
376 785 494 820 verba
517 784 568 818 ita
600 781 730 831 affert,
764 788 803 819 ut
836 795 883 819 ex
904 785 1025 831 primo
1060 784 1152 819 libro
1174 783 1373 830 desumpta
1406 794 1493 820 esse
1527 782 1651 819 videri

197 841 376 885 debeant,
410 839 600 876 Plutarchi
637 840 892 876 auctoritatem
930 841 1036 887 sequi
1071 843 1249 886 praestat.
1291 839 1463 876 Ceterum
1499 838 1654 877 Schlos-

196 908 304 934 serus
329 899 367 933 in
386 897 523 933 Histor.
549 897 663 943 antiq.
684 897 769 932 Vol.
790 897 836 933 ΙΙ.
856 897 898 933 P.
921 898 967 933 ΙΙ.
987 908 1027 943 Ρ.
1046 899 1130 935 395.
1157 900 1264 932 acute
1292 896 1462 939 coniicit,
1498 897 1654 943 Perper-

196 965 283 991 nam
306 955 380 990 iam
402 958 496 1000 tum,
527 964 641 999 quum
662 954 841 1000 Pompeio
862 965 910 989 ex
933 948 1061 990 Sieilio
1092 953 1263 998 eederet,
1300 953 1349 990 ad
1372 952 1577 990 Sertorium
1614 953 1652 988 ln

195 1012 415 1058 Hispaniam
437 1021 478 1046 se
500 1010 725 1054 contulisse,
749 1010 911 1057 indeque
936 1015 1019 1057 post
1039 1011 1180 1056 aliquot
1200 1021 1319 1046 annos
1341 1021 1537 1048 reversum
1568 1020 1654 1046 cum

196 1067 359 1115 Lepido
373 1069 411 1103 in
438 1066 613 1104 Sardinia
648 1078 689 1102 se
718 1068 986 1116 coniunxisse,
1033 1077 1153 1114 eoque
1174 1071 1334 1103 mortuo
1361 1066 1411 1103 ad
1446 1065 1653 1105 Sertorium

197 1125 372 1162 rediisse.

309 1181 370 1218 Fr.
391 1185 450 1219 42.
505 1180 620 1226 [Cort.
643 1192 680 1227 p.
703 1178 790 1219 998-
833 1181 932 1217 Gerl.
959 1179 1020 1216 ed.
1046 1180 1134 1218 mai.
1158 1180 1234 1216 Ine.
1265 1182 1300 1219 7.
1330 1180 1392 1217 ed.
1415 1181 1505 1216 min
1529 1179 1654 1225 1‚28.

195 1250 234 1286 Ρ.
256 1241 345 1284 184,
364 1240 424 1276 22.
455 1238 565 1274 Debr.
591 1239 626 1283 I,
647 1241 705 1275 22.
727 1238 741 1272 Ι
753 1238 856 1283 ‚.41]
916 1238 1042 1273 Verba
1065 1235 1263 1273 laudantur
1289 1247 1312 1272 a
1332 1237 1442 1275 Serv.
1474 1235 1524 1273 ad
1541 1235 1650 1283 Virg.

197 1298 294 1333 Aen.
316 1295 366 1338 II,
390 1297 462 1340 19.‚
483 1294 628 1331 Isidoro
644 1293 717 1339 XI,
737 1298 778 1339 1,
798 1297 859 1332 33.
881 1305 918 1340 p.
941 1296 1022 1333 362.
1055 1293 1238 1338 Lindem.,
1259 1294 1391 1330 Ineert.
1413 1292 1650 1341 gloss.Virg.

199 1353 284 1389 Vol.
307 1351 352 1387 II.
374 1362 412 1398 p.
434 1353 516 1390 374.
553 1351 615 1386 ed.
644 1351 749 1386 Lion.
784 1355 819 1387 et
851 1351 887 1386 ln
908 1351 997 1387 Lex.
1020 1355 1095 1388 vet.
1118 1351 1197 1386 Lat.
1220 1361 1281 1397 ap.
1303 1351 1391 1387 Mai.
1416 1350 1529 1386 class.
1550 1344 1650 1385 auct.

197 1409 285 1445 Vol.
308 1407 406 1443 VIII.
430 1419 467 1454 p.
487 1410 546 1446 34.
578 1407 742 1443 Pertinet
762 1409 877 1445 breve
894 1407 1160 1454 Fragmentum
1181 1406 1230 1443 ad
1247 1406 1311 1444 Cn.
1330 1406 1551 1453 Carbonem,
1575 1406 1651 1452 qui,

201 1469 314 1512 quum
337 1475 370 1499 a.
393 1466 452 1502 82.
482 1475 529 1501 ex
552 1464 659 1500 Italia
688 1465 725 1500 in
747 1465 912 1500 Arricam
942 1464 1102 1511 fugisset
1136 1465 1193 1509 (v.
1217 1475 1331 1511 supra
1350 1464 1410 1499 Fr.
1432 1464 1527 1508 32),
1549 1461 1655 1497 inde-

200 1533 272 1569 que
307 1531 505 1568 regressus
536 1521 573 1556 in
594 1519 762 1557 Siciliam
787 1532 809 1557 a
832 1521 1009 1567 Pompeio
1047 1519 1302 1565 occideretur,
1337 1522 1375 1557 in
1409 1521 1493 1566 ipso
1523 1519 1652 1554 mortis

200 1581 386 1614 momento
405 1578 559 1615 brevem
576 1577 687 1615 vitae.
697 1588 840 1613 moram
861 1578 1047 1624 quaesivit
1061 1577 1240 1613 simulans
1257 1576 1327 1613 sibi
1343 1578 1463 1613 alvum
1477 1576 1654 1638 purgari.

200 1636 248 1670 ef.
270 1635 435 1681 Appian.
462 1634 505 1669 B.
539 1633 578 1670 C.
608 1633 639 1679 I,
663 1636 728 1679 96,
751 1638 844 1669 extr.
868 1645 904 1701 p.
930 1636 1009 1672 136.
1042 1632 1259 1680 Schweigh.
1318 1625 1520 1696 Κάρβωνα
1548 1621 1587 1668 δ’
1609 1626 1652 1667 ἐκ

200 1683 358 1740 Λιβύης
376 1685 415 1734 ἐς
435 1687 622 1726 Σικελίαν
645 1710 701 1715 -
721 1685 789 1726 καὶ
812 1681 884 1725 ἄπ’
905 1681 1027 1738 αὐτῆς
1046 1685 1085 1732 ἐς
1099 1681 1312 1739 Κοσσύραν
1331 1688 1457 1739 νῆσον
1476 1680 1651 1736 ὑποφεύ-

200 1758 321 1798 γοντα
341 1741 503 1794 πέμψας
532 1736 643 1790 τινας
662 1737 683 1782 ὁ
703 1738 914 1795 Πομπήιος
934 1740 1123 1808 συνέλαβε
1136 1766 1192 1771 —-
1214 1741 1282 1782 και
1301 1741 1522 1782 κατέκτανε.
1569 1745 1654 1780 Plu-

200 1803 318 1840 tarch.
342 1804 379 1839 in
401 1803 531 1850 Pomp.
560 1815 593 1838 e.
619 1807 683 1848 10,
711 1802 811 1839 med:
842 1794 1091 1851 (Πομπήϊος)
1121 1797 1283 1850 δέσμιον
1309 1813 1550 1865 προαγαγων
1582 1792 1654 1836 ἇν-

200 1857 277 1911 δρα
300 1852 502 1908 Ῥωμαίων
523 1854 606 1909 τρὶς
627 1851 901 1896 ὑπατεύσαντα
935 1861 1009 1905 (sc.
1030 1852 1248 1922 Κάρβωνα)
1274 1879 1322 1884 -
1355 1849 1475 1903 αὐτὸς
1495 1848 1652 1907 ανέκρι-

199 1921 279 1953 νεν.
323 1908 406 1952 εἶτα
425 1911 623 1953 ἐκέλευσεν
644 1906 954 1983 ’ἀπαγαγόντας
942 1906 1106 1952 ἀνελεῖν.
1162 1906 1409 1964 Ἀπαχθὲντα
1426 1910 1559 1974 μέντοι
1574 1925 1653 1961 φα-

201 1968 267 2009 σὶν
296 1962 439 2019 αὐτὸν,
474 1964 527 2017 ὥς
561 1964 664 2008 εἶδεν
694 1968 905 2035 ἓλκομενον
927 1965 1024 2036 ἤδη
1037 1983 1080 2008 το
1108 1967 1240 2035 ξίφος,
1269 1969 1475 2008 δεῖσθαι
1497 1962 1656 2006 τόπον

201 2020 333 2081 αυτῷ
368 2025 449 2066 καὶ
488 2021 671 2079 χρόνον
699 2020 911 2080 βραχυν,
954 2020 1015 2073 ὦς
1048 2019 1143 2065 ὕπο
1181 2025 1379 2072 κοιλίας
1419 2022 1654 2076 ἐνοχλου-

201 2082 352 2137 μένῳ,
381 2086 680 2135 παρασχεῖν.
740 2086 868 2122 Valer.
890 2080 991 2121 Max'.
1013 2084 1082 2131 IX,
1103 2087 1167 2130 13,
1187 2089 1223 2123 2.
1284 2084 1350 2121 Cn.
1372 2081 1653 2132 quoqueGarbo

184 2122 315 2178 'iussu
321 2140 488 2188 Pompeii
506 2143 557 2178 ad
574 2147 724 2178 mortem
746 2143 876 2178 ductus
887 2143 995 2189 petiit
1014 2153 1037 2176 a
1056 2141 1225 2178 militibus
1241 2141 1395 2177 demisse
1425 2145 1460 2177 et
1472 2139 1654 2188 flebiliter,

201 2201 250 2234 ut
273 2197 368 2233 sibi
395 2199 554 2234 alvum
585 2199 1202 2246 exonerare,priusquam
1231 2199 1513 2244 expiraret,
1544 2197 1656 2232 lice-

202 2263 253 2290 re
265 2258 296 2301 1,
326 2264 367 2289 eo
394 2264 509 2301 usque
530 2265 672 2290 moram
693 2255 874 2301 trahens,
897 2255 1013 2291 donec
1033 2258 1146 2301 caput
1162 2255 1240 2291 eius
1258 2253 1409 2291 sordido
1429 2255 1469 2290 in
1489 2254 1567 2290 loeo
1596 2261 1654 2288 se-

202 2310 319 2346 dentis
339 2310 635 2346 abscinderetur.
689 2311 769 2349 Liv.
792 2311 887 2357 Epit.
910 2309 1107 2345 LXXXIX.-

314 2366 375 2402 Fr.
395 2369 454 2404 43.
505 2363 619 2414 [Cort.
640 2378 678 2414 p.
701 2371 804 2405 1004.
842 2367 940 2403 Gerl.
963 2366 1024 2401 ed.
1046 2367 1134 2402 mai.
1155 2367 1230 2403 Inc-
1253 2369 1311 2405 47.
1336 2366 1398 2404 ed.
1422 2367 1512 2403 min.
1535 2365 1570 2410 1,
1589 2368 1649 2404 29.

202 2434 239 2470 p.
263 2426 352 2471 184,
372 2427 431 2462 22.
469 2423 578 2459 Debr.
599 2424 633 2468 Ι,
651 2422 726 2472 42.]
786 2423 942 2459 Probus.
970 2423 1022 2467 ΙΙ,
1046 2427 1087 2468 1,
1109 2426 1168 2461 40.
1200 2435 1237 2471 p.
1270 2427 1350 2463 120.
1388 2423 1555 2460 Lindem.
1593 2424 1650 2468 (p.

204 2481 308 2528 1462.
340 2479 523 2524 Putseh.).
586 2480 730 2516 Nomen
753 2480 855 2515 urbis
877 2490 951 2515 non
972 2480 1064 2515 satis
1099 2484 1240 2516 certum
1270 2485 1347 2526 est,
1380 2491 1493 2527 quum
1524 2479 1563 2514 in
1589 2477 1650 2514 ed.

202 2536 364 2577 Aseens.
395 2535 548 2583 quidem
577 2540 614 2572 et
639 2532 804 2573 Putsehii
839 2536 890 2572 ita
925 2536 1089 2583 legatur,
1126 2541 1164 2572 ut
1198 2536 1405 2582 edidimus,
1445 2535 1654 2573 novissima

173 2607 176 2611 >
202 2591 449 2628 Lindemanni
475 2597 598 2629 autem
620 2603 668 2628 ex
690 2592 775 2628 cod.
795 2591 959 2629 Vindob.
989 2592 1142 2629 Ucurbis
1156 2595 1355 2640 praebeat,
1377 2603 1490 2642 quam
1510 2592 1541 2628 is
1567 2602 1655 2627 ean-

203 2648 291 2685 dem
313 2651 418 2696 putat
438 2660 525 2685 eum
553 2648 666 2686 Ucubi
682 2649 886 2696 Hispaniae
906 2649 1018 2694 urbe,
1048 2649 1149 2696 apud
1170 2649 1280 2687 Caes.
1303 2649 1353 2685 B.
1367 2647 1472 2696 Hisp.
1503 2660 1536 2684 e.
1561 2649 1595 2695 7,
1618 2652 1651 2685 1.

201 2709 505 2755 commemorata.
567 2705 677 2750 Quod
693 2706 726 2742 si
746 2716 878 2743 verum
905 2710 1026 2750 esset,
1052 2706 1102 2742 ad
1126 2705 1381 2743 Sertorianum
1401 2705 1540 2742 benum
1563 2705 1652 2741 urbs

199 2762 415 2811 pertineret.
476 2761 553 2800 Sed
591 2763 768 2811 quoniam
801 2760 913 2800 valde
945 2763 1126 2799 incertum
1165 2767 1240 2810 est,
1268 2762 1422 2799 Ucurbis
1440 2762 1510 2800 vel
1542 2761 1655 2798 aliam
