1774 3002
151 107 235 150 150
633 111 673 149 C.
708 112 940 150 SALLUSTI
971 111 1124 150 GRISPI

286 239 353 281 46.
414 234 600 291 Canina‚
636 238 684 281 ut
711 236 770 281 ait
799 235 999 296 Appius,
1032 237 1237 282 facundia
1267 238 1569 283 exercebatur.

288 322 356 365 47.
415 319 687 381 Publiusque
708 320 921 365 Lentulus
940 319 1219 366 Marcellinus
1244 319 1400 365 eodem
1425 320 1603 365 auctore

151 459 229 495 ret:
250 454 363 491 codd.
386 456 482 490 enim
507 467 637 492 omnes
660 458 718 492 vel
741 456 978 504 appellabant
999 461 1142 502 tenent,
1174 461 1211 492 ut
1230 457 1318 492 olim
1343 466 1544 503 perperam
1567 456 1604 491 in

151 511 333 547 Prisciani
349 515 385 546 et
405 510 572 548 Sallustii
593 513 668 548 edd
707 515 948 561 vulgabatur,
978 514 1037 550 vel
1057 513 1289 560 appellabat,
1320 523 1414 558 quae
1437 522 1527 549 vera
1548 515 1605 546 est

153 568 349 615 scriptura.
392 566 535 603 Nomen
553 571 759 616 proprium,
782 569 882 617 quod
905 570 940 605 in
964 570 1124 617 vulgatis
1142 569 1229 605 edd.
1255 569 1486 605 scribebatur
1507 568 1605 603 Bar-

152 624 326 668 buleium‚
358 625 394 660 in
413 625 594 661 Prisciani
616 626 730 661 codd.
751 627 883 673 partim
914 631 971 662 est
994 626 1272 674 Burbuleyium‚
1301 626 1433 672 partim
1454 624 1604 660 Burbu-

153 681 279 725 leium,
309 692 420 727 quam
443 683 599 717 sormam
624 683 799 728 analogia
821 682 977 718 aliorum
1000 683 1190 718 nominum
1211 681 1509 718 commendatam
1534 681 1605 715 Va-

152 738 235 773 lerii
267 737 421 774 Maximi
460 739 679 775 auctoritate
709 739 965 786 recipiendam
994 739 1182 775 duximus.
1236 738 1273 783 Is
1297 738 1395 776 enim
1434 737 1605 784 apposite

154 794 245 830 libro
269 793 330 838 IX,
363 796 419 838 14,
446 798 482 831 5.
511 794 608 832 haec
637 795 767 841 habet,
805 796 938 842 quibus
968 800 1093 831 noster
1120 796 1226 831 locus
1255 795 1482 842 aliquantum
1511 794 1605 829 lucis

154 851 309 897 accipit:
353 848 408 886 M.
443 849 621 887 Messalla
663 852 870 888 consularis
903 856 936 887 et
968 853 1157 888 censorius
1191 850 1424 899 Menogenis,
1469 848 1579 886 Curi
1586 860 1607 884 o

153 907 367 943 omnibus
397 906 658 944 honoribus
685 909 934 944 abundans
962 908 1239 951 Burbuleii,
1276 909 1336 944 ille
1352 910 1511 954 propter
1530 907 1607 942 oris

153 967 363 1010 aspectum,
413 963 473 999 hic
509 969 719 1011 propter
753 975 921 1011 parem
962 966 1185 1011 corporis
1224 969 1407 1007 motum,
1456 957 1608 1009 uterque

153 1021 340 1056 scenici
363 1030 527 1056 nomen
545 1025 740 1057 coactus
766 1025 837 1056 est
862 1021 1097 1066 recipere.
1138 1021 1252 1066 Igitur
1272 1021 1335 1067 qui
1356 1020 1430 1056 hoc
1451 1019 1606 1054 dicterio

153 1080 366 1123 peteretur,
398 1077 463 1112 luit
483 1076 697 1113 Scribonius
717 1077 846 1118 Curio,
877 1087 910 1113 a.
937 1077 994 1114 76.
1025 1088 1060 1111 a.
1081 1076 1165 1111 Chr.
1189 1087 1226 1111 n.
1255 1076 1339 1113 cum
1363 1075 1429 1112 Cn.
1451 1075 1606 1112 Octavio

156 1134 307 1175 consul,
342 1133 404 1179 qui
436 1145 522 1168 eum
543 1138 706 1180 peteret,
737 1133 802 1170 Cn.
825 1133 1023 1169 Sicinnius.
1071 1131 1134 1168 Ad
1156 1137 1351 1180 utrumque
1381 1132 1539 1179 pertinet
1559 1132 1608 1166 le-

154 1189 268 1236 pidus
290 1188 482 1226 Ciceronis
507 1191 614 1226 locus
650 1190 687 1225 in
719 1190 832 1226 Bruto
853 1201 887 1225 c.
908 1191 1064 1233 60,216.
1095 1188 1217 1224 Motus
1247 1190 1305 1233 (in
1331 1188 1501 1232 dicendo)
1526 1191 1612 1224 erat

155 1246 397 1292 (Curiano-is
410 1271 424 1289 ,-
450 1256 556 1293 quem
576 1251 611 1282 et
631 1247 670 1283 G.
690 1246 810 1282 Iulius
828 1247 866 1282 in
879 1249 1103 1292 perpetuum
1124 1245 1277 1288 notavit,
1304 1255 1415 1291 quum
1434 1255 1486 1281 ex
1504 1254 1547 1280 eo
1572 1245 1610 1279 in

155 1306 349 1349 utramque
364 1307 514 1349 partem
533 1307 602 1339 toto
625 1313 783 1349 corpore
802 1303 993 1338 vacillante
1018 1301 1212 1348 quaesivit,
1254 1301 1359 1347 quis
1386 1301 1458 1348 loq
1468 1310 1520 1336 ue
1531 1309 1608 1336 re-

157 1363 234 1395 tur
255 1369 314 1395 ex
334 1359 505 1395 lintre?
525 1364 559 1395 et
581 1360 645 1396 Cn.
675 1358 879 1403 Sicinnius‚
908 1358 1014 1394 homo
1036 1358 1225 1404 impurus,
1253 1356 1321 1392 sed
1341 1357 1534 1393 admodum
1556 1357 1608 1392 ri-

157 1415 312 1452 diculus.
358 1414 406 1453 ,Is
434 1427 545 1462 quum
579 1416 747 1452 tribunus
771 1416 891 1462 plebis
918 1414 1114 1451 Curionem
1151 1417 1186 1449 et
1215 1412 1400 1450 Octavium
1429 1413 1612 1449 consulem

150 1472 413 1518 produxisset,
445 1472 627 1519 Curioque
648 1473 759 1508 multa
779 1473 935 1508 dixisset
951 1471 1098 1507 sedente
1119 1470 1186 1507 Gn.
1207 1468 1354 1506 Octavio
1372 1469 1525 1515 cauma,
1549 1471 1613 1516 qui

157 1528 344 1564 devinctus
362 1533 447 1564 erat
461 1529 593 1575 fasciis
615 1532 650 1564 et
668 1529 787 1564 multis
809 1529 1080 1564 medicamentis
1100 1529 1260 1574 propter
1281 1525 1445 1562 dolorem
1464 1529 1612 1561 mutum

158 1584 354 1620 delibutus.-
394 1585 655 1632 Nunquam,
684 1586 818 1631 inquit,
851 1584 1031 1628 Octavi,
1063 1584 1278 1630 colleqae
1298 1584 1375 1618 tuo
1400 1581 1611 1628 qratiam

159 1640 369 1687 referes;
397 1642 477 1687 qui
494 1642 591 1676 nisi
611 1651 661 1676 se
693 1651 774 1680 suo
793 1651 921 1676 more
949 1641 1254 1683 iactavisset,
1283 1638 1418 1674 hodie
1441 1641 1483 1673 te
1506 1638 1615 1672 istic

159 1706 350 1733 muscae
381 1697 708 1733 comedissent.
767 1697 910 1741 Quibus
939 1697 1034 1732 locis
1062 1697 1157 1732 inter
1186 1706 1227 1731 se
1257 1694 1403 1730 collatis
1427 1693 1536 1729 facile
1563 1693 1614 1727 in—

160 1753 336 1801 telligitur
357 1764 515 1800 corpore
530 1754 711 1800 percitum
733 1753 822 1797 dici,
849 1753 910 1799 qui
930 1763 1068 1799 corpus
1087 1751 1332 1789 vehementer
1353 1750 1519 1793 iactaret,
1540 1749 1614 1784 hue

162 1811 248 1847 illuc
284 1809 480 1847 fluctuaret
516 1814 553 1846 et
586 1810 799 1854 vacillaret,
834 1810 957 1856 linqua
983 1809 1211 1856 percitum,
1232 1807 1296 1854 qui
1331 1806 1447 1842 multa
1475 1809 1612 1841 temere

161 1863 374 1903 effunderet
406 1870 443 1902 et
470 1868 587 1903 verba
614 1866 893 1913 praecipitaret.
920 1886 974 1892 —
1004 1864 1174 1902 causalis
1201 1862 1476 1899 enunciationis
1500 1862 1613 1906 ratio,

161 1925 248 1972 quia
274 1923 457 1971 particula
484 1923 667 1967 indicata,
703 1933 928 1969 quamquam
957 1932 1032 1958 non
1061 1919 1266 1957 admodum
1291 1918 1492 1956 commoda
1509 1918 1616 1954 vide-

162 1984 241 2025 tur,
271 1984 396 2016 tamen
415 1981 566 2016 tolerari
595 1983 738 2027 potest,
767 1979 989 2026 praesertim
1010 1989 1143 2025 quum,
1172 1975 1360 2023 quomodo
1381 1975 1478 2012 haec
1500 1976 1616 2011 verba

163 2048 247 2074 cum
278 2036 594 2084 praecedentibus
621 2036 881 2080 cohaeserint,
913 2046 988 2071 non
1009 2037 1167 2070 constet.
1208 2034 1290 2069 Non
1309 2031 1471 2068 diffiteor
1489 2035 1615 2068 tamen

164 2093 276 2130 valde
297 2093 388 2129 mihi
408 2094 581 2140 placere,
611 2092 714 2140 quod
733 2091 887 2128 Colerus
918 2092 968 2128 ad
988 2091 1132 2127 Valerii
1151 2090 1252 2139 Max.
1274 2090 1299 2125 l.
1320 2089 1344 2124 l.
1361 2099 1401 2135 p.
1418 2091 1500 2128 607.
1529 2098 1616 2124 con-

165 2151 270 2186 iecit:
298 2159 428 2196 quem
444 2159 603 2196 corpore
622 2170 679 2175 —
694 2150 890 2196 percitum.

278 2206 340 2242 Fr.
365 2203 424 2244 46.
472 2203 585 2255 [Cort.
613 2209 717 2243 1004.
751 2205 848 2241 Gerl.
879 2203 942 2239 ed.
967 2203 1053 2239 mai.
1077 2202 1154 2237 Inc.
1181 2203 1261 2239 184.
1290 2200 1352 2236 ed.
1380 2200 1471 2237 min.
1499 2199 1560 2242 Ill,
1580 2205 1616 2238 5.

165 2276 203 2310 p.
224 2266 306 2306 215,
325 2263 385 2300 26.
406 2261 520 2297 Debr.
540 2262 586 2305 V,
610 2260 685 2309 74]
722 2262 848 2296 Verba
868 2263 1017 2296 exstant
1035 2257 1138 2305 apud
1161 2258 1257 2294 Non.
1278 2258 1306 2302 Ι,
1325 2259 1406 2296 298.
1427 2268 1467 2304 p.
1481 2258 1539 2300 60,
1559 2259 1615 2294 25.

166 2320 281 2356 Mete.
305 2318 447 2355 Canina
464 2317 646 2364 facundia
669 2329 783 2363 quum
805 2318 851 2352 sit
870 2315 1103 2351 mordacium
1128 2315 1341 2351 rabularum
1369 2313 1416 2349 de
1441 2314 1522 2349 ἴοι-ο
1544 2315 1617 2348 lur-

166 2377 474 2421 bulentorumque
496 2373 709 2417 hominum,
741 2372 982 2408 adversarios
1011 2375 1188 2418 proterva
1211 2370 1406 2407 dicacitate
1428 2370 1616 2406 lacessen-

167 2434 257 2468 tium
277 2443 321 2468 ac
341 2432 605 2474 lacerantium,
627 2440 700 2465 non
723 2429 965 2476 improbabile
986 2428 1135 2464 videtur
1157 2427 1372 2465 Sallustium
1391 2425 1453 2462 his
1475 2425 1615 2469 verbis,

167 2490 329 2536 primum
354 2489 400 2524 ab
421 2487 546 2534 Appio
567 2487 778 2533 usurpatis,
808 2490 959 2521 notasse
985 2484 1142 2521 Sicinnii
1162 2483 1343 2531 imprimis
1366 2481 1615 2527 similiumque

168 2546 400 2581 tribunorum
420 2543 678 2588 insolentiam,
708 2542 770 2578 illo
795 2546 960 2588 tempore
980 2543 1099 2578 bonos
1121 2542 1227 2578 cives
1251 2537 1531 2586 exagitantium.
1571 2538 1617 2573 ct.

171 2603 264 2638 Plut.
302 2602 339 2636 in
373 2599 498 2637 Crass.
536 2611 570 2636 c.
600 2601 635 2644 7,
665 2603 759 2635 extr.
792 2599 895 2644 (Vol.
925 2599 969 2634 ΙΙ.
978 2610 1041 2661 p.
1077 2600 1158 2636 544.
1175 2595 1309 2639 Sint.)
1330 2587 1376 2631 Ὁ
1410 2592 1618 2630 πλεῖστα

167 2668 433 2708 πραγματα
457 2646 728 2707 παρασχὼν
747 2655 850 2699 τοῖς
873 2645 988 2690 καθ’
1012 2645 1162 2691 αὑτὸν
1180 2644 1390 2713 αρχουσι
1417 2645 1500 2686 καὶ
1529 2645 1616 2713 δη-

169 2713 444 2764 μαγωγοῐς,
485 2708 768 2758 Σικίννιος,
811 2702 910 2761 πρὸς
945 2703 1014 2748 τὸν
1050 2707 1228 2756 εἴκοντα,
1267 2703 1306 2744 τί
1334 2699 1385 2755 δὴ
1412 2700 1537 2755 μόνον
1569 2717 1617 2744 ον
