1774 3002
512 128 856 168 HISTORIARUM·
869 125 1182 165 FRAGMENTA.
1241 125 1329 161 LIB.
1360 124 1405 160 ΙΙ.
1587 117 1669 162 157

229 269 328 301 men
351 254 559 309 inditum,
578 254 639 298 et
670 250 950 298 candidatum
987 249 1255 310 praetorium
1300 262 1429 294 sacra
1472 245 1547 292 via
1588 245 1673 292 de-

229 413 326 458 tatis,
347 413 479 449 ambos
498 412 687 455 consules,
710 410 755 455 Q.
778 410 982 453 Metellum,
1003 408 1065 455 qui
1085 411 1218 454 postca
1238 405 1407 443 Creticus
1428 405 1671 452 cognomina·

234 473 291 505 tus
312 473 384 513 est,
410 472 569 506 elmnem
588 477 734 512 eor-mn,
749 467 813 514 qui
823 470 1048 514 praemram
1066 468 1142 500 tim·
1153 467 1342 511 peterent,
1365 463 1457 498 rorte
1478 471 1588 497 sacra
1609 461 1672 496 via

232 535 308 561 una
326 528 459 562 euntes
481 526 657 572 impetum
682 534 768 560 esse
788 523 938 559 factum.
998 520 1163 564 Caussa,
1185 530 1252 556 cur
1273 519 1353 554 VV.
1375 519 1452 555 DD.
1476 517 1672 554 candidato

223 582 417 628 praetorio
440 582 668 628 singularem
687 579 876 616 hominem
897 577 1101 626 significari
1133 587 1208 612 non
1229 580 1413 623 putarent,
1434 573 1537 612 haud
1558 572 1671 610 dubie

233 638 272 674 in
292 647 338 673 eo
369 641 428 673 est
447 636 683 685 quaerenda,
707 636 808 683 quod
829 634 1029 672 Sallustius
1050 635 1132 670 eius
1150 643 1288 669 nomen
1309 643 1383 668 non
1404 631 1571 675 addidit3
1601 629 1673 666 sed

232 694 368 739 omisit,
385 694 471 741 quia
486 695 523 730 in
547 704 685 741 magno
702 696 915 740 praetorum
933 701 1102 735 numero,
1123 694 1207 726 octo
1227 690 1326 725 enim
1341 691 1577 731 creabantur,
1598 688 1674 724 sin-

233 750 311 798 guli
339 761 410 798 per
430 761 472 787 se
493 750 615 786 minus
634 749 858 787 videbantur
881 747 1078 784 notabiles.
1136 746 1319 793 Distingui
1343 750 1466 782 autem
1485 745 1672 780 Metellum

233 817 257 842 a
285 806 487 843 candidato
516 806 703 854 praetorio
732 807 815 842 luce
845 805 982 841 clarius
1012 803 1175 851 ostendit
1202 803 1407 850 particulae
1434 801 1672 848 copulativae

234 863 347 908 ratio,
369 874 467 910 quae
489 862 598 899 deest
625 867 710 898 ante
738 861 939 906 Metellum,
963 859 1073 896 adest
1096 864 1182 896 ante
1209 859 1443 896 candidatum
1455 874 1468 899 ;
1495 857 1598 905 quod
1618 857 1672 893 in-

233 930 347 956 verso
367 919 480 955 modo
500 930 542 956 se
565 918 704 955 habere
728 918 892 962 deberet,
915 917 948 953 si
969 917 1181 952 criticorum
1201 916 1385 952 sententia
1404 915 1561 952 veritate
1582 914 1675 950 nite·

233 979 346 1012 retur.
405 975 524 1020 Quam
544 979 646 1012 recte
666 976 768 1011 enim
787 973 1030 1021 Kreyssigius
1051 973 1174 1008 locum
1193 973 1290 1008 male
1305 971 1480 1008 affectum
1497 970 1674 1008 emenda-

234 1032 330 1068 verit
342 1059 353 1076 ,
371 1032 435 1068 vel
457 1022 619 1068 maxime
638 1042 689 1067 ex
701 1042 748 1067 eo
763 1031 906 1077 elucet,
925 1028 1027 1077 quod
1048 1028 1143 1065 vidit
1160 1029 1198 1064 in
1218 1029 1343 1075 inepta
1365 1028 1456 1066 UEL
1475 1029 1673 1075 particula,

234 1098 344 1133 quam
366 1088 651 1135 Palimpsestum
674 1098 749 1126 non
769 1087 881 1123 habet
909 1085 1072 1133 quidem,
1104 1085 1174 1121 sed
1203 1085 1343 1121 habere
1366 1084 1533 1129 videtur,
1556 1086 1674 1121 latere

233 1147 270 1179 α
293 1144 487 1189 voculam,
513 1145 544 1182 U
569 1148 690 1180 autem
710 1144 899 1191 pertinere
927 1143 977 1179 ad
1004 1142 1277 1189 praecedentes
1302 1142 1441 1178 litteras
1472 1140 1537 1186 IT,
1573 1140 1673 1177 unde

235 1204 368 1247 sponte
388 1199 560 1236 ducimur
580 1200 630 1237 ad
643 1200 806 1244 inditum,
826 1211 900 1246 quo
920 1198 1012 1235 nihil
1031 1202 1155 1245 potest
1174 1209 1262 1235 esse
1282 1198 1433 1234 certius.

344 1265 459 1292 sacra
485 1258 543 1292 via
566 1258 753 1300 deductos)
781 1257 957 1303 Palimps.
980 1254 1290 1291 SACRAUIADE
1319 1282 1329 1290 .
1352 1281 1361 1289 .
1385 1253 1503 1291 CTIS.
1562 1253 1673 1299 Quod

235 1312 410 1348 Pertzius
421 1312 510 1348 inde
531 1314 646 1357 eruit,
673 1313 812 1349 criticis
828 1314 906 1348 lere
929 1312 1102 1348 omnibus
1123 1312 1231 1347 unice
1246 1313 1441 1358 probatum
1454 1340 1463 1355 ,
1480 1321 1594 1347 sacra
1614 1312 1673 1347 via

235 1367 290 1404 de
308 1370 471 1413 tectis,
492 1370 613 1416 prima
633 1370 760 1415 specie
786 1369 937 1415 quidem
958 1369 1093 1414 placet,
1115 1379 1156 1403 re
1179 1369 1261 1414 ipsa
1282 1369 1464 1403 absonum
1486 1371 1556 1403 est.
1613 1367 1673 1404 De

235 1426 336 1460 tedis
355 1426 455 1461 enim
477 1426 712 1472 pugnabatur
738 1424 994 1461 tantummodo
1032 1425 1092 1459 vel
1122 1426 1212 1460 urbe
1242 1425 1367 1470 aliqua
1393 1424 1431 1461 vi
1458 1428 1588 1471 capta,
1619 1424 1675 1459 in-

237 1481 404 1527 colisque
427 1481 465 1516 in
489 1481 705 1528 promiscua
733 1481 851 1517 caede
873 1481 1039 1516 omnium
1058 1481 1151 1526 tela,
1181 1491 1277 1527 quac
1300 1480 1515 1527 desperatio
1535 1491 1676 1527 sugge-

237 1541 354 1582 reret,
394 1537 432 1572 in
451 1536 580 1573 hostes
608 1538 763 1574 infestos
792 1537 840 1573 dc
872 1537 1066 1584 superiore
1086 1536 1281 1573 domorum
1303 1541 1409 1583 parte
1441 1537 1674 1582 iacientibus,

237 1593 299 1630 vet
326 1594 390 1630 ubi
418 1594 513 1629 inter
540 1595 647 1640 ipsos
682 1594 787 1631 cives
816 1598 1009 1630 cruentum
1038 1598 1227 1629 certamen
1251 1598 1464 1638 exarserat,
1507 1593 1674 1630 diversis

236 1649 404 1695 partibus
423 1650 476 1685 ita
496 1650 681 1695 incitatis,
712 1654 750 1686 ut
769 1650 951 1686 acerrima
970 1660 1100 1697 pugna
1122 1649 1230 1696 quasi
1257 1650 1293 1685 in
1313 1656 1422 1700 capta
1444 1652 1533 1686 urbe
1557 1651 1675 1686 ciere-

237 1709 308 1741 tur.
338 1704 417 1742 Sed
440 1706 524 1752 quis
543 1706 614 1742 sibi
640 1706 871 1753 persuadeat
890 1707 927 1741 in
946 1716 1090 1754 paucos
1113 1706 1285 1742 homines
1305 1707 1453 1753 placide
1475 1708 1674 1753 quieteque

238 1772 348 1798 sacra
369 1762 432 1797 via
452 1766 582 1798 euntes
603 1763 761 1799 subitum
784 1763 832 1799 de
860 1764 965 1799 tectis
986 1762 1163 1809 impetum
1195 1774 1290 1799 esse
1303 1761 1467 1798 sactum?
1496 1763 1598 1799 Haec
1618 1764 1674 1798 rei

239 1817 450 1853 absurditas
480 1829 593 1865 quum
619 1819 693 1856 iam
712 1830 781 1866 per
808 1831 850 1854 se
880 1818 1055 1854 ostendat
1074 1829 1254 1865 perverse
1284 1820 1460 1866 coniungi
1488 1821 1603 1855 verba
1630 1819 1677 1854 de

238 1875 339 1909 lecti-3
355 1874 514 1918 invadit,
546 1879 623 1910 tum
640 1875 742 1922 sorte
758 1875 979 1911 adverbium
1000 1875 1222 1910 documento
1243 1880 1299 1911 est
1328 1875 1429 1910 aliud
1450 1886 1473 1910 a
1493 1874 1674 1911 Sallustio

240 1939 351 1974 quam
369 1930 415 1965 de
435 1931 536 1965 ωδε
564 1932 741 1977 scriptum
761 1942 868 1972 esse,
898 1931 1083 1976 siquidem
1113 1932 1297 1967 sententia
1319 1932 1475 1966 vocibus
1493 1931 1593 1978 forte
1615 1950 1676 1958 —

238 1984 376 2020 muniit
393 1985 598 2021 coniunctis
617 1997 731 2032 supra
754 1986 904 2022 modurn
921 1987 1045 2032 inepta
1065 1986 1117 2021 fit.
1176 1987 1288 2023 Forte
1307 1987 1419 2033 igitur
1439 1998 1552 2034 quum
1572 1987 1676 2024 aliud

241 2050 352 2085 quam
371 2041 508 2076 &avadit
527 2042 683 2077 verbum
710 2047 867 2088 poscat,
907 2046 1048 2077 certum
1076 2047 1135 2078 est
1163 2044 1352 2079 librarium
1381 2044 1611 2091 negligentia
1637 2044 1675 2080 in

241 2096 499 2131 terminatione
519 2097 626 2133 vocis
645 2107 840 2149 peccasse,
860 2108 903 2134 ac
919 2098 1089 2134 motos
1106 2109 1192 2134 esse
1216 2099 1468 2144 scribendum,
1479 2100 1593 2147 quod,
1611 2111 1676 2136 an—

241 2155 391 2198 tequam
416 2151 495 2188 vidi
518 2152 750 2190 Huschkium
771 2154 809 2190 in
837 2154 1048 2201 Kreyssigii
1068 2154 1184 2201 Epist
1211 2167 1248 2202 p.
1273 2159 1339 2195 18.-
1354 2156 1392 2191 in
1416 2156 1456 2192 id
1481 2156 1674 2201 incidisse,

242 2207 316 2242 iam
336 2207 538 2253 Casselius,
555 2208 605 2245 V.
620 2208 678 2254 D.‚
709 2210 840 2258 sagaci
860 2211 1074 2246 coniectura
1092 2216 1279 2258 repertum
1297 2223 1445 2249 mecum
1473 2214 1676 2250 communi-

243 2263 356 2299 cavit.
396 2263 516 2308 Quam
534 2265 571 2301 in
592 2276 701 2301 more>
717 2266 826 2302 fuerit
845 2266 947 2314 apud
968 2267 1159 2304 Romanos
1178 2273 1254 2305 turn
1274 2272 1453 2316 patronos
1474 2275 1548 2306 tum
1572 2270 1675 2306 viros

244 2318 423 2366 dignitate
444 2322 714 2366 praecellentes
734 2328 771 2358 et
788 2322 836 2359 de
865 2323 978 2359 domo
998 2324 1037 2359 in
1058 2324 1178 2360 forum
1199 2330 1235 2361 et
1260 2336 1308 2361 ex
1329 2326 1409 2361 soro
1434 2326 1586 2362 domum
1610 2326 1677 2362 ho·

169 2396 173 2398 -
242 2376 345 2412 noris
365 2380 401 2411 et
424 2375 539 2419 officii
555 2388 692 2414 caussa
712 2378 913 2426 deducere,
938 2390 998 2416 res
1018 2381 1212 2417 notissima
1232 2386 1309 2429 est3
1330 2383 1379 2417 cl'.
1400 2381 1476 2419 Cic.
1501 2382 1549 2418 de
1573 2384 1674 2429 petit.

243 2442 348 2467 cons.
371 2443 406 2467 c.
424 2433 460 2469 9.
493 2431 1032 2483 Maynmnuffmopiaionm,
1051 2438 1674 2486 maynamdiqnitaoemquofidama

243 2489 282 2523 in
307 2487 518 2524 deducendo
540 2488 764 2536 frequentia.
819 2491 877 2528 Id.
898 2492 947 2528 de
971 2491 1121 2529 Senect.
1144 2496 1207 2538 18,
1237 2497 1298 2533 63.
1322 2496 1384 2532 ubi
1407 2506 1444 2530 v.
1463 2494 1674 2532 Gernhard.

244 2543 366 2587 Quum
385 2544 496 2591 igitur
512 2543 612 2591 forte
635 2547 810 2583 consules
831 2549 959 2593 ambo,
987 2549 1033 2593 Q.
1055 2550 1246 2594 Metellus,
1267 2554 1304 2586 et
1322 2550 1546 2587 candidatus
1566 2562 1675 2598 prae-

244 2601 361 2635 torius
382 2610 492 2636 sacra
515 2600 585 2636 via
596 2600 881 2650 deducet-enm,
909 2605 934 2640 i.
963 2615 1000 2640 e.
1026 2616 1112 2666 eum
1140 2607 1315 2642 comitatu
1345 2619 1415 2643 suo
1446 2607 1673 2652 incederent,

241 2655 348 2701 plebs
369 2667 436 2692 eos
458 2656 608 2692 invasit.

354 2722 437 2748 omn
454 2722 586 2760 maeno
604 2714 753 2750 amm
768 2714 922 2759 ηιωὰι)
950 2670 1127 2763 Palimps.
1149 2716 1485 2755 CUMMAGNOTU
1503 2745 1513 2754 .
1534 2718 1673 2755 ULTU-
