1774 3002
444 146 774 188 ms'romARUM
802 143 1115 183 FRAGMENTA.
1171 143 1258 180 [ΑΒ.
1291 142 1335 179 11.
1535 135 1615 179 127

185 277 319 324 filium
349 273 499 320 matris
522 272 725 319 instinctu
748 272 921 318 Thebas
944 269 1138 331 reliquit,
1164 271 1208 313 et
1231 266 1403 314 Cretam
1434 266 1620 312 insulam

184 359 322 406 tenuit
350 357 512 418 primo,
546 355 690 401 adhuc
723 355 969 401 hominibus
1004 367 1212 410 vacuam3
1245 354 1422 410 postea,
1455 365 1509 395 ea
1543 365 1619 394 re-

187 443 308 498 licta,
336 454 435 486 cum
461 438 653 486 Daedalo
680 438 736 483 ad
766 437 1010 483 Sardiniam
1043 434 1271 481 transitum
1302 433 1415 480 fecit.

321 527 361 570 8.
413 521 631 582 Apollinis
664 520 755 566 filio
792 523 835 566 et
871 519 1080 580 Cyrenes

188 662 299 698 latam
321 659 462 703 fuisse;
501 668 545 694 ae
573 655 745 693 Servium
773 658 863 693 satis
890 659 1065 693 accurate
1092 658 1283 691 auctorem
1318 665 1425 690 suum
1457 659 1625 691 secutum

190 728 277 753 esse
289 716 369 753 iure
389 714 546 761 colligas
566 723 614 748 ex
633 711 743 758 Silio,
774 713 836 760 qui
861 724 972 760 quum
994 713 1067 748 alia
1087 722 1135 746 ex
1156 710 1332 748 Sallustio
1356 709 1478 746 hausit
1498 712 1555 755 (v.
1577 710 1626 747 ad

187 773 249 809 Fr.
275 771 335 818 11,·
352 776 390 810 2.
414 775 452 807 et
480 770 529 816 11,
556 770 631 815 4.)‚
661 773 735 805 tum
763 770 886 805 locum
907 769 956 805 de
975 768 1150 804 Aristaeo
1180 777 1228 802 ex
1257 766 1392 802 eodem
1415 768 1623 814 expressit3

192 829 241 865 el.
266 828 353 874 ΧΠ,
386 829 456 866 365
483 836 564 873 sqq.
625 824 744 861 Fama
770 828 825 862 est
841 836 951 874 quum
979 825 1113 861 lacer-is
1131 823 1301 860 Actaeon
1313 823 1434 870 flebile
1458 824 1628 859 mernor-is

193 884 419 932 Supplicium
441 884 559 920 haeret
574 886 761 930 spectatae
778 883 816 918 in
838 882 941 929 sonte
962 881 1128 927 Dianae,
1158 880 1352 917 Attonitum
1370 881 1526 917 novitate
1541 881 1634 916 mali

191 941 333 989 fugisse
350 942 560 988 parentem.
618 937 695 974 Per
722 937 824 985 freta
847 938 1055 974 Aristaeum
1083 941 1118 973 et
1146 935 1311 972 Sardoos
1340 937 1415 972 isse
1441 946 1631 973 recessus:

195 996 362 1044 Cyrenen
383 998 606 1043 monstrasse
627 994 757 1042 ferunt
783 1005 876 1031 nova
905 994 1023 1030 littora
1053 997 1219 1030 matrem.
1278 992 1478 1029 Praeterea
1517 993 1627 1029 etiam

195 1052 347 1090 Solinus
371 1051 598 1099 Polyhistor.
625 1062 659 1087 o.
679 1049 726 1085 X.
754 1050 916 1087 Aristaei
949 1051 999 1087 ita
1035 1050 1262 1086 mentionem
1292 1049 1400 1094 facit,
1438 1053 1475 1084 ut
1504 1053 1630 1097 pateat

195 1109 293 1145 hune
323 1118 471 1155 quoque
496 1117 543 1142 ex
576 1105 753 1143 Sallustio
790 1106 968 1154 pendere.
1026 1106 1169 1142 Eadem
1209 1104 1318 1142 tradit
1347 1106 1555 1142 Pausanias
1581 1105 1628 1150 X,

196 1166 253 1210 17,
272 1167 308 1205 3.
343 1175 382 1212 Ρ.
403 1166 485 1203 665.
522 1163 687 1199 Bekker.
745 1164 907 1200 Aristaei
935 1164 1056 1200 cultus
1077 1161 1265 1210 quomodo
1286 1163 1323 1198 in
1344 1161 1558 1199 Sardiniam
1578 1163 1632 1198 in-

195 1225 326 1257 vectus
358 1220 407 1256 sit
437 1220 560 1266 ibique
599 1219 820 1265 obtinuerit,
863 1219 1020 1256 docetur
1059 1221 1105 1256 ab
1134 1219 1337 1255 Aristotele
1370 1218 1416 1254 de
1456 1219 1629 1255 Mirabill.

195 1276 418 1314 Auscultau.
440 1279 520 1314 100.
562 1274 666 1311 Tom.
693 1275 738 1311 ΙΙ.
775 1287 813 1323 p.
839 1278 922 1315 838.
955 1275 1016 1311 ed.
1040 1275 1213 1320 Bekker,
1245 1285 1355 1322 quem
1376 1275 1498 1311 locum
1512 1277 1630 1322 ,quia

198 1337 234 1369 et
252 1332 303 1369 ad
324 1332 538 1369 universam
558 1331 703 1368 insulae
731 1332 982 1394 antiquitatem
1007 1336 1042 1367 et
1070 1332 1119 1368 ad
1138 1332 1197 1367 Fr.
1224 1332 1274 1376 ΙΙ,
1303 1336 1338 1369 4.
1370 1331 1630 1368 illustrandum

197 1390 373 1451 pertinet,
402 1392 518 1424 totum
539 1387 600 1424 hie
623 1398 878 1450 apponemus·
900 1378 972 1424 Ἐν
987 1387 1037 1451 τῇ
1052 1384 1211 1451 Σαρδοῖ
1229 1386 1279 1437 τῇ
1297 1381 1406 1440 νήσῳ
1424 1396 1635 1424 κατασκευ-

198 1436 353 1494 ἄσματᾶ
381 1450 504 1491 φασιν
522 1435 624 1479 εἶναι
650 1440 704 1488 εἰς
722 1434 791 1480 τὸν
802 1435 1034 1506 Ἑλληνικὸν
1057 1437 1207 1494 τρόπον
1228 1441 1452 1492 διακείμενα
1477 1435 1548 1481 τὸν
1567 1434 1635 1493 ἆρ-

199 1501 332 1551 χαῖον,
359 1492 459 1536 ἄλλα
476 1509 518 1535 τε
534 1489 660 1562 πολλὰ
681 1495 749 1535 καὶ
773 1490 876 1536 καλὰ
895 1496 962 1536 καὶ
982 1493 1134 1545 &dmg
1150 1500 1350 1564 περισσοῖς
1366 1499 1446 1544 τοῖς
1466 1496 1637 1549 ῥυθμοῖς

199 1551 508 1619 κατεξεσμένους.
554 1549 715 1600 τούτους
746 1547 787 1592 δ’
815 1548 894 1594 ὑπὸ
919 1547 1071 1594 Ἰολάου
1098 1554 1171 1593 τοῦ
1190 1547 1406 1603 Ἰφικλέους
1425 1565 1635 1593 κατασκευ-

201 1611 397 1661 ασθῆναι,
439 1621 502 1648 ατε
538 1621 628 1656 τους
659 1604 882 1675 Θορπιάδας
919 1624 1011 1658 τους
1047 1608 1086 1659 ἐξ
1112 1604 1375 1676 Ἡρακλέους
1392 1604 1636 1663 παραλαβὼν

201 1665 385 1706 ἔπλευσεν
403 1664 458 1712 εἰς
476 1663 648 1712 ἐκείνους
665 1659 757 1712 τοὺς
775 1661 917 1714 τόπους
937 1662 1179 1734 ἐποικήσων,
1209 1659 1262 1714 ὧς
1281 1660 1381 1706 κατὰ
1408 1665 1638 1732 συγγένειαν

202 1716 310 1777 αὗτιί
327 1715 402 1771 τὴν
416 1716 655 1773 Ἡρακλέους
671 1717 943 1789 προσήκοντας
963 1716 1030 1763 δια
1056 1716 1101 1763 τὸ
1117 1718 1247 1774 πάσης
1263 1724 1336 1791 τῆς
1352 1716 1452 1776 πρὸς
1471 1721 1638 1776 ἑσπέραν

204 1761 346 1831 κυρῖον
356 1773 555 1841 Ἡρακλέα
574 1775 772 1843 γενέσθαι.
831 1774 972 1844 Λυτη
990 1774 1080 1845 ,δὲ’
1060 1795 1087 1831 η
1109 1781 1284 1830 νῆσος,
1311 1773 1363 1826 ὥς
1382 1778 1526 1826 ἔοικεν,
1549 1777 1637 1818 ἐκα-

204 1836 305 1873 λεῖτο
329 1831 403 1885 μὲν
428 1827 618 1901 πρότερον
640 1826 841 1885 ’Ῐχνοῦσσα
866 1828 933 1875 δια
960 1829 1005 1876 τὸ
1030 1833 1095 1887 ἔσχ
1072 1850 1148 1887 χμη
1121 1834 1313 1887 ματίσθαι
1327 1837 1394 1929 ὶτῇ
1419 1834 1638 1900 περιμέτρω

205 1883 413 1941 ὁμοιότατα
442 1884 686 1957 ἀνθρωπίνῳ
711 1889 830 1941 ἴχνει,
869 1904 919 1930 ευ
933 1891 1130 1958 δαίμων
1169 1888 1220 1930 δὲ
1258 1889 1342 1930 καὶ
1373 1886 1639 1956 πάμφορος

206 1944 494 1998 ἔμπροσθεν
532 1931 727 2009 λέγεται
764 1941 907 1985 εἶναι.
975 1942 1072 1986 Τὸν
1113 1961 1210 2013 γαρ
1244 1940 1550 2012 Ἀρισταῖονζ
1583 1940 1641 1986 ὅν

208 2009 329 2065 φασι
351 1995 756 2065 γεωργικώτατον
781 1996 912 2040 εἶναι
944 1999 1022 2041 ἐπὶ
1055 2004 1149 2041 τῶν
1184 2001 1426 2055 αρχαίων,
1468 2004 1641 2042 τοῦτον

209 2049 373 2095 αυτῶν
400 2051 545 2108 ἄρξαι
571 2057 962 2108 μυθολογοῦσιν.
1020 2062 1175 2108 Propter
1195 2062 1266 2098 soli
1286 2061 1399 2110 igitur
1417 2062 1638 2097 fertilitatem

209 2115 277 2159 (ef.
298 2112 431 2151 Strabo
449 2113 497 2158 V,
527 2124 565 2160 p.
587 2115 669 2152 343.
695 2113 734 2151 G.
754 2115 941 2152 Almelov.
963 2117 1124 2154 Pausan.
1145 2117 1200 2166 X,
1220 2120 1325 2164 17,1.
1350 2128 1388 2164 Ρ.
1410 2119 1491 2157 664.
1516 2117 1638 2154 Bekk.

211 2170 325 2208 Silius
344 2169 425 2214 XII,
443 2170 527 2208 375.
546 2169 645 2205 Mela
663 2170 706 2215 11,
725 2171 780 2216 7.)
801 2171 1013 2219 Aristaeus,
1033 2184 1170 2210 numen
1191 2174 1274 2222 agri
1286 2174 1532 2222 proventibus
1555 2185 1641 2221 pro-

212 2227 376 2274 spiciens
405 2226 462 2271 (v.
479 2223 556 2262 Cio.
585 2225 633 2261 de
652 2226 698 2263 N.
715 2227 758 2263 D.
779 2228 845 2274 111,
867 2231 924 2268 18.
944 2229 1068 2277 ibique
1089 2229 1260 2268 Creuzer.
1279 2242 1318 2279 p.
1339 2231 1461 2275 564),
1483 2242 1506 2267 a
1529 2230 1642 2267 Grae-

213 2283 267 2319 cis
295 2282 438 2319 colonis
456 2281 568 2318 etiam
588 2282 626 2318 in
645 2281 819 2320 Sardinia
848 2286 968 2323 cultus
987 2290 1064 2332 est,
1092 2286 1193 2324 unde
1211 2287 1336 2324 sabula
1356 2286 1404 2322 de
1425 2287 1507 2323 eius
1528 2287 1567 2323 in
1587 2288 1642 2323 in-

213 2339 332 2376 sulam
359 2337 523 2374 adventu
547 2341 647 2374 nata.

324 2395 385 2431 Fr.
404 2397 440 2433 8.
485 2392 599 2438 [Cort.
624 2404 662 2441 Ρ.
684 2398 784 2434 1003.
831 2397 929 2434 Gerl.
962 2397 1023 2434 ed.
1043 2399 1131 2435 mai.
1150 2399 1227 2435 Ine.
1251 2402 1309 2438 38.
1337 2399 1398 2435 ed.
1420 2399 1508 2435 min.
1531 2399 1582 2445 11,
1605 2401 1642 2437 6.

214 2462 254 2498 p.
272 2455 360 2497 200,
384 2454 439 2488 lo.
467 2449 579 2485 Debr.
596 2449 644 2495 11,
664 2448 739 2499 31]
795 2451 909 2501 Apud
931 2454 1091 2491 Probum
1116 2455 1168 2500 ΙΙ,
1185 2460 1218 2499 1,
1240 2457 1298 2493 16.
1326 2455 1455 2502 (Corp.
1479 2455 1642 2492 Gramm.

215 2508 294 2544 Lat.
316 2507 403 2543 Vol.
422 2506 451 2541 1.
478 2516 518 2552 p.
538 2506 650 2550 107.)‚
670 2507 732 2552 qui
750 2506 846 2545 haee
865 2511 980 2546 verba
1000 2511 1145 2555 laudat,
1167 2521 1235 2558 pro
1254 2510 1330 2557 filio
1349 2515 1406 2547 est
1420 2512 1520 2559 filia,
1539 2511 1640 2547 haud

218 2562 329 2600 dubie
343 2566 531 2609 corrupte.
587 2561 682 2599 Nam
706 2572 818 2609 quum
842 2566 1027 2614 Apollinis
1059 2571 1095 2602 et
1124 2566 1291 2614 Cyrenes
1320 2578 1395 2603 non
1419 2568 1493 2603 alia
1514 2567 1641 2614 proles

218 2623 304 2655 nota
319 2619 367 2656 sit
392 2628 503 2665 quam
523 2617 718 2653 Aristaeus
732 2645 741 2662 ‚
762 2620 828 2664 (of.
849 2619 957 2660 Serv.
978 2621 1028 2658 ad
1046 2623 1153 2670 Virg.
1174 2623 1312 2668 Georg.
1334 2623 1368 2668 1,
1399 2626 1454 2660 14.
1475 2623 1536 2667 IV,
1556 2624 1643 2661 317.

217 2674 433 2718 Pansam-X,
456 2674 512 2719 17,
529 2675 566 2711 3.
584 2683 620 2720 Ρ,
638 2674 717 2711 665.
730 2677 768 2709 et
786 2686 824 2712 v.
842 2677 1024 2714 Boeekhii
1043 2678 1240 2725 Explicatt.
1264 2677 1314 2713 ad
1328 2678 1436 2714 Pind.
1456 2678 1565 2726 Pyth.
1578 2678 1640 2713 IX.

216 2740 255 2775 p.
268 2731 370 2774 324.)
399 2729 489 2765 nihil
510 2732 566 2765 est
584 2729 839 2776 verisimilius,
863 2743 971 2779 quam
994 2732 1209 2770 Sallustium
1238 2733 1275 2769 in
1296 2732 1407 2770 huius
1430 2734 1554 2769 fabula
1577 2743 1640 2768 ex·
