1774 3002
0 0 9 207 Ι
521 163 851 204 HISTORIARUM
880 162 1191 204 FRAGMENTA.
1243 165 1329 203 LlB.
1360 164 1422 202 m:
1611 158 1696 204 275

244 292 427 350 potens,
454 289 570 335 inani
593 288 748 348 'specie
765 289 1077 350 magistratus,
1110 289 1274 350 pellere
1295 288 1589 335 dominatione
1614 289 1687 334 in-

245 374 425 434 cipiam,
453 375 704 434 quantoque
730 372 866 418 tutius
894 372 1025 418 factio
1048 371 1283 418 noxiorum
1306 375 1425 433 agat,
1447 387 1577 432 quam
1601 372 1683 418 soli

209 467 234 502 4
248 457 514 503 innocentes
586 454 675 501 Sed
710 459 885 515 praeter
926 470 1050 515 spem
1092 456 1250 501 bonam
1289 470 1346 501 ex
1383 455 1532 510 vobis,
1572 470 1685 516 quae

249 542 410 587 metum
440 540 563 594 vicit,
589 538 722 584 statui
758 538 1005 585 certaminis
1033 539 1225 585 advorsa
1261 553 1341 598 pro
1376 537 1575 585 libertate
1596 554 1685 599 po-

207 638 230 673 5
246 621 369 668 tior-a·
384 636 488 668 esse
513 621 753 679 sortiviro,
774 637 905 683 quam
925 620 1102 668 omnino
1126 636 1215 667 non
1241 621 1503 678 certavisse,
1525 636 1686 683 quam-

246 782 306 829 cio
325 787 453 820 vestro
471 793 604 830 parum
624 785 823 821 constaret.
852 799 908 806 —
934 782 1004 818 Pro
1024 781 1113 828 quid
1134 780 1233 818 Cort.
1256 786 1293 818 et
1312 781 1531 819 Gerlachius
1561 783 1599 818 in
1619 781 1683 819 ed.

246 839 335 875 mai.
355 840 505 876 soloece
524 838 661 875 habent
680 839 789 886 quod.
808 858 862 863 —
879 837 945 875 Ius
964 850 988 873 a
1009 837 1206 874 maioribus
1217 838 1379 874 relictum
1400 838 1683 886 intelligendum

247 895 295 931 de
318 895 512 932 tribunicia
530 899 734 942 potestate;
766 894 898 930 eadem
918 896 964 931 ab
985 894 1089 931 Sulla
1108 905 1229 941 paene
1251 895 1396 930 sublata
1419 894 1552 931 dicitur
1571 895 1641 932 hoc
1658 907 1682 931 α

246 951 352 988 Sulla
362 958 541 999 paratum
557 953 756 990 servitium.
778 970 835 976 -—-
851 951 1114 988 Dium-endum
1132 950 1244 998 fuit,
1278 951 1380 998 quod
1406 951 1521 988 codd.
1549 963 1681 988 omnes

246 1012 392 1052 tenent,
422 1009 460 1044 in
481 1008 604 1044 multis
633 1007 721 1044 edd.
750 1012 888 1043 temere
909 1012 1087 1044 mutatum
1114 1007 1153 1042 in
1179 1007 1265 1043 diss.
1295 1007 1496 1055 fuisset,·
1528 1009 1578 1045 cs.
1600 1009 1682 1057 lug.

244 1063 432 1109 LXXXV,
453 1067 510 1102 48.
545 1063 647 1108 Quae
667 1066 709 1100 εἰ
726 1064 836 1100 dubia
854 1068 1026 1109 essent,
1047 1067 1168 1100 tamen
1188 1065 1306 1101 omm's
1323 1063 1434 1101 bonos
1460 1065 1684 1112 reipublicae

219 1141 224 1145 ·
243 1120 435 1157 subventu
452 1120 660 1157 docebat.
691 1125 728 1156 et
751 1131 788 1157 v.
807 1121 990 1168 Kruegeri
1012 1120 1176 1157 Gramm.
1197 1121 1260 1157 lat.
1279 1123 1313 1164 S.
1335 1116 1419 1160 640.
1440 1132 1480 1168 p.
1498 1125 1581 1162 875.
1603 1126 1678 1158 not.

234 1179 280 1215 3.
299 1195 361 1206 -·
380 1178 451 1213 Pro
475 1177 750 1225 docendumque
774 1177 859 1213 Vat.
879 1181 915 1215 2.
934 1178 1089 1224 praebet
1107 1178 1348 1225 docendique,
1370 1177 1471 1224 quod
1484 1178 1606 1215 Faber
1626 1179 1682 1215 iu-

243 1231 414 1270 consulto
433 1234 596 1281 recepit3
615 1238 691 1270 tam
706 1238 784 1269 arte
808 1233 906 1269 enim
925 1233 1000 1270 duo
1015 1235 1132 1271 verba
1151 1234 1375 1277 cohaerent,
1395 1238 1434 1271 ut
1454 1236 1681 1272 constructio

242 1291 376 1326 mutari
399 1294 579 1337 nequeat,
601 1291 691 1337 quin
706 1295 808 1326 recta
823 1289 972 1326 dicendi
996 1291 1090 1327 ratio
1109 1291 1274 1338 graviter
1297 1291 1482 1328 laedatur.

355 1350 391 1390 s.
411 1350 449 1384 2.
470 1346 596 1391 Nunc)
621 1347 701 1383 Hac
734 1347 916 1393 particula
940 1347 1103 1383 breviter
1130 1347 1314 1383 indicatur
1347 1358 1532 1394 praesens
1561 1359 1681 1396 eaque

244 1412 336 1438 vera
354 1413 479 1438 rerum
490 1403 682 1448 condicio,
705 1403 908 1439 sententiae
923 1403 1164 1449 praecedenti
1184 1404 1380 1440 contraria.
1398 1404 1522 1449 Quare
1543 1416 1679 1443 sensus

244 1462 321 1494 est:
350 1469 462 1506 quum
490 1469 581 1495 vero
606 1459 702 1495 haec
731 1460 858 1495 omnia
886 1459 993 1495 vobis
1023 1460 1221 1496 notissima
1248 1461 1335 1496 sint.
1364 1461 1412 1497 V.
1442 1461 1505 1496 ad.
1530 1461 1611 1510 Iug.
1642 1474 1678 1499 c.

244 1514 431 1560 LXXXV,
454 1517 510 1553 13.
531 1527 571 1562 p.
595 1518 679 1554 450.
709 1516 759 1551 ib.
781 1515 889 1560 XIV,
918 1518 974 1555 17.
1005 1520 1042 1551 et
1067 1514 1099 1563 §.
1125 1519 1187 1555 24
1214 1521 1252 1552 et
1280 1517 1462 1564 imprimis
1483 1518 1607 1554 Hand.
1621 1519 1678 1556 ·de

243 1571 398 1608 Particc.
418 1572 494 1607 Lat.
514 1571 601 1608 Vol.
625 1572 690 1608 lv.
717 1583 756 1620 p.
785 1575 868 1610 340.
897 1574 934 1614 S.
956 1574 1015 1610 13
1041 1592 1099 1601 —
1125 1572 1292 1610 Pn'nmm
1314 1572 1459 1611 Cortius
1477 1586 1678 1623 perperam

241 1637 312 1673 pro
333 1627 512 1664 adverbio
535 1628 667 1675 habet,
697 1628 891 1676 explicans
917 1632 1003 1664 mute
1029 1631 1165 1666 onmia.
1193 1629 1308 1667 Recte
1338 1630 1557 1686 Gerlachius
1587 1633 1680 1669 vidit

242 1683 468 1720 adiectivum
488 1695 597 1729 esse,
617 1696 691 1732 quo
712 1685 918 1722 subiectum
938 1684 1158 1731 definiatur3
1179 1697 1265 1723 nam
1286 1689 1343 1724 ire
1361 1689 1526 1735 primum
1546 1693 1605 1726 est
1623 1691 1680 1726 ire

234 1741 465 1788 prinae-pem,
484 1741 612 1778 ducem
625 1751 722 1788 esse,
739 1743 905 1789 praeire.

354 1799 389 1840 S.
405 1799 441 1835 3.
463 1796 620 1842 Solu-'Y
610 1810 637 1834 1.
655 1810 688 1834 e.
711 1799 869 1834 aliorum
889 1799 1030 1835 auxilio
1053 1798 1274 1844 destitutus3
1294 1800 1432 1847 cillug.
1453 1813 1489 1837 c.
1501 1801 1602 1847 XIV,
1618 1804 1676 1841 17.

242 1851 347 1889 End
355 1854 507 1900 patria,
536 1854 661 1899 domo,
689 1855 806 1898 solus,
835 1858 943 1901 atque
961 1857 1118 1892 omnium
1137 1855 1374 1892 honestarum
1398 1866 1525 1893 rerum
1553 1868 1675 1906 eyens,

242 1919 313 1954 quo
326 1909 526 1944 accedam?
554 1929 598 1936 —
622 1910 737 1946 Inani
752 1911 874 1956 specie
885 1912 1131 1958 mayz'stratus,
1151 1912 1176 1948 i.
1197 1923 1231 1950 e.
1246 1913 1416 1949 tribunus
1435 1914 1557 1960 plebis
1575 1916 1675 1950 omni

243 1965 459 2000 auctoritate
481 1976 550 2011 per
571 1965 714 2002 Sullam
740 1966 924 2012 privatus.
952 1966 1130 2004 Similiter
1149 1968 1282 2004 Vellei.
1303 1969 1355 2016 11,
1384 1972 1452 2014 30,
1475 1974 1512 2008 4.
1544 1971 1675 2008 Tribu-

241 2021 360 2055 niciac
378 2022 568 2067 potesta&
592 2021 697 2058 Sulla
724 2022 972 2070 imaqinem
997 2024 1183 2060 inanem
1208 2025 1419 2072 reliquerat.
1449 2047 1507 2052 —
1535 2028 1676 2074 Fadio,

242 2075 303 2111 cui
323 2077 394 2112 soli
410 2078 796 2124 opponuntur,1atinis
816 2078 916 2114 idem
936 2079 1310 2127 significabat,‘quod
1329 2083 1558 2120 recentiores
1578 2095 1674 2120 voce

242 2131 440 2168 vamur-fua
460 2132 678 2181 designan23
701 2135 752 2171 ct'.
770 2134 821 2171 ad
840 2135 921 2183 lug.
942 2147 976 2172 c.
1001 2136 1102 2181 XLI,
1128 2141 1162 2176 1.
1180 2149 1219 2184 p.
1238 2140 1324 2176 234.

354 2191 389 2231 s.
408 2191 540 2228 4—-5,
553 2195 711 2238 prada·
725 2201 830 2239 spem
846 2191 1177 2238 bonam-e-statm)
1194 2193 1354 2231 Praeter
1371 2206 1447 2231 non
1465 2197 1606 2243 pendet
1625 2208 1673 2233 ex

241 2245 367 2290 mci,
388 2246 458 2282 sed
475 2257 560 2283 eum
580 2248 811 2285 substantivo
833 2248 996 2286 iunctum
1015 2250 1332 2297 breviloquentiae
1353 2251 1510 2289 inservit
1529 2265 1614 2289 eum
1636 2255 1672 2290 in

241 2300 392 2337 modum
403 2330 412 2345 ,
435 2306 475 2338 ut
492 2314 627 2340 sensus
645 2304 712 2341 sit:
724 2309 1011 2353 praeterquam,
1026 2307 1125 2354 quod
1139 2316 1226 2355 spes
1244 2307 1338 2344 bona
1357 2313 1413 2344 est
1429 2319 1480 2345 ex
1496 2310 1605 2346 vohis.
1616 2331 1673 2337 —-

242 2358 330 2393 Post
347 2359 544 2396 cer-raveto
561 2360 598 2396 in
617 2361 789 2398 omnibus
807 2361 897 2398 edd.
915 2367 1052 2410 puncto
1073 2363 1330 2411 distinguitur,
1360 2365 1462 2412 quod
1489 2369 1674 2403 sententia

242 2414 324 2460 ipsa
350 2413 540 2462 flagitante
561 2417 600 2452 in
627 2427 774 2454 comma
797 2420 1044 2464 mutavimus3
1068 2431 1155 2456 nam
1180 2432 1294 2468 quum
1314 2420 1387 2457 hoc
1412 2421 1511 2458 dicat
1531 2424 1672 2468 Macer,

239 2479 282 2505 se
302 2471 419 2506 sotum
439 2476 627 2509 certamen
652 2473 846 2521 susprere
875 2474 1096 2514 decrevisse
1126 2482 1256 2513 contra
1283 2478 1482 2514 factionem
1504 2480 1672 2516 nobilita-

240 2526 307 2570 tis,
338 2538 562 2575 quamquam
590 2539 714 2566 orum
742 2531 810 2566 alin·
830 2532 950 2577 plebis
977 2533 1214 2570 commodum
1246 2544 1380 2580 parum
1408 2540 1559 2582 curent,
1588 2537 1670 2572 luce

239 2583 377 2620 clarius
399 2589 456 2620 est
474 2584 567 2620 haec
587 2585 639 2621 ita
655 2585 879 2632 cohaerere,
898 2593 938 2624 ut
953 2590 1095 2625 maiore
1114 2590 1408 2636 interpunctione
1428 2591 1592 2638 disiungi
1608 2603 1670 2627 ne-

240 2644 389 2685 queant.
407 2652 465 2668 -’-
486 2641 617 2678 Omnes
641 2642 708 2677 alin·
724 2645 843 2679 creati
857 2655 934 2691 pro
952 2638 1177 2683 iure'vostro
1204 2657 1279 2682 non
1303 2651 1390 2682 sunt
1415 2648 1571 2693 tribuni,
1601 2648 1670 2684 sed

239 2697 354 2732 ceteri
379 2698 639 2744 magistratus,
659 2696 796 2745 quibus
817 2701 918 2737 salus
939 2701 1076 2738 civium
1099 2714 1274 2749 suprema
1293 2703 1355 2738 lex
1382 2715 1468 2740 esse
1496 2704 1668 2740 debebat.

237 2769 294 2777 -—
311 2766 313 2768 ·
328 2752 406 2789 Vim
433 2758 602 2790 cunctam
629 2755 653 2791 i.
675 2766 709 2790 e.
732 2759 951 2802 potestatem
976 2759 1141 2795 muneris
1166 2761 1240 2795 sui.
1257 2778 1314 2785 --
1338 2759 1463 2795 Gratis
1489 2760 1549 2795 hic
1571 2761 1671 2795 valet

1308 2817 1393 2860 18*
