1774 3002
0 0 28 113 '1⁴
35 57 39 60 ‚

0 118 10 134 ,ν
95 126 101 129 .

468 206 798 250 HISTORIARUM
812 203 1137 245 FRAGMENTA.
1197 203 1284 241 LIB.
1316 203 1344 238 I.
1575 193 1632 239 ³9

182 338 348 393 faciunt
371 336 610 383 advorsum
632 331 907 394 tyrannidem
925 330 974 376 L.
996 328 1162 384 Sullae,
1193 342 1271 383 ne,
1294 340 1407 389 quae
1433 324 1518 386 ipsi
1542 339 1628 371 ne·—

185 421 317 470 sanda
333 418 600 474 aestumatis,
626 431 679 463 ea
698 428 851 479 parum
875 413 1095 460 credendo
1117 412 1172 458 de
1195 410 1307 467 aliis,
1333 409 1629 456 circumveni-

141 560 144 563 ’
185 560 256 606 Qui
276 569 389 607 quum
408 556 602 603 viderent,
632 565 698 592 sua
715 554 916 602 plurimum
945 553 1147 594 interesse,
1168 559 1214 585 ne
1237 547 1364 586 Sullae
1386 549 1493 595 leges
1512 550 1550 584 et
1574 548 1628 584 in-

185 616 311 654 stituta
329 615 555 660 tollerentur,
589 613 639 647 ita
664 621 711 647 ex
732 608 1024 647 eius'voluntate
1043 604 1316 655 pependerunt,
1343 608 1381 641 ut
1403 604 1477 648 ille,
1500 605 1538 641 in
1558 601 1629 640 Cu-

183 683 295 709 mano
314 682 382 709 suo
401 669 584 720 piscando
605 672 641 704 et
654 666 828 705 venando
845 665 1007 709 deditus,
1031 663 1271 700 nihilominus
1288 660 1543 710 gubernacula
1558 661 1629 696 rei-

183 728 354 777 publicae
368 731 496 764 tenere
509 725 723 769 videretur;
748 733 792 760 ac
809 734 850 760 re
866 733 958 759 vera
972 722 1101 764 tenuit,
1123 721 1209 756 lieet
1224 718 1374 755 nomine
1389 721 1492 755 esset
1505 717 1630 766 priva-

185 790 266 830 tus;
289 786 334 821 cf.
349 783 534 821 Plutarch.
551 784 588 818 in
604 780 708 818 Sulla
723 792 756 817 e.
771 781 828 818 37.
856 769 917 816 Οὖ
934 769 1014 826 μὴν
1029 768 1224 813 ἐπαύσατό
1239 786 1283 824 γε
1299 772 1371 811 τοῦ
1383 765 1569 824 πράττειν
1581 765 1631 809 τὰ

187 834 368 891 δημόσια·
398 835 495 877 δέκα
524 833 598 886 μὲν
625 828 704 887 γὰρ
731 828 878 886 ἡμέρας
910 831 1134 884 ἔμπροσθεν
1161 831 1231 881 τῆς
1257 829 1435 880 τελευτῆς
1468 820 1559 874 τοὺς
1586 825 1630 866 ἕν

187 894 425 949 Δικαιαρχίᾳ
460 886 735 939 στασιάζοντας
775 884 984 937 διαλλάξας
1012 882 1138 938 νόμον
1165 884 1340 938 ἔγραψεν
1372 877 1507 931 αὐτοῖς
1533 879 1630 922 καθ’

186 946 235 992 ὃν
266 948 571 991 πολιτεύσονται.
622 950 715 986 Hinc
749 949 964 995 intelligitur
1000 958 1066 983 cur
1096 944 1261 993 Lepidus
1291 945 1342 979 ita
1369 943 1416 980 de
1440 941 1547 980 Sulla
1575 943 1630 978 lo-

187 1015 340 1059 quatur,
369 1009 477 1057 quasi
496 1008 529 1044 is
553 1006 676 1043 adhuc
697 1007 777 1053 ipse
797 1003 1100 1041 crudelissimum
1121 1006 1158 1038 et
1182 1000 1455 1047 iniquissimum
1477 1000 1514 1034 in
1533 1009 1630 1035 rem·

186 1067 372 1115 publicam
400 1065 596 1112 imperium
625 1065 830 1099 exerceret.
882 1061 1016 1097 Ptimis
1044 1063 1169 1095 autem
1192 1058 1410 1094 consulatus
1434 1057 1628 1093 mensibus

187 1125 301 1170 [anuo
321 1124 378 1161 78.
402 1132 437 1158 a.
460 1120 544 1158 Chr.
564 1118 618 1169 n.]
638 1118 857 1162 orationem,
890 1127 1001 1164 quam
1021 1114 1222 1153 Sallustius
1243 1114 1422 1158 servavit,
1443 1122 1467 1148 a
1486 1111 1629 1160 Lepido

186 1181 347 1218 habitam
367 1189 474 1222 esse,
499 1175 612 1213 valde
632 1176 836 1212 verisimile
858 1177 936 1220 est,
967 1183 1080 1220 quum
1097 1182 1144 1208 ex
1165 1171 1341 1218 Appiano
1362 1173 1507 1217 pateat,
1543 1180 1627 1206 eum

187 1237 307 1274 statim
328 1243 482 1272 munere
502 1234 592 1269 inito
612 1232 739 1270 Sullae
760 1236 843 1268 acta
866 1229 1084 1266 rescindere
1105 1231 1280 1265 conatum
1304 1237 1415 1272 esse;
1445 1226 1492 1262 cs.
1521 1225 1569 1262 de
1588 1225 1630 1262 B.

188 1293 308 1338 Civ.1‚
329 1294 409 1331 105.
424 1301 463 1338 p.
478 1292 546 1329 149
563 1301 619 1337 sq.
653 1281 786 1339 ’Ἄρτι
806 1277 844 1324 δ’
865 1277 1173 1329 ἀποστάντος
1192 1274 1347 1320 αὐτοῦ
1363 1275 1630 1330 (τοῦΣύλλα),

178 1341 360 1398 ‘Quint
377 1343 506 1396 φόνου
524 1342 593 1382 καὶ
609 1341 842 1395 τυραννίδος
861 1334 1164 1391 ἀπαλλαγέντες,
1185 1332 1345 1391 ἡσυχῇ
1372 1331 1440 1376 πά
1447 1338 1469 1375 λ
1480 1351 1529 1375 ιν
1555 1334 1632 1375 ἐπὶ

187 1399 384 1449 στάσεις
399 1397 788 1453 ὖπεῤῥιπίζοντο
808 1396 852 1436 ἕτ
864 1395 985 1449 έρας.
1025 1393 1103 1434 Καὶ
1116 1389 1259 1433 ὕπατοι
1272 1387 1406 1441 αὐτοῖς
1419 1392 1631 1432 καθίσταν-

187 1471 250 1499 ται
274 1452 437 1505 Κόῖντός
463 1469 504 1496 τε
524 1451 693 1504 Κάτλος,
713 1447 791 1493 ἀπὸ
811 1455 891 1492 τῶν
909 1451 1131 1501 Συλλείων,
1151 1448 1218 1489 καὶ
1240 1447 1416 1497 Λέπιδος
1434 1448 1629 1500 Αἰμίλιος,

188 1509 271 1555 ἀπὸ·
288 1516 368 1554 τῶν
388 1511 586 1562 ἐναντίων,
608 1509 775 1562 ἐχθίστω
792 1523 832 1549 τε
850 1502 1051 1561 ἀλλήλοιν,
1082 1505 1165 1546 καὶ
1191 1499 1346 1553 εὐθὺς
1368 1499 1631 1558 ἀρξαμένω

189 1569 533 1623 διαφέρεθθαι.
588 1570 811 1606 Consulatus
843 1568 1005 1604 inibatur
1032 1567 1116 1604 Kal.
1140 1563 1348 1611 Ianuarii53
1378 1566 1424 1602 cs.
1444 1563 1495 1601 'ad
1520 1563 1629 1601 Catil.

188 1630 328 1674 xvm,
353 1632 387 1668 4.
410 1640 446 1676 p.
468 1631 526 1667 88.
548 1630 583 1662 et
604 1626 778 1663 Creuzeri
798 1626 947 1673 Antiqq;
969 1624 1077 1660 Rom.
1103 1626 1138 1666 s.
1163 1623 1241 1660 137.
1264 1633 1299 1669 p.
1320 1623 1400 1661 187.
1424 1620 1484 1657 ed.
1504 1621 1547 1658 Π.

300 1686 335 1729 S.
360 1689 393 1724 1.
443 1684 637 1722 clementia
660 1686 697 1719 et
723 1682 889 1731 probitas
910 1682 1060 1724 vostra)
1103 1678 1205 1715 Ilaec
1246 1679 1417 1725 spectare
1448 1678 1497 1714 ad
1516 1679 1630 1714 bene-

191 1743 390 1780 volentiam
420 1739 643 1788 captandam
674 1743 775 1775 recte
804 1738 944 1774 iudicat
972 1735 1192 1773 Gerlachius
1226 1735 1312 1771 coll.
1342 1735 1402 1770 Fr.
1438 1735 1473 1779 Ι,
1507 1736 1551 1773 51
1563 1764 1572 1779 ,
1594 1738 1630 1773 6.

190 1799 263 1845 Illi,
282 1800 348 1847 qui
364 1799 480 1846 yemis
500 1797 675 1833 Aemiliae
692 1796 780 1831 bene
797 1795 903 1842 facta
923 1793 1151 1838 etz-tollebam,
1173 1795 1218 1828 et
1234 1791 1525 1839 iqnoscendo
1543 1802 1629 1838 po-

182 1850 292 1903 p‘uli
308 1855 435 1891 Rom.
454 1852 827 1901 magnitudinem
847 1851 1059 1888 auxisse.
1109 1848 1186 1886 Cic.
1210 1859 1247 1894 p.
1270 1848 1382 1884 Rosa.
1403 1848 1487 1884 Am.
1516 1859 1549 1883 c.
1573 1852 1630 1893 52,

191 1915 271 1950 150.
315 1910 395 1948 Una
413 1920 500 1958 spes
516 1909 657 1946 relicua
675 1912 746 1953 esi,
775 1912 938 1944 vestra
959 1907 1182 1954 pristina
1213 1902 1400 1940 bonitas
1429 1907 1471 1940 et
1493 1904 1629 1939 mise-

191 1967 421 2004 ricordia.
435 1983 493 1990 -—
519 1966 693 2001 Maxuma*
713 1967 748 1999 el
764 1965 862 1999 clari
882 1964 978 2007 estis,
995 1962 1047 1998 ita
1066 1961 1205 1997 dictum
1225 1960 1381 1996 habetur
1396 1961 1507 1995 etiam
1524 1958 1630 1996 Catil.

194 2023 268 2058 Lm
281 2050 290 2066 ,
311 2026 345 2060 1.
369 2026 405 2057 et
418 2022 499 2068 lug.
520 2021 628 2063 XIV,
651 2022 708 2057 19.
724 2041 782 2047 —
818 2020 1022 2056 Advorsum
1042 2021 1167 2053 tenent
1185 2017 1270 2051 Vat.
1294 2020 1327 2054 1.
1343 2019 1379 2053 2.
1400 2018 1460 2060 3.;
1484 2016 1521 2051 in
1541 2015 1630 2052 edd.

195 2081 250 2114 est
271 2078 482 2114 adversus.
531 2075 702 2112 Ceterum
722 2086 797 2110 non
818 2075 994 2121 coniungi
1015 2074 1125 2109 debet
1147 2074 1181 2108 ti
1187 2082 1284 2108 mor
1303 2072 1553 2108 advorsum
1574 2075 1629 2120 iy-

194 2134 405 2180 ranm‘dem,
426 2131 738 2181 quemadmodum
761 2132 896 2168 dicitur
923 2132 1062 2166 timor
1087 2129 1144 2166 ab
1165 2129 1305 2168 alieno,-
1333 2127 1403 2165 sed
1423 2129 1540 2165 verba
1561 2129 1630 2165 ad-

194 2201 339 2227 vorsum
354 2189 585 2238 tyrannidem
603 2187 767 2235 pendent
785 2199 831 2223 ex
847 2187 1085 2224 nominativis
1100 2187 1203 2223 clem.
1226 2185 1379 2232 etp-ob.-
1398 2185 1472 2221 hoc
1492 2194 1607 2222 sensu
1620 2200 1630 2220 ε

195 2257 331 2295 quum
351 2246 581 2295 monadem
600 2255 657 2282 ex
685 2245 885 2281 adverso
903 2241 1361 2290 habeant;9e9en13ber
1385 2242 1454 2277 der
1477 2240 1630 2279 Gewall-

131 2311 135 2313 “
195 2302 432 2350 herrschaf13
451 2303 498 2339 cf.
519 2302 599 2349 Iug.
623 2301 700 2345 CV,
721 2303 756 2339 4.
779 2311 817 2348 p.
839 2302 920 2339 571.
938 2320 996 2327 —
1031 2300 1157 2335 Verba
1175 2309 1234 2344 ne,
1263 2307 1358 2346 quae
1376 2299 1450 2345 ipsi
1464 2299 1633 2346 nefanda

196 2360 403 2397 aestumatis
436 2359 508 2395 hoc
550 2357 680 2394 ordine
715 2357 889 2405 leguntur
918 2357 955 2392 in
992 2356 1114 2392 Vatic.
1152 2359 1184 2393 1.
1214 2358 1249 2393 2.
1283 2357 1318 2392 3.
1349 2359 1386 2390 et
1418 2353 1503 2390 eod.
1533 2355 1632 2399 Urs.‚

197 2427 306 2463 quem
334 2415 551 2452 Gerlachius
580 2418 615 2450 et
647 2414 805 2451 Orellius
834 2417 935 2449 recte
963 2414 1215 2449 restituerunt.
1252 2411 1463 2457 Depravate
1485 2410 1632 2447 Coruus

197 2473 346 2520 scripsit
373 2480 421 2507 ne
447 2472 518 2518 ipsi
539 2470 703 2518 nefanda
725 2481 821 2518 qaae
842 2469 1074 2509 aesmmatis,·
1099 2467 1273 2505 vitiosius
1293 2468 1404 2503 etiarn
1425 2470 1501 2512 est,
1531 2466 1632 2514 quod

197 2528 370 2565 Putschio
400 2531 550 2564 auctore
580 2525 682 2562 dedit
705 2527 894 2563 Weissius
923 2536 971 2563 ne
998 2528 1093 2571 aut,
1119 2524 1190 2571 ipsi
1207 2523 1374 2571 nefanda
1396 2533 1493 2570 quae
1509 2525 1630 2560 aestu--

198 2586 320 2631 matis,
339 2582 521 2632 particula
539 2586 604 2619 aut
617 2594 663 2619 ex
683 2582 834 2620 libidine
860 2583 981 2627 illata,
1004 2593 1077 2630 qua
1098 2591 1172 2616 non
1192 2591 1287 2627 opus
1308 2584 1365 2616 est
1388 2579 1439 2615 ad
1458 2579 1631 2627 opposita

198 2642 401 2679 sententiae
432 2641 597 2676 membra
624 2638 899 2687 distinguenda.
918 2659 976 2665 ——-
1009 2639 1082 2674 Pro
1113 2639 1342 2682 aestumatis,
1371 2635 1472 2684 quod
1500 2646 1631 2672 omnes

198 2696 310 2734 codd.
331 2699 467 2740 tenent,
489 2696 525 2731 in
540 2696 770 2743 interpolatis
784 2696 871 2732 edd.
890 2700 946 2732 est
960 2696 1200 2739 mmm,
1220 2694 1301 2730 sine
1316 2704 1454 2730 caussa
1472 2692 1629 2736 idonea;

199 2753 247 2788 οἵ.
281 2754 330 2790 ad
358 2752 435 2790 Cat.
459 2752 564 2797 VIII,
593 2755 638 2790 2·
653 2751 786 2798 LVIII,
816 2755 874 2792 18.
893 2774 951 2780 —
986 2751 1324 2789 Circumveniamini
1342 2750 1366 2785 i.
1390 2761 1422 2785 e.
1443 2750 1631 2797 opprima-

200 2809 305 2852 nani,-
325 2810 372 2846 et‘.
396 2808 445 2846 ad
465 2806 543 2845 Cat.
564 2806 737 2853 XXXIX,
758 2811 792 2846 9.
813 2828 870 2836 -
906 2808 1010 2853 Quae
1041 2810 1245 2855 sequuntur
1270 2807 1388 2843 verba
1407 2806 1632 2852 praesertim
