1774 3002
124 169 207 212 328
601 171 640 208 C.
675 170 904 209 SALLUSTI
934 171 1086 210 CRISPI

263 301 332 343 23.
390 296 520 369 Coria
555 311 708 343 recens
745 296 939 342 detracta
967 296 1093 358 quasi
1132 298 1304 359 glutino
1335 299 1570 348 adolesce-

125 382 241 427 bant.

125 524 200 556 tam
229 519 344 563 servi,
367 529 477 565 quam
495 521 670 567 pastores
698 519 865 566 fugitivis
892 530 979 556 sese
1013 519 1276 568 adiungentes,
1304 521 1406 570 quod
1431 534 1500 569 per
1522 527 1572 559 to-

124 581 201 613 tum
233 577 309 611 sere
336 576 472 611 bellum
493 574 625 619 fiebat;
650 575 696 610 cs.
724 575 911 612 Plutarch.
943 577 981 612 in
1011 575 1137 614 Crass.
1159 589 1192 614 e.
1209 581 1244 616 9.
1302 574 1380 622 Καὶ
1400 590 1492 630 προ
1505 590 1570 624 ςε

124 630 327 683 γίνοντο
347 626 525 668 πολλοὶ
545 630 639 667 τῶν
661 622 847 670 αυτόθι
868 627 1098 695 βοτήρων
1117 629 1204 670 καὶ
1232 631 1468 698 ποιμένες
1497 649 1569 671 αυ-

125 690 246 735 τοῖς,
279 687 451 737 πλῆκται
470 683 537 724 καὶ
555 681 748 733 ποδώκεις
768 681 920 738 ἅνδρες,
951 702 1007 726 ων
1023 681 1114 734 τους
1132 685 1203 738 μὲν
1226 683 1404 738 ὥπλιζον,
1428 693 1509 737 τοῖς
1531 687 1573 728 δὲ

124 739 364 796 προδρόμοις
399 741 465 780 καὶ
498 744 632 792 ψιλοῖς
663 740 842 794 ἐχρῶντο.
901 746 976 783 Res
1003 747 1163 783 sortasse
1195 748 1291 784 sacta
1320 753 1377 785 est
1407 750 1443 785 in
1480 761 1571 796 agro

125 803 314 845 Thurino,
346 813 419 848 quo
441 801 645 847 Spartacus
673 813 719 837 ex
742 802 861 839 Gallia
892 803 1074 866 cisalpina
1096 815 1294 851 regressus
1324 817 1366 842 se
1396 807 1569 850 contulit;

126 872 162 896 v.
184 859 347 922 Appian.
371 859 413 894 Β.
434 858 473 897 (3
489 859 516 900 Ι,
538 861 617 902 117,
644 864 738 895 extr.
789 850 844 894 Τα
866 850 906 895 δ’
929 852 1002 926 ὅρη
1021 851 1068 896 τὰ
1066 855 1177 924 περὶ
1200 858 1393 925 Θουρίους
1413 858 1480 899 καὶ
1499 853 1572 911 τὴν

124 908 242 954 πόλιν
274 906 401 977 αυτὴν
421 909 631 964 κατέλαβε,
667 911 734 951 καὶ
757 909 902 979 χρυσὸν
922 911 993 964 μὲν
1013 907 1040 964 ἢ
1060 909 1236 978 ἄργυρον
1260 909 1351 963 τοὺς
1379 912 1572 968 ἐμπόρους

125 968 299 1023 ἕςφέρειν
313 964 471 1019 ἔκωλυε,
493 967 559 1008 καὶ
576 971 794 1021 κεκτῆσθαι
815 964 904 1018 τούς
927 968 1087 1010 ἑαυτοῦ·
1114 967 1270 1022 μόνον
1293 970 1342 1012 δὲ
1362 973 1572 1040 σίδηρον

126 1025 210 1067 καὶ
230 1020 421 1093 χαλκὸν
444 1020 669 1066 ὠνοῦντο
681 1028 902 1092 πολλοῦ,
933 1026 1007 1094 καὶτ
1020 1021 1111 1075 τοὺς
1131 1027 1363 1080 ἒςφέροντας
1383 1023 1457 1069 οὐκ
1483 1024 1571 1081 ἠδί-

124 1098 242 1125 κουν·
263 1078 362 1124 ὅθεν
376 1076 530 1136 ἆθρόας
544 1078 640 1134 υλης
651 1076 935 1150 εὐπορήσαντες
955 1098 1006 1124 ευ
1027 1082 1482 1137 παρεσκευάσαντο,
1505 1100 1572 1125 και

124 1134 279 1193 θαμινα
299 1138 362 1180 ἐπὶ
386 1139 589 1192 λεηλασίας
599 1135 781 1211 ἐξῄεσαν.
833 1137 1035 1192 Ῥωμαίοις
1061 1155 1101 1180 τε
1128 1139 1251 1181 παλιν
1278 1142 1572 1210 συνενεχθέντες

125 1197 163 1246 ἒς
183 1200 313 1265 χεῖρας
333 1193 525 1250 ἐκρατουν
544 1195 611 1236 καὶ
631 1193 727 1246 τότε,
751 1195 818 1236 καὶ
840 1198 941 1245 λείας
959 1200 1105 1250 πολλῆς
1134 1197 1315 1251 γέμοντες
1339 1195 1569 1254 ἕπανήεσαν.

125 1258 231 1295 Certe
252 1259 289 1294 in
309 1258 473 1294 Lucania
492 1256 586 1292 haec
609 1257 796 1293 accidisse
819 1262 946 1304 aperte
967 1257 1079 1294 tradit
1101 1257 1256 1296 Servius
1276 1259 1326 1296 ad
1344 1259 1451 1306 Virg.
1473 1259 1569 1295 Aen.

124 1315 305 1360 V1,632.‚
336 1325 562 1362 quamquam
590 1313 702 1350 huius
732 1319 767 1350 et
799 1315 988 1362 sequentis
1014 1315 1250 1362 Fragmenti‚
1280 1316 1342 1388 ubi
1371 1329 1420 1354 v.
1423 1317 1572 1361 ‚verba

123 1373 216 1409 mire
238 1371 468 1408 deformans.
1575 1410 1578 1413 Δ

236 1429 297 1466 Fr.
318 1432 375 1467 23.
409 1426 523 1477 [Cort.
544 1439 582 1475 p.
607 1431 688 1467 991.
726 1428 823 1465 Gerl.
842 1428 904 1464 ed.
925 1429 1011 1465 mai.
1032 1428 1096 1473 IV,
1118 1432 1182 1468 29.
1198 1428 1259 1466 ed.
1280 1430 1371 1465 min.
1391 1429 1458 1474 IV,
1478 1434 1512 1467 5.
1532 1441 1571 1477 p.

122 1486 203 1533 225,
224 1489 257 1524 9.
282 1486 393 1522 Debr.
418 1485 479 1530 ΙΙΙ,
501 1488 559 1523 41.
581 1485 640 1531 ΙΙΙ,
660 1483 738 1534 80]
775 1485 902 1522 Verba
916 1485 1011 1522 haec
1039 1486 1224 1522 artissime
1247 1486 1467 1523 cohaesisse
1488 1497 1571 1522 cum

124 1542 378 1590 praecedente
395 1543 635 1589 Fragmento,
662 1542 711 1578 ita
733 1546 771 1578 ut
791 1542 885 1578 inter
906 1542 979 1578 hoc
998 1547 1033 1578 et
1054 1542 1145 1579 illud
1161 1554 1283 1590 pauca
1305 1546 1444 1582 tantum
1463 1544 1573 1579 inter·

125 1599 314 1645 cederent,
334 1600 539 1636 luculenter
562 1603 663 1645 patet
687 1609 734 1635 ex
752 1598 852 1635 Flori
874 1603 910 1635 et
925 1600 1092 1636 Frontini
1114 1600 1151 1636 ll.
1170 1601 1231 1646 11.;
1248 1600 1321 1637 hoc
1341 1600 1440 1636 enim
1458 1601 1573 1648 signi-

124 1656 255 1693 ficatur
277 1660 383 1693 scuta
403 1667 450 1692 ex
471 1656 673 1695 viminibus
695 1656 912 1701 intormam
942 1667 1096 1703 parmae
1127 1658 1310 1704 equestris
1333 1657 1429 1693 facta
1460 1658 1572 1694 coriis

124 1713 276 1750 inducta
292 1724 378 1750 esse
399 1723 533 1749 recens
549 1712 738 1757 detractis,
761 1723 855 1759 quae
876 1713 923 1749 ob
946 1713 984 1748 id
1007 1714 1113 1760 quasi
1135 1715 1276 1760 glutino
1298 1712 1571 1750 adolescerent.

124 1771 245 1811 Locus
267 1771 372 1807 varie
393 1770 526 1806 citatus
558 1769 777 1816 plenissime
806 1773 927 1805 exstat
959 1769 1061 1817 apud
1097 1769 1207 1806 Serv.
1232 1762 1410 1817 adVirg.
1433 1770 1570 1818 Georg.

123 1827 184 1872 ΙΙΙ,
206 1830 272 1865 155
287 1853 300 1875 ,
316 1827 380 1863 ubi
402 1830 523 1863 tamen
546 1827 640 1863 falso
666 1826 803 1874 legitur
831 1823 940 1862 veluti
954 1827 1101 1874 ylutine.
1158 1827 1252 1863 Nam
1281 1831 1321 1863 ut
1349 1830 1573 1863 testarentur

124 1884 358 1932 grammatici
379 1882 595 1920 Sallustium
618 1893 693 1925 non
711 1883 833 1931 ylulen
854 1882 1010 1929 dixisse,
1045 1883 1114 1920 sed
1135 1884 1323 1931 =alutinum,
1344 1883 1571 1930 compluries

125 1942 197 1978 hoc
217 1942 390 1988 exemplo
413 1941 472 1977 usi
497 1945 605 1984 sunt,
635 1941 740 1976 velut
763 1938 907 1976 Charis.
929 1940 955 1986 1,
979 1943 1035 1986 17,
1055 1943 1114 1978 65.
1145 1951 1182 1987 p.
1214 1942 1272 1978 48.
1302 1939 1410 1978 Lind.
1431 1940 1487 1988 (p.
1512 1943 1571 1980 67.

124 1999 197 2044 Ρ.),
227 1998 289 2045 qui
320 1997 428 2033 affert
456 1995 566 2045 q'uasi
587 1997 727 2044 ylutino
755 1996 1022 2033 adolescebant.
1076 1996 1178 2033 ldem
1198 1997 1227 2044 Ι,
1252 2001 1310 2042 21,
1340 1999 1416 2035 114.
1446 2009 1484 2044 p.
1512 1999 1581 2036 76..

125 2054 232 2090 Lind.
248 2056 306 2102 (p.
327 2057 405 2101 106.
428 2054 490 2099 P.)
508 2053 940 2102 qlutino'adolescebant.
993 2054 1207 2101 Philargyr.
1230 2053 1280 2090 ad
1306 2054 1414 2100 Virg.
1435 2054 1573 2101 Georg.

127 2112 187 2155 IV,
208 2114 269 2149 40.
333 2111 407 2147 Hic
438 2111 574 2158 ylutino
605 2110 846 2147 adolescebat.
873 2109 1045 2158 Denique
1074 2109 1230 2147 Servius
1260 2110 1310 2146 ad
1339 2111 1457 2147 verba
1485 2110 1573 2146 Vir-

125 2167 203 2214 gilii
233 2167 327 2203 Aen.
353 2168 417 2211 VI,
446 2170 529 2206 632.
582 2168 848 2214 „Flectuntque
879 2168 1044 2215 salignas
1078 2168 1278 2203 umbonum
1312 2167 1450 2204 cratis“
1477 2166 1573 2203 haec

125 2227 297 2259 annotat·
324 2228 363 2259 ut
390 2223 479 2260 dicit
499 2223 698 2261 Sallustius
721 2223 767 2259 de
789 2225 971 2261 Lucanis:
1009 2223 1080 2268 Qui
1106 2224 1151 2259 de
1176 2225 1306 2260 vimine
1330 2223 1435 2272 facea
1455 2228 1573 2268 scula,

125 2280 329 2317 recentibus
349 2281 523 2316 detractis
542 2282 664 2325 coriis,
686 2282 793 2327 quasi
810 2281 946 2327 ylutino
965 2281 1232 2316 adolescebant.
1253 2300 1300 2306 —-
1326 2280 1468 2325 Quibus
1489 2291 1574 2316 cum

60 2361 62 2365 -
125 2336 375 2384 praecedente
396 2337 619 2384 Fragmento
640 2338 865 2386 comparatis
886 2341 986 2383 patet
1010 2337 1266 2373 tantummodo
1293 2337 1363 2373 tria
1385 2340 1575 2384 postrema

127 2395 242 2431 verba
261 2393 426 2441 genuina
445 2404 552 2437 esse,
587 2396 710 2428 cetera
731 2392 902 2429 Servium
924 2404 972 2428 ex
1001 2393 1153 2429 libidine
1183 2394 1234 2429 ita
1263 2394 1479 2429 immutasse
1494 2421 1503 2438 ,
1535 2397 1576 2429 ut

127 2453 335 2487 structurae
357 2450 538 2486 rationem
560 2459 717 2496 prorsus
738 2453 980 2495 perverteret.
1030 2449 1157 2486 'Potius
1180 2450 1278 2486 enim
1298 2449 1444 2496 periodi
1465 2459 1572 2496 prae-

127 2506 296 2543 cedentis
328 2517 479 2543 sensum
507 2505 832 2552 comprehendens
861 2506 986 2542 verbis
1019 2507 1082 2554 qui
1106 2506 1151 2542 de
1172 2507 1302 2542 vimine
1321 2505 1427 2553 facta
1452 2509 1569 2549 scuta,

129 2564 283 2600 verbum
304 2563 571 2608 adolescebant,
600 2561 701 2609 quod
724 2562 825 2608 apud
846 2561 1059 2599 Sallustium
1081 2564 1184 2599 coria
1206 2563 1410 2599 subiectum
1431 2561 1570 2605 habuit,

130 2618 179 2655 ad
204 2621 268 2667 qui
287 2620 494 2656 subiectum
518 2619 651 2663 retulit,
680 2619 878 2665 inepteque
906 2628 1036 2655 recens
1064 2619 1285 2655 adverbium
1300 2647 1309 2664 ,
1337 2618 1428 2654 satis
1448 2617 1572 2653 firma»

130 2680 204 2712 tum
226 2675 276 2712 ad
296 2675 432 2723 Georg.
446 2676 508 2720 111,
529 2679 623 2719 151.,
644 2675 682 2711 in
702 2674 928 2711 adiectivum
951 2675 1119 2719 mutavit,
1150 2686 1245 2722 quae
1265 2674 1390 2711 omnia
1410 2675 1463 2710 ita
1484 2684 1571 2709 con—

130 2732 213 2768 fusa
237 2735 333 2776 sunt,
358 2736 398 2768 ut
420 2733 457 2767 in
479 2725 612 2770 iustam
633 2732 851 2768 sententiam
872 2732 972 2766 coire
995 2736 1191 2778 nequeant.
1238 2729 1501 2767 Adolescebant
1518 2730 1572 2766 in-

128 2789 292 2824 solenter
311 2788 360 2824 ita
378 2789 553 2835 positum,
575 2793 613 2824 ut
631 2789 783 2835 propria
798 2791 942 2824 constet
962 2788 1013 2823 ad
1030 2788 1235 2834 particulae
1251 2787 1331 2831 vis,
1357 2797 1430 2833 qua
1445 2797 1573 2822 acces-
