1774 3002
101 227 102 230 *
150 165 239 229 274
639 172 680 210 c,
711 172 941 213 SALLUSTI
972 174 1122 214 caism

156 297 372 359 dumque,
407 313 518 360 quas
555 300 611 345 ob
640 300 822 347 iniurias
848 303 890 346 et
921 302 1124 362 quotiens
1156 317 1182 347 a
1209 301 1407 362 patribus
1438 302 1604 347 armata

156 381 310 441 plebes
335 384 617 442 secessisset,
649 385 800 446 utique
830 385 1026 431 vindices
1062 385 1310 446 paravisset
1336 383 1478 429 omnis
1496 383 1602 429 iuris

158 466 227 511 sui
264 467 464 513 tribunos
492 467 648 528 plebei.
698 469 822 514 Nunc
858 467 1022 514 hortari
1061 469 1192 514 modo
1219 468 1427 515 relicuum
1459 470 1526 513 est
1561 469 1645 515 et2

155 549 219 595 ire
265 550 452 609 primum
496 550 589 605 via,
635 565 722 610 qua
763 552 1084 611 capessundam
1125 553 1311 599 arbitror
1347 551 1602 597 libertatem.

154 633 307 695 Neque
344 649 413 680 me
449 633 677 694 praeterit,
711 637 897 695 quantas
924 649 1034 696 opes
1068 636 1304 682 nobilitatis
1333 636 1480 693 solus,
1515 635 1642 685 im-3

156 795 270 831 menti
292 798 370 831 est:
393 795 495 830 illam
514 795 639 842 legem
658 795 831 832 omnibus
853 795 989 833 Italicis
1011 807 1130 843 usque
1152 796 1201 832 ad
1221 795 1363 835 Padum
1378 807 1604 845 pergravem

158 853 296 897 fuisse,
326 863 576 899 magnamque
607 852 700 899 ipsis
732 853 899 889 attulisse
935 854 1145 889 molestiam
1175 858 1283 900 atque
1312 854 1604 891 incommodum.

160 909 304 953 Quodsi
325 909 419 945 haec
448 908 658 945 emendatio
691 921 837 946 summa
862 910 1120 957 probabilitate
1142 922 1217 947 non
1245 916 1366 958 caret,
1390 913 1418 948 F
1421 912 1604 959 ragmenti

161 966 266 1002 locus
289 966 358 1002 erit
375 971 462 1013 post
480 967 516 1012 I,
539 971 595 1004 15.
610 996 618 1011 ,
641 967 702 1002 ubi
726 972 1018 1004 consentaneum
1044 971 1102 1004 est
1121 966 1357 1015 Sallustium,
1379 968 1604 1005 commemo-

157 1026 239 1059 rata
260 1024 443 1059 maiorum
474 1034 564 1059 cura
590 1035 658 1070 pro
690 1024 819 1060 Italica
849 1029 981 1071 gente,
1013 1024 1060 1060 de
1091 1025 1285 1072 iniquitate
1315 1026 1411 1073 legis
1442 1025 1604 1062 Liciniae

158 1079 305 1116 Muciae
330 1091 406 1117 non
428 1081 592 1116 siluisse.

269 1137 328 1174 Fr.
345 1141 402 1176 82.
425 1136 539 1182 [Cort.
563 1149 599 1184 p.
622 1139 846 1176 967—978.
867 1137 967 1173 Gerl.
990 1136 1052 1173 ed.
1074 1138 1160 1174 mai.
1181 1138 1248 1182 III,
1273 1141 1331 1176 22.
1352 1138 1414 1174 ed.
1434 1139 1522 1175 min.
1543 1139 1605 1183 111,

158 1198 193 1231 1.
214 1205 252 1241 p.
270 1197 352 1233 209.
371 1194 480 1230 Debr.
501 1195 560 1239 III,
577 1197 624 1232 98
636 1195 687 1239 a.]
709 1194 811 1230 Haec
827 1194 944 1230 oratio
968 1198 1088 1230 exstat
1104 1195 1141 1230 in
1162 1194 1275 1231 codd.
1298 1195 1456 1241 Vatice„
1469 1195 1605 1240 Ciacc.,

157 1250 283 1286 Ursin.
307 1256 343 1287 et
365 1251 534 1293 Balliol.,
567 1251 613 1286 de
644 1252 778 1298 quibus
800 1262 838 1286 v.
868 1252 989 1287 Praef.
1014 1251 1147 1287 Habita
1169 1255 1226 1287 est
1249 1263 1270 1288 a
1299 1252 1440 1288 Licinio
1463 1252 1604 1296 Macro,

156 1308 219 1353 qui
251 1319 283 1344 a.
311 1310 367 1347 73.
397 1319 430 1344 a.
465 1306 549 1344 Chr.
581 1319 616 1343 n.
649 1309 818 1344 tribunus
848 1309 969 1354 plebis
1009 1308 1058 1344 ad
1088 1308 1355 1344 restituendam
1381 1313 1603 1356 potestatem

154 1364 388 1401 tribuniciam
414 1366 562 1411 plebem
596 1365 750 1401 incitare
784 1365 945 1410 studuit,
980 1376 1076 1412 quae
1105 1366 1290 1402 contentio
1314 1365 1401 1402 inde
1430 1377 1452 1402 a
1479 1365 1605 1403 Sullae

158 1426 276 1459 morte
296 1423 498 1458 nobilitatis
521 1422 763 1459 adversarios
785 1422 964 1458 exercuit.
1003 1422 1149 1458 Initium
1173 1434 1208 1459 a.
1230 1423 1287 1461 78.
1311 1423 1451 1459 fecerat
1469 1423 1518 1458 M.
1539 1422 1606 1459 Le-

157 1478 291 1525 pidus,
318 1490 340 1514 a
362 1478 491 1515 Catulo
513 1480 721 1526 ceterisque
743 1479 980 1526 optimatibus
1002 1490 1221 1526 oppressus.
1249 1479 1352 1515 Idem
1367 1481 1510 1516 frustra
1529 1483 1607 1515 ten-

157 1539 304 1572 taverat
323 1536 362 1571 L.
386 1535 548 1573 Sicinius
571 1548 606 1572 a.
628 1537 700 1581 76„
725 1547 837 1583 quum
857 1536 1029 1583 proximo
1052 1547 1149 1572 anno
1174 1537 1306 1572 consul
1327 1535 1369 1572 C.
1390 1535 1495 1572 Cotta
1518 1537 1605 1583 lege

159 1593 235 1628 lata
257 1592 413 1629 tribunis
440 1593 562 1639 plebis
582 1604 714 1629 rursus
739 1593 882 1639 aliquid
901 1593 1092 1640 dignitatis
1112 1593 1273 1629 addidit.
1297 1594 1407 1630 Anno
1427 1596 1513 1640 post
1530 1594 1606 1638 (74.

158 1660 193 1685 a.
216 1648 319 1694 Chr.)
341 1650 380 1685 L.
405 1649 576 1694 Quintius
598 1654 759 1685 conatus
789 1654 847 1685 est
875 1651 956 1685 iura
984 1650 1215 1686 tribunorum
1246 1650 1366 1695 plebis
1396 1650 1605 1694 restituere,

158 1705 402 1742 vehementer
422 1707 609 1742 obnitente
631 1707 670 1743 L.
693 1706 869 1752 Lucullo,
888 1707 945 1741 cui
969 1706 1029 1741 ille
1049 1710 1238 1752 postremo
1262 1710 1384 1742 tamen
1407 1706 1607 1742 concessit.

157 1759 302 1799 Deinde
323 1774 438 1811 quum
459 1763 629 1799 nonnulli
650 1763 713 1798 alii
733 1762 893 1798 eandem
919 1774 998 1798 rem
1019 1763 1100 1798 sine
1123 1773 1305 1798 successu
1326 1763 1543 1810 agitassent,
1566 1761 1606 1798 C.

158 1820 324 1866 Licinius
345 1821 472 1856 Macer
488 1821 648 1864 exstitit,
671 1825 707 1855 et
729 1820 911 1855 acerrime
932 1820 970 1855 in
999 1823 1169 1855 senatum
1200 1823 1236 1854 et
1262 1830 1406 1866 paucos
1435 1823 1606 1866 potentes

159 1878 352 1923 invectus,
379 1889 451 1925 quo
472 1877 532 1913 ius
561 1889 583 1913 a
611 1876 716 1913 Sulla
737 1881 905 1923 ereptum
926 1887 1057 1912 rursus
1085 1879 1370 1923 extorquerent,
1391 1876 1492 1923 plebi
1523 1886 1608 1913 sua-

161 1934 230 1979 sit,
255 1939 292 1970 ut
312 1935 478 1971 militiam
503 1934 769 1980 detrectarent,
790 1944 913 1980 neque
936 1943 1091 1980 operam
1112 1943 1219 1968 suam
1236 1932 1402 1980 patriciis
1418 1932 1474 1971 ,ad
1495 1933 1608 1968 ullam

162 2002 242 2027 rem
263 1991 557 2028 commodarent.
593 1991 671 2028 Sed
697 2001 810 2038 quum
838 1994 991 2026 senatus
1012 1990 1139 2037 paullo
1157 1994 1242 2026 ante
1271 1990 1355 2036 lege
1378 1989 1551 2025 Terentia
1572 1992 1609 2023 et

163 2048 296 2085 Cassia
316 2049 557 2084 frumentaria
579 2050 636 2093 (v.
658 2048 754 2083 infra
782 2047 831 2083 ad
857 2050 892 2090 §-
922 2048 997 2092 19.)
1029 2047 1178 2094 plebem
1207 2046 1437 2093 aliquantum
1465 2045 1609 2082 demul-

163 2107 298 2150 sisset,
336 2110 372 2141 et
404 2106 590 2153 quaedam
619 2105 666 2141 de
695 2103 927 2141 restituenda
959 2103 1156 2139 tribunicia
1182 2107 1366 2150 potestate
1395 2103 1608 2150 promittere

162 2161 375 2207 videretur,
397 2173 443 2197 ne
467 2167 540 2199 tum
561 2161 714 2209 quidem
734 2161 912 2206 Licinius,
932 2160 1034 2208 quod
1055 2160 1191 2205 voluit,
1213 2160 1363 2195 erficere
1384 2160 1516 2207 potuit,
1534 2161 1610 2194 tota

163 2228 204 2254 re
225 2220 264 2254 in
284 2219 449 2265 Pompeii
471 2220 706 2255 consulatum
724 2222 926 2265 protracta.
951 2236 996 2242 ——
1020 2217 1073 2252 De
1101 2216 1219 2253 Macri
1247 2217 1410 2252 oratoria
1437 2217 1610 2252 facultate

163 2270 216 2311 el'.
237 2275 312 2312 Cic.
336 2276 440 2311 Brut.
462 2288 495 2311 c.
516 2278 561 2314 67
574 2304 582 2320 ,
599 2278 681 2314 238.
722 2275 806 2311 Non
826 2278 910 2311 erat
926 2274 1138 2320 abundans,
1159 2285 1232 2309 non
1253 2275 1358 2321 inops
1376 2277 1517 2318 tamen,
1536 2282 1610 2308 non

164 2333 270 2368 valde
295 2334 434 2378 nitens,
467 2343 541 2368 non
563 2333 680 2378 plane
699 2332 855 2367 horrida
883 2333 1001 2367 oratio
1013 2346 1023 2371 ,-
1052 2341 1145 2376 νοω,
1175 2336 1297 2377 9estus
1322 2334 1358 2366 et
1380 2331 1496 2373 omnis
1515 2329 1609 2364 actio

163 2391 243 2425 sine
261 2391 387 2436 lepore
394 2404 406 2430 ;
425 2394 465 2424 at
483 2389 707 2424 inveniendis
726 2388 1054 2435 componendisque
1083 2387 1193 2423 rebus
1221 2388 1316 2423 mira
1345 2387 1552 2430 accuratio,
1571 2387 1611 2420 ul

166 2457 241 2482 non
258 2447 372 2494 facile
397 2447 435 2481 in
460 2447 531 2481 ullo
553 2446 813 2492 diliqentiorem
840 2445 1331 2491 maioremquecoynoverim
1344 2472 1353 2490 ,
1384 2443 1452 2479 sed
1472 2452 1560 2478 eam·
1571 2444 1612 2476 ut

167 2504 272 2540 citius
299 2503 555 2539 veteratoriam
582 2513 693 2549 quam
719 2503 921 2537 oratoriam
949 2501 1103 2537 diceres.
1153 2501 1228 2537 Hic
1257 2502 1363 2536 etiam
1394 2501 1431 2536 in
1453 2497 1611 2546 publicis

169 2562 292 2595 causis
309 2559 560 2606 probabatur,
582 2563 701 2594 tamen
721 2560 758 2593 in
773 2559 933 2605 privatis
951 2558 1183 2594 illustriorem
1203 2557 1382 2593 obtinebat
1404 2557 1533 2592 locum.

284 2619 317 2658 S.
339 2620 371 2654 1.
393 2615 435 2652 Si
447 2627 589 2663 parum
606 2616 894 2659 eoeistumaretis)
904 2615 1005 2650 Haec
1022 2614 1149 2650 laudat
1163 2613 1294 2649 Donat.
1309 2613 1357 2649 ad
1368 2610 1611 2647 Ter.Phor1n.

168 2673 196 2718 Ι,
218 2678 251 2718 l,
274 2677 332 2711 ll.
352 2674 579 2709 existumare
594 2672 724 2708 dicens
744 2683 812 2719 pro
833 2676 1041 2707 aestumare
1059 2671 1235 2718 positum,
1257 2668 1507 2717 quodfalsum
1526 2677 1612 2702 esse

169 2730 404 2767 ostendimus
431 2730 479 2765 ad
503 2730 606 2766 Catil.
624 2742 656 2766 c.
676 2729 779 2775 VIII,
803 2733 837 2766 2.
857 2740 894 2775 p.
919 2731 976 2766 43.
1002 2732 1037 2762 et
1062 2727 1110 2762 ad
1131 2728 1211 2774 lug.
1233 2737 1266 2762 c.
1285 2724 1473 2768 LXXXV,
1497 2726 1553 2762 14.
1573 2733 1611 2768 p.

168 2790 248 2825 451.
275 2787 417 2824 Sensus
439 2786 501 2823 hic
524 2792 598 2823 est:
625 2787 656 2823 si
679 2796 811 2834 parum
832 2785 977 2821 sciretis
999 2795 1042 2819 ac
1065 2782 1308 2827 iudicaretis3
1341 2782 1443 2825 sive,
1466 2781 1498 2816 si
1519 2779 1615 2815 iudi-
