<?xml version="1.0" encoding="UTF-8"?>
<!DOCTYPE html PUBLIC "-//W3C//DTD XHTML 1.0 Transitional//EN"
    "http://www.w3.org/TR/xhtml1/DTD/xhtml1-transitional.dtd">
<html xmlns="http://www.w3.org/1999/xhtml" xml:lang="en" lang="en">
 <head>
  <title>
</title>
<meta http-equiv="Content-Type" content="text/html;charset=utf-8" />
  <meta name='ocr-system' content='tesseract 3.04.00' />
  <meta name='ocr-capabilities' content='ocr_page ocr_carea ocr_par ocr_line ocrx_word'/>
</head>
<body>
  <div class='ocr_page' id='page_1' title='image "./operaquaesupersu03salluoft_0013.png"; bbox 0 0 1774 3002; ppageno 0'>
   <div class='ocr_carea' id='block_1_1' title="bbox 505 128 1678 169">
    <p class='ocr_par' dir='ltr' id='par_1_1' title="bbox 505 128 1678 169">
     <span class='ocr_line' id='line_1_1' title="bbox 505 128 1678 169; baseline 0 0"><span class='ocrx_word' id='word_1_1' title='bbox 505 132 571 169; x_wconf 84' lang='lat' dir='ltr'><strong>AD</strong></span> <span class='ocrx_word' id='word_1_2' title='bbox 598 130 861 169; x_wconf 76' lang='lat' dir='ltr'>ERNESTUM</span> <span class='ocrx_word' id='word_1_3' title='bbox 885 128 1316 168; x_wconf 77' lang='lat' dir='ltr'><strong>WUESTEMANNUM.</strong></span> <span class='ocrx_word' id='word_1_4' title='bbox 1608 137 1678 169; x_wconf 85' lang='lat' dir='ltr'><strong>vn</strong></span> 
     </span>
    </p>
   </div>
   <div class='ocr_carea' id='block_1_2' title="bbox 154 251 1675 2816">
    <p class='ocr_par' dir='ltr' id='par_1_2' title="bbox 158 251 1675 1801">
     <span class='ocr_line' id='line_1_2' title="bbox 174 251 1674 306; baseline -0.003 -8"><span class='ocrx_word' id='word_1_5' title='bbox 174 257 258 299; x_wconf 76' lang='lat' dir='ltr'><strong>fide</strong></span> <span class='ocrx_word' id='word_1_6' title='bbox 285 266 311 296; x_wconf 83' lang='lat' dir='ltr'><strong>a</strong></span> <span class='ocrx_word' id='word_1_7' title='bbox 332 254 488 301; x_wconf 79' lang='lat' dir='ltr'><strong>Theod.</strong></span> <span class='ocrx_word' id='word_1_8' title='bbox 507 253 665 306; x_wconf 81' lang='lat' dir='ltr'><strong>Heysio</strong></span> <span class='ocrx_word' id='word_1_9' title='bbox 685 251 937 302; x_wconf 89' lang='lat' dir='ltr'><strong>descriptum</strong></span> <span class='ocrx_word' id='word_1_10' title='bbox 965 252 1199 302; x_wconf 84' lang='lat' dir='ltr'><strong>exemplum</strong></span> <span class='ocrx_word' id='word_1_11' title='bbox 1228 251 1401 292; x_wconf 86' lang='lat' dir='ltr'><strong>Orellius</strong></span> <span class='ocrx_word' id='word_1_12' title='bbox 1432 251 1553 292; x_wconf 90' lang='lat' dir='ltr'><strong>simul</strong></span> <span class='ocrx_word' id='word_1_13' title='bbox 1582 263 1674 294; x_wconf 90' lang='lat' dir='ltr'><strong>cum</strong></span> 
     </span>
     <span class='ocr_line' id='line_1_3' title="bbox 172 319 1674 373; baseline -0.003 -8"><span class='ocrx_word' id='word_1_14' title='bbox 172 323 332 365; x_wconf 88' lang='lat' dir='ltr'><strong>Velleio</strong></span> <span class='ocrx_word' id='word_1_15' title='bbox 361 322 625 373; x_wconf 81' lang='lat' dir='ltr'><strong>evulgavita.</strong></span> <span class='ocrx_word' id='word_1_16' title='bbox 651 319 770 361; x_wconf 89' lang='lat'>1835.</span> <span class='ocrx_word' id='word_1_17' title='bbox 810 320 990 360; x_wconf 87' lang='lat' dir='ltr'><strong>Maxima</strong></span> <span class='ocrx_word' id='word_1_18' title='bbox 1016 320 1105 360; x_wconf 90' lang='lat' dir='ltr'><strong>eius</strong></span> <span class='ocrx_word' id='word_1_19' title='bbox 1135 325 1201 360; x_wconf 93' lang='lat' dir='ltr'><strong>est</strong></span> <span class='ocrx_word' id='word_1_20' title='bbox 1230 319 1269 359; x_wconf 93' lang='lat' dir='ltr'><strong>in</strong></span> <span class='ocrx_word' id='word_1_21' title='bbox 1296 319 1506 370; x_wconf 89' lang='lat' dir='ltr'><strong>plerisque</strong></span> <span class='ocrx_word' id='word_1_22' title='bbox 1534 326 1674 361; x_wconf 88' lang='lat' dir='ltr'><strong>aucto-</strong></span> 
     </span>
     <span class='ocr_line' id='line_1_4' title="bbox 172 387 1675 450; baseline -0.004 -15"><span class='ocrx_word' id='word_1_23' title='bbox 172 393 295 442; x_wconf 74' lang='lat' dir='ltr'><strong>ritas,</strong></span> <span class='ocrx_word' id='word_1_24' title='bbox 324 402 407 443; x_wconf 82' lang='lat' dir='ltr'><strong>qua</strong></span> <span class='ocrx_word' id='word_1_25' title='bbox 434 391 627 432; x_wconf 79' lang='lat' dir='ltr'><strong>effectum</strong></span> <span class='ocrx_word' id='word_1_26' title='bbox 652 394 716 430; x_wconf 91' lang='lat' dir='ltr'><strong>est</strong></span> <span class='ocrx_word' id='word_1_27' title='bbox 728 421 745 439; x_wconf 21' lang='lat' dir='ltr'><strong>,v</strong></span> <span class='ocrx_word' id='word_1_28' title='bbox 768 394 815 429; x_wconf 93' lang='lat' dir='ltr'><strong>ut</strong></span> <span class='ocrx_word' id='word_1_29' title='bbox 839 389 1013 440; x_wconf 90' lang='lat' dir='ltr'><strong>plurima</strong></span> <span class='ocrx_word' id='word_1_30' title='bbox 1041 387 1140 427; x_wconf 89' lang='lat' dir='ltr'><strong>vitia</strong></span> <span class='ocrx_word' id='word_1_31' title='bbox 1164 387 1204 450; x_wconf 73' lang='lat' dir='ltr'><strong>in</strong></span> <span class='ocrx_word' id='word_1_32' title='bbox 1235 387 1316 428; x_wconf 86' lang='lat' dir='ltr'><strong>illis</strong></span> <span class='ocrx_word' id='word_1_33' title='bbox 1347 388 1603 430; x_wconf 89' lang='lat' dir='ltr'><strong>orationibus</strong></span> <span class='ocrx_word' id='word_1_34' title='bbox 1634 394 1675 429; x_wconf 91' lang='lat' dir='ltr'><strong>et</strong></span> 
     </span>
     <span class='ocr_line' id='line_1_5' title="bbox 171 455 1674 516; baseline -0.005 -14"><span class='ocrx_word' id='word_1_35' title='bbox 171 459 377 516; x_wconf 73' lang='lat' dir='ltr'><strong>epistolis,</strong></span> <span class='ocrx_word' id='word_1_36' title='bbox 418 461 484 501; x_wconf 89' lang='lat' dir='ltr'><strong>vel</strong></span> <span class='ocrx_word' id='word_1_37' title='bbox 529 457 846 509; x_wconf 82' lang='lat' dir='ltr'>interpolatione</span> <span class='ocrx_word' id='word_1_38' title='bbox 885 459 952 498; x_wconf 83' lang='lat' dir='ltr'><strong>vel</strong></span> <span class='ocrx_word' id='word_1_39' title='bbox 992 455 1149 497; x_wconf 85' lang='lat' dir='ltr'><strong>incuria</strong></span> <span class='ocrx_word' id='word_1_40' title='bbox 1195 455 1399 496; x_wconf 90' lang='lat' dir='ltr'><strong>editorum</strong></span> <span class='ocrx_word' id='word_1_41' title='bbox 1440 461 1551 504; x_wconf 83' lang='lat' dir='ltr'><strong>orta,</strong></span> <span class='ocrx_word' id='word_1_42' title='bbox 1587 456 1674 496; x_wconf 88' lang='lat' dir='ltr'><strong>tolli</strong></span> 
     </span>
     <span class='ocr_line' id='line_1_6' title="bbox 171 523 1672 580; baseline -0.004 -10"><span class='ocrx_word' id='word_1_43' title='bbox 171 528 392 580; x_wconf 85' lang='lat' dir='ltr'><strong>potuerint.</strong></span> <span class='ocrx_word' id='word_1_44' title='bbox 442 551 501 558; x_wconf 89' lang='lat'><strong>—</strong></span> <span class='ocrx_word' id='word_1_45' title='bbox 557 528 773 567; x_wconf 78' lang='lat' dir='ltr'><strong><em>Vaticanus</em></strong></span> <span class='ocrx_word' id='word_1_46' title='bbox 811 525 851 565; x_wconf 82' lang='lat'><strong>2.</strong></span> <span class='ocrx_word' id='word_1_47' title='bbox 896 537 981 566; x_wconf 85' lang='lat' dir='ltr'><strong>sec.</strong></span> <span class='ocrx_word' id='word_1_48' title='bbox 1024 525 1115 565; x_wconf 90' lang='lat' dir='ltr'><strong>XV.</strong></span> <span class='ocrx_word' id='word_1_49' title='bbox 1155 536 1197 564; x_wconf 91' lang='lat' dir='ltr'><strong>n.</strong></span> <span class='ocrx_word' id='word_1_50' title='bbox 1234 523 1331 564; x_wconf 79' lang='lat'>649.</span> <span class='ocrx_word' id='word_1_51' title='bbox 1370 523 1459 564; x_wconf 89' lang='lat' dir='ltr'><strong>sive</strong></span> <span class='ocrx_word' id='word_1_52' title='bbox 1497 524 1672 566; x_wconf 81' lang='lat' dir='ltr'><strong>Urbinas</strong></span> 
     </span>
     <span class='ocr_line' id='line_1_7' title="bbox 170 591 1672 646; baseline -0.003 -7"><span class='ocrx_word' id='word_1_53' title='bbox 170 610 213 639; x_wconf 91' lang='lat' dir='ltr'><strong>n.</strong></span> <span class='ocrx_word' id='word_1_54' title='bbox 248 597 360 646; x_wconf 68' lang='lat'>411„</span> <span class='ocrx_word' id='word_1_55' title='bbox 396 595 679 637; x_wconf 80' lang='lat' dir='ltr'><strong>tantummodo</strong></span> <span class='ocrx_word' id='word_1_56' title='bbox 718 593 927 635; x_wconf 90' lang='lat' dir='ltr'><strong>orationes</strong></span> <span class='ocrx_word' id='word_1_57' title='bbox 957 598 1000 632; x_wconf 93' lang='lat' dir='ltr'><strong>et</strong></span> <span class='ocrx_word' id='word_1_58' title='bbox 1027 592 1227 643; x_wconf 82' lang='lat' dir='ltr'><strong>epistolas</strong></span> <span class='ocrx_word' id='word_1_59' title='bbox 1256 603 1309 632; x_wconf 88' lang='lat' dir='ltr'><strong>ex</strong></span> <span class='ocrx_word' id='word_1_60' title='bbox 1345 591 1537 633; x_wconf 85' lang='lat' dir='ltr'><strong>Historiis</strong></span> <span class='ocrx_word' id='word_1_61' title='bbox 1576 603 1672 634; x_wconf 88' lang='lat' dir='ltr'><strong>con-</strong></span> 
     </span>
     <span class='ocr_line' id='line_1_8' title="bbox 167 659 1670 711; baseline -0.004 -3"><span class='ocrx_word' id='word_1_62' title='bbox 167 665 317 708; x_wconf 76' lang='lat' dir='ltr'><strong>tineus.</strong></span> <span class='ocrx_word' id='word_1_63' title='bbox 375 665 555 707; x_wconf 81' lang='lat' dir='ltr'><strong>Collatus</strong></span> <span class='ocrx_word' id='word_1_64' title='bbox 598 668 664 703; x_wconf 89' lang='lat' dir='ltr'><strong>est</strong></span> <span class='ocrx_word' id='word_1_65' title='bbox 698 661 765 702; x_wconf 90' lang='lat' dir='ltr'><strong>hic</strong></span> <span class='ocrx_word' id='word_1_66' title='bbox 799 671 968 711; x_wconf 87' lang='lat' dir='ltr'><strong>quoque</strong></span> <span class='ocrx_word' id='word_1_67' title='bbox 1010 671 1035 698; x_wconf 91' lang='lat' dir='ltr'><strong>a</strong></span> <span class='ocrx_word' id='word_1_68' title='bbox 1078 659 1315 708; x_wconf 90' lang='lat' dir='ltr'><strong>Gerlachio‚</strong></span> <span class='ocrx_word' id='word_1_69' title='bbox 1352 660 1427 700; x_wconf 90' lang='lat' dir='ltr'><strong>sed</strong></span> <span class='ocrx_word' id='word_1_70' title='bbox 1472 660 1670 702; x_wconf 85' lang='lat' dir='ltr'><strong>minorem</strong></span> 
     </span>
     <span class='ocr_line' id='line_1_9' title="bbox 168 727 1670 784; baseline -0.003 -10"><span class='ocrx_word' id='word_1_71' title='bbox 168 737 352 784; x_wconf 75' lang='lat' dir='ltr'><strong>praestat</strong></span> <span class='ocrx_word' id='word_1_72' title='bbox 389 744 510 784; x_wconf 87' lang='lat' dir='ltr'><strong>quam</strong></span> <span class='ocrx_word' id='word_1_73' title='bbox 547 733 647 771; x_wconf 43' lang='lat' dir='ltr'><strong>Vati</strong></span> <span class='ocrx_word' id='word_1_74' title='bbox 674 731 709 770; x_wconf 89' lang='lat'><strong>1.</strong></span> <span class='ocrx_word' id='word_1_75' title='bbox 744 730 784 770; x_wconf 93' lang='lat' dir='ltr'><strong>in</strong></span> <span class='ocrx_word' id='word_1_76' title='bbox 819 727 1089 768; x_wconf 85' lang='lat' dir='ltr'><strong>emendandis</strong></span> <span class='ocrx_word' id='word_1_77' title='bbox 1127 727 1309 769; x_wconf 87' lang='lat' dir='ltr'><strong>Sallustii</strong></span> <span class='ocrx_word' id='word_1_78' title='bbox 1349 728 1488 770; x_wconf 86' lang='lat' dir='ltr'><strong>verbis</strong></span> <span class='ocrx_word' id='word_1_79' title='bbox 1523 728 1670 769; x_wconf 84' lang='lat' dir='ltr'><strong>utilita-</strong></span> 
     </span>
     <span class='ocr_line' id='line_1_10' title="bbox 170 796 1669 849; baseline -0.003 -7"><span class='ocrx_word' id='word_1_80' title='bbox 170 806 264 842; x_wconf 86' lang='lat' dir='ltr'><strong>tem.</strong></span> <span class='ocrx_word' id='word_1_81' title='bbox 306 824 366 830; x_wconf 91' lang='lat'><strong>—-</strong></span> <span class='ocrx_word' id='word_1_82' title='bbox 417 803 629 841; x_wconf 78' lang='lat' dir='ltr'><strong>Vaticanus</strong></span> <span class='ocrx_word' id='word_1_83' title='bbox 665 798 730 849; x_wconf 85' lang='lat'><strong>3.,</strong></span> <span class='ocrx_word' id='word_1_84' title='bbox 775 796 899 837; x_wconf 88' lang='lat' dir='ltr'><strong>hodie</strong></span> <span class='ocrx_word' id='word_1_85' title='bbox 944 807 1027 836; x_wconf 91' lang='lat' dir='ltr'><strong>non</strong></span> <span class='ocrx_word' id='word_1_86' title='bbox 1070 796 1245 847; x_wconf 85' lang='lat' dir='ltr'><strong>amplius</strong></span> <span class='ocrx_word' id='word_1_87' title='bbox 1290 796 1502 846; x_wconf 83' lang='lat' dir='ltr'><strong>cognitus,</strong></span> <span class='ocrx_word' id='word_1_88' title='bbox 1552 797 1669 838; x_wconf 89' lang='lat' dir='ltr'><strong>cuius</strong></span> 
     </span>
     <span class='ocr_line' id='line_1_11' title="bbox 167 863 1670 917; baseline -0.001 -9"><span class='ocrx_word' id='word_1_89' title='bbox 167 867 367 910; x_wconf 85' lang='lat' dir='ltr'><strong>lectiones</strong></span> <span class='ocrx_word' id='word_1_90' title='bbox 397 868 559 908; x_wconf 91' lang='lat' dir='ltr'><strong>Ludov.</strong></span> <span class='ocrx_word' id='word_1_91' title='bbox 596 866 734 906; x_wconf 86' lang='lat' dir='ltr'><strong>Carrio</strong></span> <span class='ocrx_word' id='word_1_92' title='bbox 760 877 786 905; x_wconf 91' lang='lat' dir='ltr'><strong>a</strong></span> <span class='ocrx_word' id='word_1_93' title='bbox 807 866 991 906; x_wconf 90' lang='lat' dir='ltr'><strong>Puteano</strong></span> <span class='ocrx_word' id='word_1_94' title='bbox 1021 863 1194 915; x_wconf 87' lang='lat' dir='ltr'><strong>accepit.</strong></span> <span class='ocrx_word' id='word_1_95' title='bbox 1245 864 1464 915; x_wconf 81' lang='lat' dir='ltr'><strong>conspirat</strong></span> <span class='ocrx_word' id='word_1_96' title='bbox 1491 867 1670 917; x_wconf 91' lang='lat' dir='ltr'><strong>plerum-</strong></span> 
     </span>
     <span class='ocr_line' id='line_1_12' title="bbox 168 931 1670 987; baseline -0.002 -10"><span class='ocrx_word' id='word_1_97' title='bbox 168 948 251 987; x_wconf 89' lang='lat' dir='ltr'><strong>que</strong></span> <span class='ocrx_word' id='word_1_98' title='bbox 287 948 380 978; x_wconf 88' lang='lat' dir='ltr'><strong>cum</strong></span> <span class='ocrx_word' id='word_1_99' title='bbox 418 935 621 979; x_wconf 84' lang='lat' dir='ltr'><strong>Vaticano</strong></span> <span class='ocrx_word' id='word_1_100' title='bbox 655 935 692 974; x_wconf 91' lang='lat'><strong>1.</strong></span> <span class='ocrx_word' id='word_1_101' title='bbox 759 935 936 983; x_wconf 82' lang='lat' dir='ltr'><strong>Quartus</strong></span> <span class='ocrx_word' id='word_1_102' title='bbox 973 937 1191 983; x_wconf 88' lang='lat' dir='ltr'><strong>praeterea</strong></span> <span class='ocrx_word' id='word_1_103' title='bbox 1228 944 1326 972; x_wconf 89' lang='lat' dir='ltr'><strong>num</strong></span> <span class='ocrx_word' id='word_1_104' title='bbox 1360 931 1484 972; x_wconf 76' lang='lat' dir='ltr'><strong>suerit</strong></span> <span class='ocrx_word' id='word_1_105' title='bbox 1508 933 1670 974; x_wconf 82' lang='lat' dir='ltr'><strong>Vatica-</strong></span> 
     </span>
     <span class='ocr_line' id='line_1_13' title="bbox 165 1000 1669 1057; baseline -0.003 -11"><span class='ocrx_word' id='word_1_106' title='bbox 165 1010 266 1057; x_wconf 69' lang='grc' dir='ltr'><strong>ωε,</strong></span> <span class='ocrx_word' id='word_1_107' title='bbox 306 1004 427 1044; x_wconf 83' lang='lat' dir='ltr'><strong>valde</strong></span> <span class='ocrx_word' id='word_1_108' title='bbox 469 1002 638 1044; x_wconf 89' lang='lat' dir='ltr'><strong>dubium</strong></span> <span class='ocrx_word' id='word_1_109' title='bbox 681 1007 765 1049; x_wconf 88' lang='lat' dir='ltr'><strong>est;</strong></span> <span class='ocrx_word' id='word_1_110' title='bbox 812 1012 906 1040; x_wconf 88' lang='lat' dir='ltr'><strong>nam</strong></span> <span class='ocrx_word' id='word_1_111' title='bbox 952 1000 1021 1050; x_wconf 91' lang='lat' dir='ltr'><strong>qui</strong></span> <span class='ocrx_word' id='word_1_112' title='bbox 1062 1000 1281 1050; x_wconf 82' lang='lat' dir='ltr'><strong>aliquoties</strong></span> <span class='ocrx_word' id='word_1_113' title='bbox 1321 1006 1669 1042; x_wconf 81' lang='lat' dir='ltr'><strong>commemoratur</strong></span> 
     </span>
     <span class='ocr_line' id='line_1_14' title="bbox 163 1067 1666 1121; baseline -0.002 -8"><span class='ocrx_word' id='word_1_114' title='bbox 163 1071 388 1113; x_wconf 78' lang='lat' dir='ltr'><strong>Vaticanus</strong></span> <span class='ocrx_word' id='word_1_115' title='bbox 424 1069 663 1121; x_wconf 76' lang='lat' dir='ltr'><strong>Bongarsii,</strong></span> <span class='ocrx_word' id='word_1_116' title='bbox 702 1081 785 1110; x_wconf 91' lang='lat' dir='ltr'><strong>non</strong></span> <span class='ocrx_word' id='word_1_117' title='bbox 813 1068 978 1108; x_wconf 87' lang='lat' dir='ltr'><strong>videtur</strong></span> <span class='ocrx_word' id='word_1_118' title='bbox 1007 1067 1200 1109; x_wconf 89' lang='lat' dir='ltr'><strong>diversus</strong></span> <span class='ocrx_word' id='word_1_119' title='bbox 1238 1068 1367 1109; x_wconf 81' lang='lat' dir='ltr'><strong>fuisse</strong></span> <span class='ocrx_word' id='word_1_120' title='bbox 1403 1079 1429 1107; x_wconf 90' lang='lat' dir='ltr'><strong>a</strong></span> <span class='ocrx_word' id='word_1_121' title='bbox 1459 1068 1666 1110; x_wconf 89' lang='lat' dir='ltr'><strong>Carrionis</strong></span> 
     </span>
     <span class='ocr_line' id='line_1_15' title="bbox 163 1135 1666 1190; baseline -0.001 -10"><span class='ocrx_word' id='word_1_122' title='bbox 163 1140 590 1190; x_wconf 61' lang='lat' dir='ltr'><strong>vationum—propter</strong></span> <span class='ocrx_word' id='word_1_123' title='bbox 617 1149 821 1180; x_wconf 90' lang='lat' dir='ltr'><strong>summum</strong></span> <span class='ocrx_word' id='word_1_124' title='bbox 851 1147 944 1176; x_wconf 92' lang='lat' dir='ltr'><strong>cum</strong></span> <span class='ocrx_word' id='word_1_125' title='bbox 974 1135 1044 1176; x_wconf 91' lang='lat' dir='ltr'><strong>illo</strong></span> <span class='ocrx_word' id='word_1_126' title='bbox 1075 1148 1350 1185; x_wconf 90' lang='lat' dir='ltr'><strong>consensum;</strong></span> <span class='ocrx_word' id='word_1_127' title='bbox 1379 1137 1496 1178; x_wconf 89' lang='lat' dir='ltr'><strong>cuius</strong></span> <span class='ocrx_word' id='word_1_128' title='bbox 1526 1138 1666 1179; x_wconf 89' lang='lat' dir='ltr'><strong>lectio·</strong></span> 
     </span>
     <span class='ocr_line' id='line_1_16' title="bbox 163 1204 1665 1258; baseline -0.002 -9"><span class='ocrx_word' id='word_1_129' title='bbox 163 1220 239 1249; x_wconf 89' lang='lat' dir='ltr'><strong>nes</strong></span> <span class='ocrx_word' id='word_1_130' title='bbox 272 1220 400 1258; x_wconf 88' lang='lat' dir='ltr'><strong>quum</strong></span> <span class='ocrx_word' id='word_1_131' title='bbox 425 1206 681 1257; x_wconf 87' lang='lat' dir='ltr'><strong>Bongarsius</strong></span> <span class='ocrx_word' id='word_1_132' title='bbox 697 1236 710 1257; x_wconf 85' lang='lat'><strong>,</strong></span> <span class='ocrx_word' id='word_1_133' title='bbox 743 1205 1090 1255; x_wconf 86' lang='lat' dir='ltr'><strong>quemadmodum</strong></span> <span class='ocrx_word' id='word_1_134' title='bbox 1132 1204 1233 1245; x_wconf 88' lang='lat' dir='ltr'><strong>satis</strong></span> <span class='ocrx_word' id='word_1_135' title='bbox 1270 1205 1537 1256; x_wconf 81' lang='lat' dir='ltr'><strong>probabiliter</strong></span> <span class='ocrx_word' id='word_1_136' title='bbox 1567 1217 1665 1246; x_wconf 89' lang='lat' dir='ltr'><strong>con-</strong></span> 
     </span>
     <span class='ocr_line' id='line_1_17' title="bbox 163 1272 1665 1324; baseline -0.001 -7"><span class='ocrx_word' id='word_1_137' title='bbox 163 1275 259 1318; x_wconf 89' lang='lat' dir='ltr'><strong>iecit</strong></span> <span class='ocrx_word' id='word_1_138' title='bbox 293 1275 466 1318; x_wconf 87' lang='lat' dir='ltr'><strong>Orellius</strong></span> <span class='ocrx_word' id='word_1_139' title='bbox 483 1306 493 1323; x_wconf 91' lang='lat'><strong>,</strong></span> <span class='ocrx_word' id='word_1_140' title='bbox 533 1275 724 1324; x_wconf 86' lang='lat' dir='ltr'><strong>exemplo</strong></span> <span class='ocrx_word' id='word_1_141' title='bbox 769 1273 963 1314; x_wconf 87' lang='lat' dir='ltr'><strong>editionis</strong></span> <span class='ocrx_word' id='word_1_142' title='bbox 993 1272 1301 1321; x_wconf 86' lang='lat' dir='ltr'><strong>Carrionianae‚</strong></span> <span class='ocrx_word' id='word_1_143' title='bbox 1338 1272 1379 1313; x_wconf 90' lang='lat' dir='ltr'><strong>in</strong></span> <span class='ocrx_word' id='word_1_144' title='bbox 1419 1273 1665 1315; x_wconf 81' lang='lat' dir='ltr'><strong>bibliotheca</strong></span> 
     </span>
     <span class='ocr_line' id='line_1_18' title="bbox 162 1340 1664 1393; baseline -0.003 -7"><span class='ocrx_word' id='word_1_145' title='bbox 162 1343 365 1385; x_wconf 82' lang='lat' dir='ltr'><strong>Beruensi</strong></span> <span class='ocrx_word' id='word_1_146' title='bbox 392 1347 632 1390; x_wconf 87' lang='lat' dir='ltr'><strong>asservat0‚</strong></span> <span class='ocrx_word' id='word_1_147' title='bbox 661 1341 947 1393; x_wconf 87' lang='lat' dir='ltr'><strong>ascripsisset,</strong></span> <span class='ocrx_word' id='word_1_148' title='bbox 978 1341 1151 1391; x_wconf 76' lang='lat' dir='ltr'><strong>singulis</strong></span> <span class='ocrx_word' id='word_1_149' title='bbox 1179 1340 1426 1382; x_wconf 89' lang='lat' dir='ltr'><strong>lectionibus</strong></span> <span class='ocrx_word' id='word_1_150' title='bbox 1455 1342 1534 1382; x_wconf 89' lang='lat' dir='ltr'><strong>hac</strong></span> <span class='ocrx_word' id='word_1_151' title='bbox 1564 1348 1664 1382; x_wconf 92' lang='lat' dir='ltr'><strong>nota</strong></span> 
     </span>
     <span class='ocr_line' id='line_1_19' title="bbox 161 1408 1664 1460; baseline -0.002 -6"><span class='ocrx_word' id='word_1_152' title='bbox 161 1412 301 1454; x_wconf 74' lang='lat' dir='ltr'><strong>addita</strong></span> <span class='ocrx_word' id='word_1_153' title='bbox 336 1414 446 1459; x_wconf 68' lang='lat' dir='ltr'><strong>Vct„</strong></span> <span class='ocrx_word' id='word_1_154' title='bbox 477 1421 530 1450; x_wconf 86' lang='lat' dir='ltr'><strong>ex</strong></span> <span class='ocrx_word' id='word_1_155' title='bbox 559 1421 670 1450; x_wconf 88' lang='lat' dir='ltr'><strong>novo</strong></span> <span class='ocrx_word' id='word_1_156' title='bbox 702 1410 847 1450; x_wconf 86' lang='lat' dir='ltr'><strong>codice</strong></span> <span class='ocrx_word' id='word_1_157' title='bbox 877 1421 950 1450; x_wconf 88' lang='lat' dir='ltr'><strong>eas</strong></span> <span class='ocrx_word' id='word_1_158' title='bbox 980 1408 1270 1460; x_wconf 87' lang='lat' dir='ltr'><strong>desumpsisse</strong></span> <span class='ocrx_word' id='word_1_159' title='bbox 1299 1409 1482 1451; x_wconf 88' lang='lat' dir='ltr'><strong>creditus</strong></span> <span class='ocrx_word' id='word_1_160' title='bbox 1506 1416 1585 1451; x_wconf 88' lang='lat' dir='ltr'><strong>est.</strong></span> <span class='ocrx_word' id='word_1_161' title='bbox 1605 1433 1664 1440; x_wconf 85' lang='lat'><strong>—-</strong></span> 
     </span>
     <span class='ocr_line' id='line_1_20' title="bbox 161 1475 1662 1530; baseline -0.002 -9"><span class='ocrx_word' id='word_1_162' title='bbox 161 1480 230 1521; x_wconf 84' lang='lat' dir='ltr'><strong>Ad</strong></span> <span class='ocrx_word' id='word_1_163' title='bbox 275 1479 357 1519; x_wconf 93' lang='lat' dir='ltr'><strong>hoc</strong></span> <span class='ocrx_word' id='word_1_164' title='bbox 398 1478 562 1518; x_wconf 91' lang='lat' dir='ltr'><strong>duobus</strong></span> <span class='ocrx_word' id='word_1_165' title='bbox 606 1476 842 1530; x_wconf 88' lang='lat' dir='ltr'><strong>codicibus,</strong></span> <span class='ocrx_word' id='word_1_166' title='bbox 896 1478 966 1528; x_wconf 92' lang='lat' dir='ltr'><strong>qui</strong></span> <span class='ocrx_word' id='word_1_167' title='bbox 1010 1475 1219 1516; x_wconf 87' lang='lat' dir='ltr'><strong>orationes</strong></span> <span class='ocrx_word' id='word_1_168' title='bbox 1261 1480 1303 1516; x_wconf 92' lang='lat' dir='ltr'><strong>et</strong></span> <span class='ocrx_word' id='word_1_169' title='bbox 1331 1478 1532 1528; x_wconf 88' lang='lat' dir='ltr'><strong>epistolas</strong></span> <span class='ocrx_word' id='word_1_170' title='bbox 1565 1489 1662 1518; x_wconf 93' lang='lat' dir='ltr'><strong>con-</strong></span> 
     </span>
     <span class='ocr_line' id='line_1_21' title="bbox 159 1544 1661 1596; baseline -0.002 -9"><span class='ocrx_word' id='word_1_171' title='bbox 159 1546 360 1595; x_wconf 86' lang='lat' dir='ltr'><strong>tinerent,</strong></span> <span class='ocrx_word' id='word_1_172' title='bbox 391 1557 496 1586; x_wconf 91' lang='lat' dir='ltr'><strong>usus</strong></span> <span class='ocrx_word' id='word_1_173' title='bbox 531 1550 597 1586; x_wconf 88' lang='lat' dir='ltr'><strong>est</strong></span> <span class='ocrx_word' id='word_1_174' title='bbox 625 1545 887 1595; x_wconf 83' lang='lat' dir='ltr'><strong>ciacconius,</strong></span> <span class='ocrx_word' id='word_1_175' title='bbox 925 1557 975 1586; x_wconf 90' lang='lat' dir='ltr'><strong>ac</strong></span> <span class='ocrx_word' id='word_1_176' title='bbox 1008 1550 1159 1596; x_wconf 89' lang='lat' dir='ltr'><strong>postea</strong></span> <span class='ocrx_word' id='word_1_177' title='bbox 1194 1544 1381 1584; x_wconf 89' lang='lat' dir='ltr'><strong>Ursinus.</strong></span> <span class='ocrx_word' id='word_1_178' title='bbox 1448 1545 1538 1586; x_wconf 88' lang='lat' dir='ltr'><strong>Non</strong></span> <span class='ocrx_word' id='word_1_179' title='bbox 1577 1545 1661 1585; x_wconf 83' lang='lat' dir='ltr'><strong>sue-</strong></span> 
     </span>
     <span class='ocr_line' id='line_1_22' title="bbox 158 1611 1660 1664; baseline -0.002 -9"><span class='ocrx_word' id='word_1_180' title='bbox 158 1619 256 1656; x_wconf 88' lang='lat' dir='ltr'><strong>runt</strong></span> <span class='ocrx_word' id='word_1_181' title='bbox 280 1613 338 1654; x_wconf 87' lang='lat' dir='ltr'><strong>illi</strong></span> <span class='ocrx_word' id='word_1_182' title='bbox 371 1624 544 1664; x_wconf 80' lang='lat' dir='ltr'><strong>magnae</strong></span> <span class='ocrx_word' id='word_1_183' title='bbox 571 1613 845 1662; x_wconf 87' lang='lat' dir='ltr'><strong>auctoritatis,</strong></span> <span class='ocrx_word' id='word_1_184' title='bbox 882 1625 932 1654; x_wconf 90' lang='lat' dir='ltr'><strong>ac</strong></span> <span class='ocrx_word' id='word_1_185' title='bbox 960 1613 1153 1653; x_wconf 89' lang='lat' dir='ltr'><strong>videntur</strong></span> <span class='ocrx_word' id='word_1_186' title='bbox 1187 1612 1335 1663; x_wconf 89' lang='lat' dir='ltr'><strong>perditi</strong></span> <span class='ocrx_word' id='word_1_187' title='bbox 1374 1624 1484 1654; x_wconf 88' lang='lat' dir='ltr'><strong>esse.</strong></span> <span class='ocrx_word' id='word_1_188' title='bbox 1541 1611 1660 1653; x_wconf 90' lang='lat' dir='ltr'><strong>Deni-</strong></span> 
     </span>
     <span class='ocr_line' id='line_1_23' title="bbox 162 1680 1658 1732; baseline -0.001 -10"><span class='ocrx_word' id='word_1_189' title='bbox 162 1693 244 1732; x_wconf 89' lang='lat' dir='ltr'><strong>que</strong></span> <span class='ocrx_word' id='word_1_190' title='bbox 278 1682 665 1722; x_wconf 87' lang='lat' dir='ltr'><strong>commemorandus</strong></span> <span class='ocrx_word' id='word_1_191' title='bbox 701 1683 836 1722; x_wconf 87' lang='lat' dir='ltr'><strong>codex</strong></span> <span class='ocrx_word' id='word_1_192' title='bbox 871 1681 1029 1723; x_wconf 86' lang='lat' dir='ltr'><strong>Wassii</strong></span> <span class='ocrx_word' id='word_1_193' title='bbox 1056 1680 1338 1730; x_wconf 90' lang='lat' dir='ltr'><strong>Balliolensis,</strong></span> <span class='ocrx_word' id='word_1_194' title='bbox 1377 1692 1514 1731; x_wconf 90' lang='lat' dir='ltr'><strong>neque</strong></span> <span class='ocrx_word' id='word_1_195' title='bbox 1541 1691 1658 1722; x_wconf 87' lang='lat' dir='ltr'><strong>accu-</strong></span> 
     </span>
     <span class='ocr_line' id='line_1_24' title="bbox 158 1749 1465 1801; baseline -0.002 -11"><span class='ocrx_word' id='word_1_196' title='bbox 158 1754 247 1790; x_wconf 88' lang='lat' dir='ltr'><strong>rate</strong></span> <span class='ocrx_word' id='word_1_197' title='bbox 274 1751 469 1799; x_wconf 88' lang='lat' dir='ltr'><strong>collatus,</strong></span> <span class='ocrx_word' id='word_1_198' title='bbox 493 1761 629 1800; x_wconf 89' lang='lat' dir='ltr'><strong>neque</strong></span> <span class='ocrx_word' id='word_1_199' title='bbox 654 1750 838 1790; x_wconf 88' lang='lat' dir='ltr'><strong>bonitate</strong></span> <span class='ocrx_word' id='word_1_200' title='bbox 861 1749 1046 1800; x_wconf 87' lang='lat' dir='ltr'><strong>insignis.</strong></span> <span class='ocrx_word' id='word_1_201' title='bbox 1461 1798 1465 1801; x_wconf 25' lang='grc' dir='ltr'>ι</span> 
     </span>
    </p>

    <p class='ocr_par' dir='ltr' id='par_1_3' title="bbox 154 1815 1660 2816">
     <span class='ocr_line' id='line_1_25' title="bbox 270 1815 1658 1867; baseline -0.003 -8"><span class='ocrx_word' id='word_1_202' title='bbox 270 1819 333 1859; x_wconf 89' lang='lat' dir='ltr'><strong>De</strong></span> <span class='ocrx_word' id='word_1_203' title='bbox 361 1817 509 1858; x_wconf 84' lang='lat' dir='ltr'><strong>eximio</strong></span> <span class='ocrx_word' id='word_1_204' title='bbox 538 1817 783 1867; x_wconf 84' lang='lat' dir='ltr'><strong>Fragmento</strong></span> <span class='ocrx_word' id='word_1_205' title='bbox 811 1817 902 1857; x_wconf 90' lang='lat' dir='ltr'><strong>libri</strong></span> <span class='ocrx_word' id='word_1_206' title='bbox 928 1816 1036 1857; x_wconf 89' lang='lat' dir='ltr'><strong>tertii</strong></span> <span class='ocrx_word' id='word_1_207' title='bbox 1064 1818 1159 1865; x_wconf 91' lang='grc' dir='ltr'>(ΠΙ,</span> <span class='ocrx_word' id='word_1_208' title='bbox 1198 1816 1307 1864; x_wconf 87' lang='grc'>77.),</span> <span class='ocrx_word' id='word_1_209' title='bbox 1343 1815 1464 1865; x_wconf 25' lang='lat' dir='ltr'><strong>,quod</strong></span> <span class='ocrx_word' id='word_1_210' title='bbox 1493 1815 1658 1856; x_wconf 91' lang='lat' dir='ltr'><strong>duobus</strong></span> 
     </span>
     <span class='ocr_line' id='line_1_26' title="bbox 162 1882 1659 1936; baseline -0.002 -10"><span class='ocrx_word' id='word_1_211' title='bbox 162 1885 268 1926; x_wconf 80' lang='lat' dir='ltr'><strong>loliis</strong></span> <span class='ocrx_word' id='word_1_212' title='bbox 296 1885 466 1934; x_wconf 87' lang='lat' dir='ltr'><strong>laceris,</strong></span> <span class='ocrx_word' id='word_1_213' title='bbox 502 1897 557 1926; x_wconf 86' lang='lat' dir='ltr'><strong>ex</strong></span> <span class='ocrx_word' id='word_1_214' title='bbox 584 1884 868 1935; x_wconf 90' lang='lat' dir='ltr'><strong>antiquissimo</strong></span> <span class='ocrx_word' id='word_1_215' title='bbox 898 1886 1016 1936; x_wconf 87' lang='lat' dir='ltr'><strong>primi</strong></span> <span class='ocrx_word' id='word_1_216' title='bbox 1044 1886 1110 1924; x_wconf 90' lang='lat' dir='ltr'><strong>vel</strong></span> <span class='ocrx_word' id='word_1_217' title='bbox 1150 1882 1323 1924; x_wconf 91' lang='lat' dir='ltr'><strong>secundi</strong></span> <span class='ocrx_word' id='word_1_218' title='bbox 1353 1882 1482 1922; x_wconf 89' lang='lat' dir='ltr'><strong>seculi</strong></span> <span class='ocrx_word' id='word_1_219' title='bbox 1512 1882 1659 1923; x_wconf 89' lang='lat' dir='ltr'><strong>codice</strong></span> 
     </span>
     <span class='ocr_line' id='line_1_27' title="bbox 160 1952 1658 2003; baseline -0.003 -8"><span class='ocrx_word' id='word_1_220' title='bbox 160 1953 355 2003; x_wconf 84' lang='lat' dir='ltr'><strong>servatis,</strong></span> <span class='ocrx_word' id='word_1_221' title='bbox 399 1953 648 2001; x_wconf 87' lang='lat' dir='ltr'><strong>continetur,</strong></span> <span class='ocrx_word' id='word_1_222' title='bbox 689 1963 738 1991; x_wconf 90' lang='lat' dir='ltr'><strong>ac</strong></span> <span class='ocrx_word' id='word_1_223' title='bbox 776 1952 968 1993; x_wconf 89' lang='lat' dir='ltr'><strong>mirificas</strong></span> <span class='ocrx_word' id='word_1_224' title='bbox 1010 1953 1193 1992; x_wconf 85' lang='lat' dir='ltr'><strong>virorum</strong></span> <span class='ocrx_word' id='word_1_225' title='bbox 1237 1952 1456 1990; x_wconf 89' lang='lat' dir='ltr'><strong>doctorum</strong></span> <span class='ocrx_word' id='word_1_226' title='bbox 1494 1954 1658 1990; x_wconf 88' lang='lat' dir='ltr'><strong>senten-</strong></span> 
     </span>
     <span class='ocr_line' id='line_1_28' title="bbox 157 2018 1660 2068; baseline -0.001 -7"><span class='ocrx_word' id='word_1_227' title='bbox 157 2020 238 2061; x_wconf 84' lang='lat' dir='ltr'><strong>tias</strong></span> <span class='ocrx_word' id='word_1_228' title='bbox 271 2020 481 2067; x_wconf 85' lang='lat' dir='ltr'><strong>excitavit,</strong></span> <span class='ocrx_word' id='word_1_229' title='bbox 516 2018 781 2068; x_wconf 90' lang='lat' dir='ltr'><strong>pessimeque</strong></span> <span class='ocrx_word' id='word_1_230' title='bbox 805 2020 987 2060; x_wconf 89' lang='lat' dir='ltr'><strong>habitum</strong></span> <span class='ocrx_word' id='word_1_231' title='bbox 1018 2020 1115 2060; x_wconf 90' lang='lat' dir='ltr'><strong>olim</strong></span> <span class='ocrx_word' id='word_1_232' title='bbox 1143 2019 1411 2068; x_wconf 65' lang='lat' dir='ltr'><strong>vulgabatur,</strong></span> <span class='ocrx_word' id='word_1_233' title='bbox 1438 2018 1543 2058; x_wconf 89' lang='lat' dir='ltr'><strong>haec</strong></span> <span class='ocrx_word' id='word_1_234' title='bbox 1562 2024 1660 2059; x_wconf 88' lang='lat' dir='ltr'><strong>sunt</strong></span> 
     </span>
     <span class='ocr_line' id='line_1_29' title="bbox 159 2085 1655 2136; baseline -0.001 -8"><span class='ocrx_word' id='word_1_235' title='bbox 159 2088 342 2133; x_wconf 82' lang='lat' dir='ltr'><strong>tenenda</strong></span> <span class='ocrx_word' id='word_1_236' title='bbox 373 2088 428 2128; x_wconf 92' lang='lat' dir='ltr'><strong>ad</strong></span> <span class='ocrx_word' id='word_1_237' title='bbox 463 2085 603 2126; x_wconf 88' lang='lat' dir='ltr'><strong>varios</strong></span> <span class='ocrx_word' id='word_1_238' title='bbox 646 2085 828 2136; x_wconf 86' lang='lat' dir='ltr'><strong>priorum</strong></span> <span class='ocrx_word' id='word_1_239' title='bbox 871 2087 1076 2128; x_wconf 91' lang='lat' dir='ltr'><strong>editorum</strong></span> <span class='ocrx_word' id='word_1_240' title='bbox 1115 2097 1280 2127; x_wconf 90' lang='lat' dir='ltr'><strong>errores</strong></span> <span class='ocrx_word' id='word_1_241' title='bbox 1320 2087 1655 2136; x_wconf 85' lang='lat' dir='ltr'><strong>cognoscendos.</strong></span> 
     </span>
     <span class='ocr_line' id='line_1_30' title="bbox 158 2153 1655 2205; baseline -0.001 -9"><span class='ocrx_word' id='word_1_242' title='bbox 158 2157 249 2197; x_wconf 88' lang='lat' dir='ltr'><strong>Duo</strong></span> <span class='ocrx_word' id='word_1_243' title='bbox 275 2155 344 2196; x_wconf 88' lang='lat' dir='ltr'><strong>illa</strong></span> <span class='ocrx_word' id='word_1_244' title='bbox 371 2155 468 2196; x_wconf 76' lang='lat' dir='ltr'><strong>tolia</strong></span> <span class='ocrx_word' id='word_1_245' title='bbox 495 2153 652 2205; x_wconf 91' lang='lat' dir='ltr'><strong>primus</strong></span> <span class='ocrx_word' id='word_1_246' title='bbox 689 2154 881 2205; x_wconf 89' lang='lat' dir='ltr'><strong>possedit</strong></span> <span class='ocrx_word' id='word_1_247' title='bbox 906 2156 1053 2196; x_wconf 87' lang='lat' dir='ltr'><strong>Petrus</strong></span> <span class='ocrx_word' id='word_1_248' title='bbox 1093 2154 1234 2195; x_wconf 86' lang='lat' dir='ltr'><strong>Daniel</strong></span> <span class='ocrx_word' id='word_1_249' title='bbox 1275 2153 1405 2202; x_wconf 86' lang='grc'>(1530</span> <span class='ocrx_word' id='word_1_250' title='bbox 1430 2179 1487 2185; x_wconf 92' lang='lat'><strong>——</strong></span> <span class='ocrx_word' id='word_1_251' title='bbox 1516 2155 1655 2203; x_wconf 82' lang='lat'><strong>1603),</strong></span> 
     </span>
     <span class='ocr_line' id='line_1_31' title="bbox 157 2221 1654 2273; baseline 0 -10"><span class='ocrx_word' id='word_1_252' title='bbox 157 2223 472 2266; x_wconf 87' lang='lat' dir='ltr'><strong>iurisconsultus</strong></span> <span class='ocrx_word' id='word_1_253' title='bbox 517 2221 784 2262; x_wconf 87' lang='lat' dir='ltr'><strong>doctissimus</strong></span> <span class='ocrx_word' id='word_1_254' title='bbox 831 2228 872 2262; x_wconf 90' lang='lat' dir='ltr'><strong>et</strong></span> <span class='ocrx_word' id='word_1_255' title='bbox 926 2222 1185 2273; x_wconf 89' lang='lat' dir='ltr'><strong>antiquarum</strong></span> <span class='ocrx_word' id='word_1_256' title='bbox 1227 2221 1454 2262; x_wconf 91' lang='lat' dir='ltr'><strong>litterarum</strong></span> <span class='ocrx_word' id='word_1_257' title='bbox 1499 2223 1654 2263; x_wconf 89' lang='lat' dir='ltr'><strong>studio·</strong></span> 
     </span>
     <span class='ocr_line' id='line_1_32' title="bbox 157 2289 1654 2340; baseline 0 -8"><span class='ocrx_word' id='word_1_258' title='bbox 157 2290 347 2333; x_wconf 91' lang='lat' dir='ltr'><strong>sissimus</strong></span> <span class='ocrx_word' id='word_1_259' title='bbox 382 2289 643 2338; x_wconf 89' lang='lat' dir='ltr'><strong>Parisiensis,</strong></span> <span class='ocrx_word' id='word_1_260' title='bbox 678 2289 746 2340; x_wconf 91' lang='lat' dir='ltr'><strong>qui</strong></span> <span class='ocrx_word' id='word_1_261' title='bbox 783 2301 834 2329; x_wconf 89' lang='lat' dir='ltr'><strong>ea</strong></span> <span class='ocrx_word' id='word_1_262' title='bbox 860 2290 972 2330; x_wconf 91' lang='lat' dir='ltr'><strong>haud</strong></span> <span class='ocrx_word' id='word_1_263' title='bbox 1001 2290 1125 2331; x_wconf 89' lang='lat' dir='ltr'><strong>dubie</strong></span> <span class='ocrx_word' id='word_1_264' title='bbox 1154 2302 1206 2331; x_wconf 86' lang='lat' dir='ltr'><strong>ex</strong></span> <span class='ocrx_word' id='word_1_265' title='bbox 1236 2291 1409 2331; x_wconf 88' lang='lat' dir='ltr'><strong>alicuius</strong></span> <span class='ocrx_word' id='word_1_266' title='bbox 1447 2295 1654 2332; x_wconf 84' lang='lat' dir='ltr'><strong>monaste-</strong></span> 
     </span>
     <span class='ocr_line' id='line_1_33' title="bbox 156 2357 1653 2408; baseline -0.001 -10"><span class='ocrx_word' id='word_1_267' title='bbox 156 2358 205 2399; x_wconf 88' lang='lat' dir='ltr'><strong>rii</strong></span> <span class='ocrx_word' id='word_1_268' title='bbox 246 2357 511 2406; x_wconf 89' lang='lat' dir='ltr'><strong>bibliotheca,</strong></span> <span class='ocrx_word' id='word_1_269' title='bbox 559 2369 682 2408; x_wconf 89' lang='lat' dir='ltr'><strong>quam</strong></span> <span class='ocrx_word' id='word_1_270' title='bbox 716 2357 889 2398; x_wconf 89' lang='lat' dir='ltr'><strong>coniicio</strong></span> <span class='ocrx_word' id='word_1_271' title='bbox 925 2358 1054 2398; x_wconf 82' lang='lat' dir='ltr'><strong>fuisse</strong></span> <span class='ocrx_word' id='word_1_272' title='bbox 1100 2358 1288 2399; x_wconf 89' lang='lat' dir='ltr'><strong>abbatiae</strong></span> <span class='ocrx_word' id='word_1_273' title='bbox 1320 2357 1563 2398; x_wconf 90' lang='lat' dir='ltr'><strong>Benoitinae</strong></span> <span class='ocrx_word' id='word_1_274' title='bbox 1601 2358 1653 2397; x_wconf 88' lang='lat' dir='ltr'><strong>ad</strong></span> 
     </span>
     <span class='ocr_line' id='line_1_34' title="bbox 157 2424 1654 2480; baseline -0.001 -14"><span class='ocrx_word' id='word_1_275' title='bbox 157 2426 349 2477; x_wconf 82' lang='lat' dir='ltr'><strong>Ligerim,</strong></span> <span class='ocrx_word' id='word_1_276' title='bbox 387 2425 459 2466; x_wconf 90' lang='lat' dir='ltr'><strong>ubi</strong></span> <span class='ocrx_word' id='word_1_277' title='bbox 492 2424 570 2465; x_wconf 89' lang='lat' dir='ltr'><strong>iuri</strong></span> <span class='ocrx_word' id='word_1_278' title='bbox 596 2425 775 2467; x_wconf 90' lang='lat' dir='ltr'><strong>dicundo</strong></span> <span class='ocrx_word' id='word_1_279' title='bbox 823 2431 911 2466; x_wconf 88' lang='lat' dir='ltr'><strong>erat</strong></span> <span class='ocrx_word' id='word_1_280' title='bbox 945 2427 1232 2480; x_wconf 88' lang='lat' dir='ltr'><strong>praepositus,</strong></span> <span class='ocrx_word' id='word_1_281' title='bbox 1268 2426 1346 2466; x_wconf 89' lang='lat' dir='ltr'><strong>sibi</strong></span> <span class='ocrx_word' id='word_1_282' title='bbox 1380 2426 1555 2476; x_wconf 87' lang='lat' dir='ltr'><strong>paravit.</strong></span> <span class='ocrx_word' id='word_1_283' title='bbox 1613 2426 1654 2465; x_wconf 92' lang='lat' dir='ltr'><strong>Is</strong></span> 
     </span>
     <span class='ocr_line' id='line_1_35' title="bbox 158 2493 1653 2545; baseline -0.002 -10"><span class='ocrx_word' id='word_1_284' title='bbox 158 2493 438 2544; x_wconf 87' lang='lat' dir='ltr'><strong>compluribus</strong></span> <span class='ocrx_word' id='word_1_285' title='bbox 480 2493 725 2535; x_wconf 87' lang='lat' dir='ltr'><strong>schedarum</strong></span> <span class='ocrx_word' id='word_1_286' title='bbox 761 2494 1085 2535; x_wconf 89' lang='lat' dir='ltr'><strong>memorabilium</strong></span> <span class='ocrx_word' id='word_1_287' title='bbox 1115 2494 1464 2545; x_wconf 87' lang='lat' dir='ltr'><strong>inspiciendarum</strong></span> <span class='ocrx_word' id='word_1_288' title='bbox 1494 2505 1543 2532; x_wconf 89' lang='lat' dir='ltr'><strong>ac</strong></span> <span class='ocrx_word' id='word_1_289' title='bbox 1584 2493 1653 2532; x_wconf 89' lang='lat' dir='ltr'><strong>de-</strong></span> 
     </span>
     <span class='ocr_line' id='line_1_36' title="bbox 156 2560 1653 2613; baseline -0.001 -12"><span class='ocrx_word' id='word_1_290' title='bbox 156 2560 467 2601; x_wconf 89' lang='lat' dir='ltr'><strong>scribendarum</strong></span> <span class='ocrx_word' id='word_1_291' title='bbox 497 2561 593 2601; x_wconf 75' lang='lat' dir='ltr'><strong>fecit</strong></span> <span class='ocrx_word' id='word_1_292' title='bbox 620 2563 795 2613; x_wconf 86' lang='lat' dir='ltr'><strong>copiam.</strong></span> <span class='ocrx_word' id='word_1_293' title='bbox 853 2564 898 2602; x_wconf 91' lang='lat' dir='ltr'><strong>In</strong></span> <span class='ocrx_word' id='word_1_294' title='bbox 925 2562 975 2602; x_wconf 93' lang='lat' dir='ltr'><strong>iis</strong></span> <span class='ocrx_word' id='word_1_295' title='bbox 1013 2562 1088 2603; x_wconf 87' lang='lat' dir='ltr'><strong>fuit</strong></span> <span class='ocrx_word' id='word_1_296' title='bbox 1110 2563 1302 2603; x_wconf 87' lang='lat' dir='ltr'><strong>Andreas</strong></span> <span class='ocrx_word' id='word_1_297' title='bbox 1328 2561 1546 2609; x_wconf 88' lang='lat' dir='ltr'><strong>Schottus,</strong></span> <span class='ocrx_word' id='word_1_298' title='bbox 1583 2560 1653 2611; x_wconf 91' lang='lat' dir='ltr'><strong>qui</strong></span> 
     </span>
     <span class='ocr_line' id='line_1_37' title="bbox 154 2628 1653 2679; baseline -0.001 -11"><span class='ocrx_word' id='word_1_299' title='bbox 154 2633 253 2678; x_wconf 39' lang='lat' dir='ltr'><strong>tres„</strong></span> <span class='ocrx_word' id='word_1_300' title='bbox 276 2628 499 2679; x_wconf 84' lang='lat' dir='ltr'><strong>particulas</strong></span> <span class='ocrx_word' id='word_1_301' title='bbox 535 2629 712 2672; x_wconf 60' lang='lat' dir='ltr'><strong>maiores</strong></span> <span class='ocrx_word' id='word_1_302' title='bbox 751 2636 806 2678; x_wconf 79' lang='lat' dir='ltr'><strong>(s.</strong></span> <span class='ocrx_word' id='word_1_303' title='bbox 840 2631 859 2670; x_wconf 91' lang='lat'>1</span> <span class='ocrx_word' id='word_1_304' title='bbox 880 2630 999 2678; x_wconf 81' lang='lat'><strong>-23</strong></span> <span class='ocrx_word' id='word_1_305' title='bbox 1042 2637 1078 2677; x_wconf 84' lang='lat' dir='ltr'><strong>s.</strong></span> <span class='ocrx_word' id='word_1_306' title='bbox 1114 2630 1165 2670; x_wconf 90' lang='grc'><strong>16</strong></span> <span class='ocrx_word' id='word_1_307' title='bbox 1187 2628 1413 2677; x_wconf 51' lang='lat'>—1838-</span> <span class='ocrx_word' id='word_1_308' title='bbox 1436 2628 1462 2668; x_wconf 87' lang='lat'><strong>9</strong></span> <span class='ocrx_word' id='word_1_309' title='bbox 1484 2652 1542 2657; x_wconf 84' lang='lat'><em>-</em></span> <span class='ocrx_word' id='word_1_310' title='bbox 1568 2628 1653 2674; x_wconf 93' lang='grc'>11.)</span> 
     </span>
     <span class='ocr_line' id='line_1_38' title="bbox 155 2697 1651 2753; baseline -0.001 -17"><span class='ocrx_word' id='word_1_311' title='bbox 155 2707 233 2736; x_wconf 87' lang='lat' dir='ltr'><strong>sua</strong></span> <span class='ocrx_word' id='word_1_312' title='bbox 259 2707 383 2737; x_wconf 88' lang='lat' dir='ltr'><strong>manu</strong></span> <span class='ocrx_word' id='word_1_313' title='bbox 408 2697 639 2748; x_wconf 86' lang='lat' dir='ltr'><strong>descriptas</strong></span> <span class='ocrx_word' id='word_1_314' title='bbox 670 2698 783 2739; x_wconf 91' lang='lat' dir='ltr'><strong>Iusto</strong></span> <span class='ocrx_word' id='word_1_315' title='bbox 813 2698 952 2749; x_wconf 92' lang='lat' dir='ltr'><strong>Lipsio</strong></span> <span class='ocrx_word' id='word_1_316' title='bbox 981 2697 1111 2751; x_wconf 84' lang='lat' dir='ltr'><strong>misit,</strong></span> <span class='ocrx_word' id='word_1_317' title='bbox 1142 2710 1168 2737; x_wconf 88' lang='lat' dir='ltr'><strong>a</strong></span> <span class='ocrx_word' id='word_1_318' title='bbox 1196 2709 1278 2748; x_wconf 91' lang='lat' dir='ltr'><strong>quo</strong></span> <span class='ocrx_word' id='word_1_319' title='bbox 1307 2702 1502 2747; x_wconf 89' lang='lat' dir='ltr'><strong>acceptas</strong></span> <span class='ocrx_word' id='word_1_320' title='bbox 1526 2698 1651 2753; x_wconf 68' lang='lat' dir='ltr'><strong>lanus</strong></span> 
     </span>
     <span class='ocr_line' id='line_1_39' title="bbox 154 2761 1654 2816; baseline -0.003 -12"><span class='ocrx_word' id='word_1_321' title='bbox 154 2765 295 2805; x_wconf 84' lang='lat' dir='ltr'><strong>Dousa</strong></span> <span class='ocrx_word' id='word_1_322' title='bbox 338 2765 493 2815; x_wconf 88' lang='lat' dir='ltr'><strong>primus</strong></span> <span class='ocrx_word' id='word_1_323' title='bbox 535 2765 742 2815; x_wconf 85' lang='lat' dir='ltr'><strong>evulgavit</strong></span> <span class='ocrx_word' id='word_1_324' title='bbox 782 2765 823 2806; x_wconf 89' lang='lat' dir='ltr'><strong>iu</strong></span> <span class='ocrx_word' id='word_1_325' title='bbox 858 2765 982 2814; x_wconf 91' lang='lat' dir='ltr'><strong>libro,</strong></span> <span class='ocrx_word' id='word_1_326' title='bbox 1033 2765 1103 2816; x_wconf 93' lang='lat' dir='ltr'><strong>qui</strong></span> <span class='ocrx_word' id='word_1_327' title='bbox 1154 2764 1215 2804; x_wconf 91' lang='lat' dir='ltr'><strong>sic</strong></span> <span class='ocrx_word' id='word_1_328' title='bbox 1260 2763 1517 2805; x_wconf 84' lang='lat' dir='ltr'><strong>inscribitur:</strong></span> <span class='ocrx_word' id='word_1_329' title='bbox 1567 2761 1654 2801; x_wconf 89' lang='lat' dir='ltr'><strong>lani</strong></span> 
     </span>
    </p>
   </div>
  </div>
 </body>
</html>
