1774 3002
362 210 370 217 ⁴
444 164 780 205 ms‘romARum
803 164 1117 203 FRAGMENTA.
1175 165 1263 202 Lm.
1294 166 1324 202 1.
1546 158 1605 200 93

161 289 352 338 stadium
377 290 531 350 procul
563 305 592 336 a
617 288 813 336 Gadibus
842 288 952 335 sitas
977 287 1208 334 constabat
1232 290 1392 347 suopte
1426 286 1606 347 ingenio

162 373 366 420 alimenta
392 372 646 420 mortalibus
672 371 874 436 gignere.
910 377 913 380 '
1228 397 1231 400 -
1558 396 1561 398 -

165 491 358 566 φυτεύειν
369 496 604 552 παρέχουσιν
625 489 788 551 ἀγαθὴν
815 494 884 535 καὶ
902 480 1022 535 πίονα
1051 490 1195 562 χώραν,
1228 488 1352 534 ἄλλα
1372 492 1457 534 καὶ
1486 509 1607 561 καρ-

154 550 261 601 ’πὸν
295 548 532 622 αὗτοφυῆ
570 552 816 607 φέρουσιν
843 546 1077 606 ἀποχρῶντα
1101 548 1260 616 πλήθει
1295 550 1363 591 καὶ
1396 547 1608 617 γλυκύτητι

164 608 324 665 βόσκειν
351 625 446 651 ανευ
465 606 600 650 πόνων
627 609 695 650 καὶ
713 609 975 663 πραγματείας
993 602 1237 674 σχολάζοντα
1247 608 1470 673 δῆμον.-
1487 603 1610 648 ’Ὥστε

164 667 274 723 μέχρι
303 669 382 708 τῶν
408 663 631 720 βαρβαρων
645 667 800 732 διῖχθαι
826 664 958 704 πίστιν
972 658 1149 729 ἰσχυραν,
1187 657 1333 705 αὖτὸθι
1353 658 1397 704 τὸ
1422 657 1610 704 Ἠλυσιον

165 721 268 765 εἶναι
304 723 460 774 πεδίον,
509 722 599 762 καὶ
641 716 730 774 τὴν
771 723 870 761 τῶν
905 715 1232 786 εὐδαιμόνων
1274 721 1500 773 οἴκησιν,
1546 715 1612 773 ἣν

152 776 369 845 1Ὄμηρος,-
386 790 583 831 υμνησε.
648 771 780 818 Ταῦθ’
810 772 832 818 ὃ
835 772 1073 843 Σερτώριος
1097 770 1272 824 ἀκούσας
1306 776 1461 831 ἔρωτα
1479 780 1609 816 θαυ-

167 848 358 888 μαστον
384 835 528 887 ἔσχεν
553 835 756 886 οἰκῆσαι
792 849 880 882 τας
914 829 1112 886 νήσους.
1178 837 1255 873 lam
1285 837 1464 874 universo
1495 848 1611 873 sensu

169 897 261 933 satis
280 896 461 932 illustrato
484 898 607 942 pauca
634 894 682 930 de
700 894 867 942 singulis
892 893 1019 930 verbis
1040 892 1274 930 adiiciamus.
1333 893 1477 941 Fuqam
1504 894 1609 942 aqi—

169 956 277 988 tare
298 953 382 988 est
373 964 399 988 ι.
421 963 458 999 q.
481 951 528 987 de
547 952 641 999 fuga
657 951 846 999 cogitare,
868 949 980 998 rugae
1001 950 1199 986 eonsilium
1218 950 1342 986 animo
1363 951 1533 987 volvere.
1553 968 1613 978 -

167 1009 240 1045 Pro
267 1010 405 1046 cuius
421 1008 516 1044 duas
534 1007 693 1050 Rothius
715 1007 766 1043 ad
779 1007 877 1042 Non.
896 1007 921 1042 1.
937 1007 961 1042 l.
984 1005 1145 1042 coniecit
1160 1015 1280 1053 quas
1299 1006 1412 1052 ducas,
1432 1006 1610 1043 seductus

169 1076 215 1101 eo
226 1059 249 1110 ,’
259 1064 380 1112 quod,
415 1063 603 1111 quomodo
624 1063 719 1100 haec
752 1064 870 1101 verba
889 1074 974 1099 cum
1006 1061 1320 1110 praecedentibus
1351 1063 1611 1108 cohaererent,

171 1121 483 1168 non-reputavit.
519 1139 569 1146 -—
614 1120 669 1156 De
702 1120 829 1156 verbis
860 1120 1094 1167 propinquas
1126 1120 1256 1155 inter
1287 1128 1336 1155 se
1370 1120 1419 1155 cl'.
1449 1120 1500 1156 ad
1529 1121 1611 1167 lug.

168 1176 337 1222 XCVIII,
357 1179 394 1216 3.
414 1196 472 1204 -—-
502 1175 642 1222 Malia,
671 1176 774 1223 quod
803 1175 906 1223 apud
924 1176 1085 1212 Nonium
1117 1179 1154 1212 et
1180 1176 1219 1211 in
1250 1177 1424 1212 omnibus
1444 1176 1614 1214 Sallustii

170 1233 259 1270 edd.
282 1233 407 1277 deest,
426 1233 669 1270 nebi-ossium
693 1232 810 1269 secuti
832 1233 913 1268 sine
943 1232 1120 1269 librorum
1150 1233 1366 1268 auctoritate
1396 1233 1610 1277 intulimus3

170 1301 257 1327 nam
275 1290 429 1338 vulgata
449 1290 633 1337 scriptura
652 1300 771 1336 aeque
794 1301 817 1325 a
835 1290 1109 1325 constructione
1137 1293 1247 1335 atque
1269 1300 1292 1325 a
1320 1300 1436 1325 sensu
1449 1289 1613 1336 ‘ineptis-

170 1347 267 1383 sima
288 1350 346 1383 est
367 1350 406 1382 et
424 1347 526 1382 nullo
549 1346 664 1382 modo
685 1345 852 1382 ferenda.
911 1346 1137 1392 Depravatio
1171 1349 1293 1381 autem
1326 1346 1499 1382 facillime
1524 1346 1611 1381 oriri

171 1403 309 1449 potuit,
328 1404 416 1449 quia
434 1402 562 1438 ultima
580 1402 842 1449 praecedentis
859 1402 964 1438 vocis
987 1402 1109 1437 littera
1125 1402 1182 1445 Μ,
1196 1401 1293 1437 mille
1307 1402 1450 1438 numeri
1471 1405 1611 1445 notam,

172 1459 381 1506 absorpsit,
418 1470 491 1505 qua
527 1459 695 1494 restituta
727 1458 863 1504 aliquis
904 1461 1005 1494 certe
1043 1468 1129 1493 cum
1166 1457 1365 1496 Plutarcho
1402 1468 1612 1494 consensus
1644 1487 1652 1497 .

172 1514 344 1551 efficitur.
372 1534 431 1542 —
467 1515 521 1550 De
543 1515 698 1561 genitivi
726 1515 846 1550 forma
875 1514 1034 1550 stadium
1056 1526 1095 1550 v.
1119 1512 1230 1550 Conr-
1255 1514 1370 1562 Leop.
1391 1513 1612 1552 Schneideri

174 1570 337 1607 Gramm.
358 1571 440 1607 Lat.
458 1571 545 1606 Vol.
569 1571 622 1614 ΙΙ,
645 1575 679 1609 1.
707 1582 746 1618 p.
774 1569 843 1609 69.'
857 1570 999 1617 Zumpt.
1029 1570 1193 1606 Gramm.
1220 1571 1299 1606 Lat-
1336 1581 1369 1606 c.
1400 1575 1457 1609 11.
1486 1575 1524 1615 s.
1553 1573 1612 1609 51.

173 1631 249 1663 not.
268 1629 305 1664 4.
325 1637 364 1673 p.
383 1627 441 1665 45.
463 1626 524 1662 ed.
544 1626 642 1662 VIII.
671 1626 795 1662 Bremi
817 1626 868 1662 ad
886 1626 981 1673 Nepa
999 1625 1145 1673 Agesil.
1166 1638 1199 1662 c.
1216 1625 1280 1671 IV,
1303 1631 1337 1665 1.
1394 1627 1560 1664 Gronov.
1577 1630 1614 1662 et

172 1682 453 1720 Drakenborch.
472 1682 523 1719 ad
543 1683 625 1719 Liv.
643 1682 765 1728 XXII,
784 1686 851 1727 22,
870 1687 908 1720 5.
930 1700 979 1708 -·-
1003 1682 1102 1719 Silae
1118 1693 1167 1718 ex
1186 1683 1446 1720 emendatione
1467 1683 1613 1720 Carrio-

172 1739 232 1776 nis
253 1739 472 1786 scripsimus
493 1750 563 1786 pro
582 1741 692 1783 satas,
723 1738 825 1786 quod
854 1738 957 1786 apud
976 1739 1136 1775 Nonium
1156 1740 1291 1776 lectum
1314 1750 1389 1775 non
1408 1741 1532 1777 solum
1551 1751 1612 1776 su-

172 1806 449 1843 pervacanemn
468 1799 527 1832 est
547 1799 584 1830 et
600 1796 638 1831 in
661 1796 724 1831 tali
744 1806 784 1831 re
804 1806 828 1831 a
845 1795 1033 1832 constabat
1052 1796 1169 1833 verbo
1190 1807 1310 1843 paene
1331 1797 1514 1841 alienum,
1542 1796 1614 1832 sed

176 1852 285 1889 etiam
305 1851 610 1888 antecedentibus
632 1852 760 1889 vitium
781 1852 908 1896 insert,
929 1863 1025 1899 quae
1045 1853 1126 1889 sine
1147 1853 1254 1889 verbo
1282 1864 1357 1888 non
1380 1856 1540 1900 possunt
1562 1852 1613 1887 ad

176 1909 448 1945 substantivum
469 1907 723 1944 definiendum
745 1908 953 1955 pertinere3
983 1919 1022 1943 v.
1038 1907 1159 1943 Hand.
1180 1909 1228 1944 de
1247 1910 1403 1944 Particc.
1425 1909 1502 1945 Lat.
1524 1908 1611 1943 Vol.

175 1964 206 2000 l.
225 1974 263 2009 p.
284 1965 341 2001 42.
368 1967 404 2001 2.
464 1963 583 2007 Quam
617 1965 713 1999 bene
747 1968 871 1999 autem
903 1965 1024 2000 sitas
1061 1966 1273 2000 sententiae
1299 1965 1499 2001 conveniat
1538 1974 1613 1999 non

177 2030 273 2066 opus
293 2023 351 2054 est
376 2018 646 2054 demonstrare.
668 2037 726 2044 -—·
755 2018 891 2066 Suopte
916 2020 1104 2067 inyem'o
1133 2020 1157 2055 i.
1179 2032 1213 2056 e.
1244 2032 1313 2056 sua
1340 2024 1491 2068 sponte,
1529 2021 1613 2067 ipsa

178 2080 332 2112 naturae
352 2075 410 2120 vi,
440 2075 544 2110 nulla
581 2074 748 2111 adhibita
775 2074 967 2111 hominum
1002 2086 1093 2112 cura
1126 2081 1235 2123 atque
1267 2077 1409 2113 labore.
1427 2097 1485 2103 —
1522 2075 1614 2113 Cum

179 2131 356 2168 Sallustio
378 2134 414 2165 et
431 2130 628 2167 Plutarcho
650 2142 818 2178 pugnare
839 2131 987 2168 videtur
1003 2132 1157 2178 Florus,
1181 2133 1243 2179 qui
1264 2132 1311 2168 de
1333 2133 1498 2170 Sertorio
1518 2132 1612 2169 haec

179 2186 290 2223 tradit
307 2186 377 2230 111,
404 2189 470 2231 22,
498 2190 535 2224 2.
594 2187 798 2224 Fortunam
830 2191 1009 2235 expertus
1040 2190 1307 2236 missusque
1342 2191 1383 2225 in
1418 2189 1614 2234 Oceanum

179 2244 495 2289 Fortunatasque
526 2244 666 2280 mulas
690 2245 996 2291 penetravit,·
1020 2244 1167 2281 tandem
1184 2245 1409 2292 Hispamum
1438 2247 1615 2286 amavit,-

180 2299 249 2336 sed
272 2299 377 2334 locas
398 2303 593 2346 corruptus
618 2304 694 2346 est,
722 2310 831 2347 quem
853 2301 1159 2348 ingeniosissima
1185 2302 1399 2338 coniectura
1417 2302 1615 2338 Freinshe-

178 2356 274 2391 mius
295 2354 349 2390 sic
370 2354 547 2390 restituit:
566 2355 669 2392 Fort.
689 2366 779 2404 exp.
805 2358 1032 2404 nisusque
1056 2358 1095 2393 in
1117 2356 1301 2395 Oceanum
1321 2358 1616 2406 Fortunatasque

175 2411 611 2457 inmdaspenetrare,
631 2413 775 2448 tandem
794 2412 904 2460 Hisp.
923 2415 1091 2450 amavit.
1121 2434 1171 2439 —
1209 2414 1435 2451 Fortunatas
1462 2416 1613 2460 insulas,

179 2477 272 2513 quas
291 2470 444 2513 propter
462 2470 615 2502 naturae
635 2469 834 2505 bonitatem
852 2473 985 2516 poetae
1005 2470 1166 2506 maxime
1195 2471 1246 2505 ita
1275 2482 1526 2516 exornavere,
1562 2476 1614 2515 ut,

179 2533 274 2568 quae
295 2533 431 2558 aureae
452 2523 582 2558 aetatis
606 2523 760 2565 felicitas
782 2524 899 2561 fuisse
922 2525 1108 2570 ereditur,
1129 2537 1212 2562 eam
1231 2526 1378 2563 illarum
1400 2527 1616 2564 habitatori-

179 2579 248 2614 bus
270 2578 416 2615 abunde
436 2578 640 2626 contigisse
659 2581 854 2627 vulgatum
874 2586 995 2627 esset,
1029 2581 1129 2617 unde
1155 2582 1282 2628 opinio
1309 2584 1467 2620 invaluit
1495 2583 1618 2620 beatos

181 2634 229 2670 ibi
245 2634 375 2671 sedem
390 2634 528 2671 habere
539 2663 549 2678 ,
570 2635 712 2681 primus
732 2632 935 2675 celebravit
949 2638 1133 2674 Homerus
1153 2637 1191 2672 in
1203 2637 1419 2686 Odysst,
1434 2642 1504 2678 563
1518 2651 1615 2686 sqq„

122 2701 127 2706 ’
181 2693 258 2726 tum
279 2690 468 2727 Hesiodus
489 2690 585 2738 Opp.
601 2694 637 2726 et
656 2691 702 2726 D.
722 2701 757 2728 v.
789 2694 858 2731 1¹20
873 2705 956 2740 sqq.
992 2695 1053 2730 ubi
1087 2707 1126 2731 v.
1155 2694 1344 2742 Gottling„
1371 2699 1408 2731 et
1432 2695 1615 2731 Pindarus

182 2744 330 2793 olymp.
348 2746 400 2791 Π,
424 2747 470 2785 77
493 2757 548 2792 sq.
578 2745 628 2783 ad
655 2757 765 2794 quem
784 2747 907 2787 locum
926 2761 966 2787 v.
987 2748 1156 2788 Boeekh.
1173 2750 1212 2786 in
1230 2745 1427 2800 Expti'cau.
1451 2762 1490 2799 p.
1511 2754 1613 2795 131.;
