1774 3002
141 160 227 202 360
623 162 662 199 C.
698 162 929 201 SALLUSTI
959 163 1110 201 CRISPI

274 294 315 335 4.
368 289 563 334 Peractis
595 287 881 348 septuaginta
916 286 1041 333 annis
1084 289 1278 334 armatus
1315 302 1476 350 equum
1513 287 1586 333 in-

140 371 271 418 silire.
552 435 558 440 ᾗ

277 458 316 500 5.
372 454 427 499 Et
455 455 497 500 in
530 452 711 514 proeliis
742 454 841 498 actu
878 457 1120 514 promptus.

275 543 315 584 6.
374 536 612 583 Turbinum
639 538 784 582 motus
822 552 968 599 vagus
1003 540 1072 584 est
1096 541 1139 585 et
1173 523 1381 585 disiectus
1417 540 1472 595 et,
1497 537 1593 600 [uti

140 621 342 666 Sallustii
360 620 504 666 verszs·
534 621 682 682 αἶαν]
713 622 973 668 vorticosus.

139 781 309 820 Eundem
331 785 465 829 postea
490 793 663 818 seorsum
687 782 804 819 edidit
823 783 864 819 F.
889 783 953 818 W.
972 782 1053 819 Otto
1074 781 1146 819 hoe
1169 783 1294 818 titulo:
1316 783 1587 820 Grammaticus

141 840 304 875 incertus
334 838 380 874 de
408 839 611 886 generibus
643 840 855 883 nominum,
887 841 968 876 sive
998 839 1044 876 de
1074 839 1186 876 dubio
1207 851 1366 886 genere;
1398 841 1459 876 ubi
1482 841 1587 877 locus

140 896 276 943 legitur
303 907 341 942 p.
367 898 425 934 58.
456 907 493 931 n.
522 899 605 935 359.
665 895 726 932 Ad
745 896 996 933 Mithridatem
1020 898 1136 933 verba
1158 896 1261 934 haud
1282 897 1484 934 admodum
1505 908 1589 944 per—

142 953 275 1001 spicua
310 953 383 989 iam
420 952 502 989 Otto
539 953 662 989 retulit
695 954 718 988 l.
756 955 802 999 l.;
839 954 909 990 sed
937 953 1037 1001 quod
1068 953 1174 989 dicit:
1216 953 1391 997 „videtur
1413 955 1518 990 locus
1541 965 1588 990 ex

141 1009 302 1057 epistola
328 1009 492 1056 quadam
515 1009 564 1046 ad
588 1010 839 1047 Mithridatem
862 1011 944 1047 libri
966 1011 1011 1047 11.
1035 1011 1083 1046 cs.
1105 1009 1232 1047 Schol.
1253 1011 1392 1048 Lucan.
1413 1011 1441 1055 Ι,
1460 1011 1587 1056 337.“,

143 1066 232 1103 mihi
252 1077 385 1114 parum
404 1066 596 1113 probatur.
641 1067 828 1112 Quantum
849 1069 947 1104 enim
968 1067 1006 1103 in
1028 1079 1066 1103 re
1090 1067 1202 1103 dubia
1223 1067 1354 1103 videre
1374 1068 1471 1112 licet,
1492 1067 1586 1104 haee

143 1124 341 1160 coniuncta
357 1123 504 1159 suerunt
519 1135 602 1160 cum
619 1124 664 1160 iis
668 1135 783 1171 ,quae
795 1124 994 1162 Sallustius
1013 1124 1059 1160 de
1075 1123 1183 1171 gravi
1195 1123 1416 1161 Mithridatis
1432 1125 1588 1160 vulnere

142 1181 320 1225 narravit,
342 1180 440 1228 quod
458 1190 593 1218 veneno
612 1185 781 1218 curatum
801 1191 880 1219 esse
904 1181 1014 1218 tradit
1031 1181 1225 1243 Appianus
1242 1180 1407 1217 Mithrid.
1425 1193 1459 1217 c.
1473 1184 1533 1220 88
1550 1192 1588 1228 p-

143 1239 225 1276 774.
248 1236 465 1284 Schweigh.
524 1231 792 1287 Μιθριδάτην
820 1233 891 1287 μὲν
921 1250 994 1275 ουν
1013 1228 1257 1288 ἐθεράπευον
1267 1230 1452 1301 Ἄγαροι,
1479 1238 1588 1275 Σκυ-

144 1283 267 1331 θικον
300 1289 442 1341 ἔθνος,
487 1290 586 1340 ἰοῖς
620 1288 786 1343 ὄφεων
822 1291 868 1340 ἐς
901 1289 984 1340 τὰς
1015 1291 1295 1344 θεραπείας
1331 1287 1587 1345 χρώμενοι.

144 1351 250 1396 Quae
271 1351 470 1398 explicatio
492 1356 621 1389 nostra
645 1352 677 1389 si
702 1364 723 1388 a
742 1363 833 1388 vero
857 1363 931 1388 non
957 1351 1203 1395 abhorruerit,
1219 1352 1337 1389 verba
1352 1355 1437 1388 sunt
1455 1351 1591 1388 medici

145 1407 395 1444 Mithridatem
424 1407 617 1454 docentis,
648 1410 787 1446 veneni
807 1411 842 1446 ei
864 1409 939 1446 dati
963 1420 1046 1445 eam
1072 1409 1148 1445 vim
1176 1419 1286 1453 esse,
1318 1412 1356 1444 ut
1381 1408 1590 1456 prohibeat,

146 1465 346 1512 quominus
368 1466 505 1503 vulnus
528 1465 561 1501 ei
581 1470 728 1503 noceat.

260 1521 321 1558 Fr.
342 1525 376 1559 4.
431 1522 562 1567 [Deest
590 1523 692 1570 apud
724 1522 837 1568 Cort.,
866 1522 963 1560 Gerl.
999 1522 1059 1559 ed.
1089 1522 1176 1558 mai.
1200 1526 1236 1557 et
1255 1522 1365 1558 Debr.
1393 1541 1456 1572 ‚—
1490 1521 1589 1559 Gerl.

148 1578 210 1625 ed.
231 1579 320 1615 min.
342 1579 390 1624 V,
413 1582 468 1616 10.
497 1591 533 1625 p.
555 1582 637 1624 235,
660 1579 733 1629 26.]
780 1581 808 1616 F
810 1591 931 1627 ragm.
962 1590 1094 1616 recens
1125 1579 1285 1617 accessit
1308 1589 1356 1614 ex
1386 1577 1472 1615 cod.
1494 1578 1589 1615 Gud.

148 1635 325 1672 Arusiani
339 1646 376 1671 v.
392 1636 544 1681 insilire,
566 1647 604 1683 p.
618 1639 701 1675 243.
723 1636 784 1679 ed.
807 1636 916 1672 Lind.
949 1637 1002 1672 De
1022 1635 1235 1685 Mithridate
1255 1635 1351 1672 haec
1371 1634 1471 1672 dicta
1490 1646 1589 1679 esse,

148 1703 223 1728 non
244 1692 502 1738 improbabile,
524 1692 709 1739 siquidem
731 1694 838 1740 gravi
866 1694 947 1729 eius
971 1692 1231 1729 vulneratione
1254 1692 1452 1729 Sallustius
1474 1693 1592 1728 moni-

149 1754 207 1785 tus
236 1748 405 1793 videtur,
438 1752 497 1793 ut,
530 1753 691 1795 quantus
715 1750 750 1785 in
782 1761 826 1786 eo
856 1750 932 1786 iam
954 1749 1244 1796 septuagenario
1271 1748 1395 1784 adhue
1416 1749 1526 1795 vigor
1546 1760 1590 1785 ac

150 1804 324 1842 tortitudo
358 1809 479 1850 esset,
509 1810 832 1843 commemoraret.
891 1806 983 1842 Eam
1014 1806 1267 1842 coniecturam
1299 1816 1421 1852 paene
1451 1809 1591 1841 certam

149 1863 341 1909 praestant
376 1862 504 1898 Dionis
541 1861 640 1899 Casii
678 1863 724 1898 de
759 1862 892 1899 eadem
922 1874 1050 1910 pugna
1076 1864 1194 1900 verba
1223 1861 1376 1928 XXXV,
1399 1865 1435 1901 9.
1463 1873 1500 1908 p.
1529 1864 1590 1902 82.

149 1919 270 1956 Reim.
310 1914 389 1955 Καὶ
416 1909 493 1968 γὰρ
513 1910 612 1969 ὑπὲρ
636 1910 684 1956 τὰ
713 1912 982 1969 ἑβδομήκοντα
1013 1915 1078 1976 {my
1106 1909 1275 1969 γεγονώς
1293 1911 1474 1982 ἐμάχετο,
1495 1929 1591 1965 quae

149 1980 223 2012 tam
255 1986 389 2022 parum
421 1976 635 2023 discrepant
666 1989 687 2013 a
716 1976 976 2021 Sallustianis,
1008 1980 1047 2012 ut
1066 1976 1131 2013 vix
1155 1975 1305 2012 dubium
1326 1976 1393 2020 sit,
1414 1975 1503 2022 quin
1523 1975 1590 2011 Dio

151 2031 367 2069 Sallustium
390 2034 631 2080 expresserit.

263 2090 323 2125 Fr.
353 2093 387 2127 5.
431 2088 547 2135 [Cort.
577 2102 615 2137 p.
646 2094 749 2128 1005.
771 2090 870 2126 Gerl.
896 2089 956 2126 ed.
978 2089 1065 2125 mai.
1085 2089 1161 2124 Ine.
1185 2090 1242 2127 70.
1265 2088 1326 2125 ed.
1349 2089 1438 2125 min.
1460 2089 1536 2125 [nc.
1555 2093 1591 2127 4.

150 2157 188 2193 p.
209 2147 292 2191 237,
319 2149 354 2184 4.
395 2146 507 2182 Debr.
531 2146 574 2191 ΙΙ,
596 2148 670 2192 56.]
714 2146 792 2183 Hoc
814 2147 1091 2194 Fragmentum,
1116 2157 1139 2181 a
1158 2145 1301 2182 Donato
1322 2145 1371 2182 ad
1393 2145 1478 2182 Ter.
1498 2146 1593 2182 Eun.

150 2202 214 2248 IV,
233 2204 268 2246 7,
292 2205 349 2240 14.
370 2203 534 2247 allatum,
555 2203 798 2250 praecedenti
818 2203 1078 2240 subiunximus
1101 2203 1219 2238 secuti
1234 2201 1478 2239 Lindemanni
1499 2201 1593 2238 iudi-

152 2259 264 2303 cium,
282 2259 344 2305 qui
367 2258 416 2295 ad
436 2251 613 2295 Arusiani
635 2261 659 2296 l.
683 2261 707 2296 l.
731 2264 838 2296 acute
860 2260 1072 2308 suspicatus
1095 2263 1153 2295 est
1170 2259 1265 2296 haec
1289 2260 1406 2296 verba
1424 2270 1508 2295 cum
1532 2270 1592 2295 su-

152 2315 363 2363 perioribus
394 2315 626 2352 cohaesisse.
686 2316 901 2353 Sallustium
930 2317 1028 2352 enim
1057 2327 1101 2351 eo
1131 2316 1378 2352 Historiarum
1397 2316 1502 2362 loeo,
1529 2316 1592 2352 ubi

74 2369 77 2371 ’
151 2372 248 2409 haec
281 2372 520 2418 legebantur,
551 2371 598 2407 de
632 2373 764 2419 aliquov
794 2373 888 2409 duce
925 2373 1088 2417 dixisse,
1127 2373 1188 2419 qui
1217 2371 1470 2419 imprudenter
1492 2384 1534 2409 se
1555 2372 1593 2408 in

153 2439 338 2466 summum
357 2439 509 2476 pugnae
530 2427 732 2465 discrimen
758 2429 877 2473 daret,
897 2430 996 2465 clare
1012 2433 1113 2475 patet
1132 2441 1179 2465 ex
1198 2429 1329 2465 Donati
1349 2429 1488 2474 verbis,
1508 2429 1591 2476 qui:

154 2487 305 2532 „Poeta,
330 2485 459 2532 inquit,
482 2485 645 2522 ostendit
664 2485 828 2521 officium
850 2485 1084 2532 imperatoris
1103 2485 1175 2522 hoc
1196 2497 1294 2530 esse,
1311 2497 1359 2521 ne
1381 2497 1422 2522 se
1443 2487 1480 2523 in
1495 2485 1592 2533 peri-

153 2542 278 2579 culum
298 2542 480 2588 proiiciat.
540 2541 603 2579 Sic
626 2541 844 2579 Sallustius:
875 2542 925 2578 El
944 2544 981 2578 in
996 2543 1149 2590 proeliis
1167 2547 1252 2579 actu
1265 2542 1501 2590 promptus.“

266 2598 328 2634 Fr.
347 2602 383 2637 6.
430 2597 543 2644 [Cort.
565 2611 603 2646 p.
626 2602 729 2636 1010.
761 2599 856 2635 Gerl.
879 2598 940 2635 ed.
964 2599 1050 2635 mai.
1068 2599 1142 2634 Ine.
1170 2602 1250 2638 193.
1274 2599 1334 2635 ed.
1357 2599 1444 2635 min.
1467 2598 1510 2642 11,
1531 2599 1590 2637 79.

156 2667 192 2703 p.
210 2659 293 2700 205,
318 2658 375 2693 12.
395 2676 452 2680 -
474 2655 587 2692 Deest
610 2667 670 2703 ap.
692 2655 819 2700 Debr.]
869 2655 1007 2701 Verba,
1027 2667 1121 2702 quae
1143 2656 1316 2703 leguntur
1335 2655 1435 2702 apud
1455 2655 1590 2692 Senec.

156 2713 201 2758 Q.
218 2711 263 2747 N.
279 2710 359 2756 VII,
380 2714 430 2757 8.,
452 2712 502 2747 ita
522 2715 737 2760 comparata
759 2715 856 2758 sunt,
877 2716 916 2747 ut
935 2711 1102 2749 Sallustii
1127 2712 1347 2748 sententiam
1368 2710 1494 2756 modo,
1517 2722 1590 2746 non

156 2767 334 2805 orationis
369 2769 527 2805 formam
561 2768 772 2806 ostendant.
831 2769 884 2805 De
916 2769 955 2805 vi
983 2769 1166 2806 turbinum
1202 2767 1349 2805 dicendi
1378 2767 1484 2805 locus
1513 2767 1589 2811 ruit,
