1774 3002
490 147 834 190 HISTORIARUM·
851 147 1151 187 FRAGMENTA
1184 148 1272 184 LIB.
1294 148 1354 184 111.
1574 140 1658 184 279

176 279 383 335 ominari,
419 277 623 335 Quirites·
676 276 787 322 Nam
819 289 945 335 spem
979 274 1147 320 frustra
1183 273 1324 319 fuisse
1362 269 1653 316 intellexistis.

214 364 349 410 Sulla
364 366 560 417 mortuo,
588 360 662 422 qui
688 359 926 406 scelestum
954 358 1224 418 imposuerat
1251 355 1501 411 servitium,
1522 354 1654 400 finem

160 447 316 494 lomati
348 443 607 493 credebatis·
660 440 804 488 Ortus
824 443 896 487 est
927 441 1063 501 longe
1098 439 1276 486 saevior
1305 437 1503 485 Catulus.
1557 439 1654 484 Tu-

214 528 377 575 multus
386 525 640 573 intercessit
669 525 809 571 Bruto
834 527 879 570 et
903 524 1121 569 Mamerco
1155 521 1439 578 consulibus;
1478 519 1583 566 dein
1603 518 1651 565 C.

213 610 347 663 Curio
379 610 438 656 ad
472 609 653 665 exitium
686 623 829 669 usque
865 607 1052 654 insontis
1089 605 1248 652 tribuni
1285 604 1535 650 dominatus
1571 605 1651 649 est.

158 702 200 736 11
213 691 422 740 Lucullus
444 692 671 753 superiore
700 707 816 738 anno
850 690 1023 753 quantis
1059 688 1214 735 animis
1243 687 1340 733 ierit
1367 686 1409 732 in
1436 687 1484 733 L.
1507 685 1652 742 Quin-

212 777 365 834 ctium,
384 776 590 834 'vidistis3
631 777 819 837 quantae
850 775 1038 836 denique
1066 787 1183 819 nunc
1216 771 1320 817 mihi
1355 770 1509 816 turbae
1538 783 1651 816 con-—

323 939 360 979 S.
383 940 440 974 11.
468 937 615 983 quantus
633 937 783 979 miiom's)
813 936 838 971 i.
862 945 899 970 e.
926 937 1064 981 quanta
1087 932 1286 980 superbia,
1314 943 1387 979 quo
1416 932 1515 968 tastu
1535 934 1571 967 et
1595 942 1654 967 ar·

162 996 169 1000 “
211 993 402 1041 rogantia;
425 993 476 1028 cf.
495 993 559 1030 Fr.
575 993 670 1033 Hist.
688 993 723 1037 1,
742 995 806 1035 45,
827 993 886 1029 24.
928 990 1054 1035 Quare
1076 991 1187 1037 &qitzar
1205 992 1306 1025 tanto
1329 990 1475 1036 ayn-ine
1493 992 1529 1024 el
1548 990 1651 1024 ani-

210 1051 293 1086 mis
316 1049 475 1087 boeda?
496 1060 533 1085 v.
553 1049 742 1085 Drakenb.
763 1048 812 1084 ad
829 1045 1377 1091 Liv.V11‚10‚8.lnvidiose
1398 1056 1475 1081 rem
1498 1045 1651 1083 auxisse

209 1107 376 1143 Macrum
395 1108 497 1151 patet
517 1116 567 1141 ex
589 1105 785 1142 Plutarcho
806 1105 843 1140 in
864 1104 1006 1140 Lucult.
1027 1114 1059 1139 c.
1082 1108 1124 1147 5,
1144 1107 1238 1139 extr.
1270 1094 1448 1139 Λεύκιον
1467 1096 1511 1138 δὲ
1530 1094 1651 1138 Κόϊν-

209 1173 300 1209 τον,
318 1154 440 1198 ἄλλον
463 1152 720 1223 δημαγωγὸν,
741 1155 1015 1197 ἐπαναστάντα
1035 1159 1117 1204 τοῖς
1137 1151 1276 1196 Σύλλα
1302 1150 1556 1206 mmmmm
1583 1154 1651 1194 καὶ

209 1211 411 1280 ταράττειν
437 1229 487 1254 τα
514 1210 724 1280 πράγματα
751 1228 992 1267 πειρωμενου
1018 1211 1063 1252 ἐκ
1088 1215 1159 1252 τοῦ
1188 1214 1435 1259 καθεστῶτος
1462 1211 1578 1276 ἰδία,
1604 1226 1652 1251 τε

208 1265 364 1312 πολλὰ
395 1267 860 1336 παραμυθουμενος
891 1268 974 1309 καὶ
991 1270 1230 1334 δημοσία
1262 1270 1518 1308 νουθετῶν
1554 1261 1651 1307 ἆπέ-

209 1338 324 1380 σησε
345 1329 415 1378 τῆς
434 1327 571 1380 πείρας
598 1342 667 1367 και
689 1323 935 1379 κατεστόρεσε
958 1319 1032 1377 τὴν
1059 1325 1299 1376 φιλοτιμίαν.
1332 1328 1385 1363 De
1406 1328 1447 1363 L.
1478 1328 1650 1372 Quinctio

212 1398 249 1424 v.
269 1388 380 1424 etiam
403 1386 480 1423 Cic.
505 1387 608 1426 Brut.
631 1400 665 1423 c.
689 1390 763 1430 62,
787 1389 870 1424 223
899 1405 956 1411 —
981 1386 1214 1432 Ayebantur,
1244 1383 1346 1431 quod
1372 1395 1504 1420 omnes
1533 1384 1648 1420 codd.

211 1446 356 1487 tenent,
376 1443 415 1479 in
437 1443 670 1489 interpolatis
693 1443 781 1479 edd.
814 1443 911 1478 male
934 1446 1113 1479 mutatum
1142 1443 1178 1477 in
1209 1444 1429 1488 affirmatur,-
1457 1451 1542 1478 nam
1575 1452 1649 1488 quo

211 1500 395 1536 sententia
422 1499 574 1546 gravior
604 1500 689 1544 fiat,
724 1509 820 1547 quae
849 1499 1059 1546 potuissent
1088 1498 1192 1542 fieri,
1219 1498 1347 1534 Macer
1378 1501 1418 1533 ut
1454 1498 1528 1533 iam
1552 1499 1652 1534 facta

211 1557 395 1593 enunciat.
413 1554 586 1598 ,Ceterum
615 1566 712 1604 quac
729 1567 805 1592 non
827 1557 940 1592 unice
969 1555 1019 1593 ad
1047 1555 1258 1602 proximum
1285 1565 1420 1590 nomen
1441 1554 1572 1591 herbae
1591 1565 1651 1591 re-

210 1614 343 1658 fertur,
364 1612 435 1649 sed
457 1613 607 1649 omnino
625 1614 769 1658 omnia,
789 1623 885 1659 quae
907 1613 942 1648 in
962 1612 1268 1648 antecedentibus
1288 1611 1389 1647 dicta
1413 1614 1519 1654 sunt,
1547 1623 1651 1647 com-

208 1670 395 1716 plectitur.
411 1688 468 1709 —‚·
492 1669 565 1706 His
583 1669 743 1707 civilibus
761 1671 877 1706 armis
897 1673 955 1706 est
973 1669 1012 1704 in
1023 1670 1192 1716 partium
1209 1669 1429 1713 certamine,
1449 1667 1547 1715 quod
1565 1668 1650 1704 inde

208 1725 376 1763 αΜανὲο
396 1729 437 1762 ,εἰ
459 1725 564 1762 Sana
582 1728 768 1774 usquead
792 1726 864 1762 hoc
896 1731 1038 1773 tempus
1054 1726 1243 1772 pertinuit.
1267 1745 1324 1750 ——-
1346 1725 1455 1761 Dicta
1475 1725 1570 1769 alia,
1591 1735 1647 1761 sc.

207 1783 376 1828 siv-esua
407 1792 580 1820 caussam
606 1785 815 1820 certaminis
842 1782 1100 1830 probandam,
1135 1782 1162 1818 i.
1193 1793 1226 1817 e.
1258 1793 1370 1828 quum
1400 1782 1476 1817 alio
1505 1782 1649 1827 quidem

203 1842 403 1886 praetexat
437 1843 643 1886 pugnatum
677 1842 742 1884 sit,
779 1839 846 1876 sed
877 1849 1010 1875 revera
1041 1842 1219 1875 certatum
1252 1842 1322 1873 etc.
1366 1857 1423 1862 -—-
1464 1837 1650 1874 Certatum

208 1897 447 1941 utrimque
469 1895 561 1940 quid
583 1896 648 1939 sit,
668 1900 770 1941 patet
783 1906 838 1930 *ex
859 1895 920 1930 Fr.
941 1895 977 1939 Ι,
998 1899 1055 1933 11.
1080 1895 1200 1931 Pauci
1218 1897 1388 1940 potentes
1412 1893 1479 1930 sub
1499 1893 1648 1930 honesto
1713 1946 1715 1948 ι

206 1954 400 1998 patrum
426 1955 505 1986 aut
522 1951 679 1998 plebis
705 1953 848 1989 rwmine
864 1951 1145 1987 «dominacionem
1164 1951 1399 1997 affectabant.
1437 1949 1528 1987 Sine
1548 1951 1648 1986 iusta

210 2017 348 2043 caussa
367 2006 478 2053 igitur
496 2006 759 2044 R'Jacobsius
777 2018 846 2056 pro
872 2009 1053 2054 tetrumque
1076 2006 1314 2044 scribendum
1337 2006 1496 2043 coniecit
1514 2007 1646 2054 utique,

210 2073 333 2110 neque
352 2063 476 2110 magis
500 2064 753 2106 necessarium
774 2068 839 2100 aut
861 2075 992 2100 verum
1013 2067 1092 2107 cst,
1122 2063 1225 2110 quod
1243 2064 1428 2100 Linkerus
1455 2062 1503 2098 de
1522 2062 1646 2098 Prael'.

212 2119 314 2156 urbis
340 2119 444 2155 Fert.
483 2120 546 2155 lat.
579 2132 617 2167 p.
653 2122 711 2166 8.,
737 2121 878 2157 reiecta
908 2120 1076 2156 Jacobsii
1105 2121 1340 2164 coniectura,
1364 2120 1563 2166 proposuit
1588 2123 1645 2156 ut-

211 2185 367 2223 cunque.
407 2175 553 2223 Quippe
571 2180 731 2223 -praeter
763 2177 909 2213 nobiles
941 2177 1071 2213 Macer
1098 2176 1208 2212 ctiam
1239 2180 1341 2213 notat
1359 2187 1449 2222 eos,
1477 2177 1540 2223 qui
1567 2177 1647 2223 ple·

211 2233 270 2269 bis
298 2242 473 2268 caussam
502 2243 546 2269 se
570 2244 683 2280 agere
706 2234 931 2270 simulantes·
955 2233 1244 2269 dominationem
1268 2232 1517 2278 affectabant,
1543 2234 1647 2269 velut

213 2289 329 2326 Cinna
353 2292 392 2324 et
421 2289 600 2335 Lepidus.
633 2309 689 2314 —-—
709 2290 779 2327 ..De
809 2291 1051 2326 damnatione
1074 2291 1121 2326 in
1147 2290 1278 2326 vobis
1307 2288 1525 2326 Gerlachius
1558 2290 1643 2325 Vol.

210 2345 272 2381 ΙΙΙ.
294 2357 333 2392 p.
359 2347 417 2383 95.
444 2345 645 2382 miserabili
674 2346 786 2383 modo
814 2347 884 2391 ita,
914 2347 947 2382 si
978 2346 1052 2382 diis
1079 2346 1223 2393 placet,
1254 2347 1431 2390 illustrat,
1454 2350 1492 2382 ut
1518 2345 1568 2381 ad
1589 2346 1644 2381 in-

213 2402 340 2438 sanias
367 2411 455 2438 suas
468 2429 479 2444 ‚
508 2402 642 2448 quibus
662 2414 702 2450 p.
728 2406 788 2442 51.
805 2404 1002 2440 barbaram
1020 2403 1334 2439 constructionem
1353 2404 1416 2439 Fr.
1437 2402 1474 2446 Ι,
1493 2405 1527 2440 9.
1554 2412 1643 2449 quo-

210 2470 295 2495 rum
319 2459 367 2493 in
393 2459 556 2504 qratia
573 2459 745 2506 plerique
772 2464 1112 2496 concesserant
1129 2459 1317 2506 defendit,
1345 2460 1507 2496 lectores
1521 2459 1646 2494 remit-

210 2518 282 2559 tat,
315 2518 353 2550 et
392 2518 586 2560 praeterea
619 2514 700 2551 Cat.
732 2526 768 2551 c.
802 2518 861 2554 42.
896 2521 1106 2563 comparet,
1139 2517 1201 2552 ubi
1243 2527 1289 2552 ne
1332 2517 1451 2552 littera
1492 2514 1644 2562 quidem

211 2575 291 2616 est,
312 2581 408 2617 quae
434 2570 507 2607 huc
537 2572 733 2618 pertineat.
759 2572 922 2610 Ablativi
948 2573 1044 2608 ratio
1067 2572 1276 2620 repetenda
1301 2576 1360 2608 est
1387 2583 1410 2608 a
1435 2573 1552 2608 verbo
1578 2571 1643 2607 do-

210 2628 366 2668 ηιᾰηανίς
394 2626 496 2673 quod
524 2638 637 2674 quum
661 2627 712 2664 ita
734 2632 955 2676 usurpetur,
982 2633 1023 2665 ut
1039 2629 1108 2665 vel
1138 2629 1272 2676 quietis
1299 2629 1402 2664 notio
1428 2628 1646 2675 praevaleat

211 2684 428 2729 (dommari‚
448 2684 476 2720 i.
497 2694 531 2719 e.
554 2683 743 2721 dominum
763 2696 867 2731 esse,
883 2687 925 2722 in
943 2685 1067 2732 aliqua
1091 2686 1173 2730 re),
1194 2686 1257 2722 vel
1278 2688 1399 2721 motus
1429 2689 1468 2720 et
1486 2683 1643 2720 actionis

211 2740 250 2780 in
270 2740 454 2781 obiectum
469 2740 632 2778 directae
652 2741 753 2777 notio
770 2741 892 2793 potior
912 2742 960 2778 sit
987 2741 1206 2790 (donamur-i,
1235 2742 1261 2779 i.
1290 2754 1326 2778 e.
1355 2741 1644 2781 dominationem
