1774 3002
182 156 269 200 ³50
682 164 722 202 C.
753 164 984 204 SALLUSTI
1013 166 1164 206 CRISPI

318 289 386 332 57.
445 286 501 332 M.
531 287 701 334 Lollius
736 288 990 347 Palicanus,
1027 291 1178 337 humili
1210 293 1309 339 loco
1337 293 1515 352 Picens,
1553 296 1628 343 lo-

184 385 303 431 quax
331 369 476 432 magis
506 387 637 434 quam
667 373 898 420 facundus.

181 512 255 544 tum
280 509 402 544 luerit.
464 508 567 564 Quae
596 509 682 546 illae
713 512 948 558 suspiciones
979 513 1133 557 suerint,
1167 523 1240 548 non
1275 517 1418 550 constat
1450 514 1622 562 quidem;

180 565 247 601 sed
268 570 391 602 tamen
413 577 486 601 non
512 566 673 602 alienum
699 568 767 603 erit
796 569 842 604 de
861 570 1028 616 Pompeii
1048 570 1247 617 promissis
1277 570 1456 617 cogitare,
1487 572 1621 618 quibus

176 623 344 658 tribunos
366 623 436 659 sibi
459 623 658 685 copciliare
682 624 832 670 studuit,
856 630 947 662 teste
969 627 1142 674 Appiano
1166 626 1212 662 de
1238 626 1279 663 Β.
1308 626 1345 662 C.
1366 627 1392 672 Ι,
1415 631 1496 666 121.
1543 625 1622 664 Και

176 671 246 716 τὸν
272 688 440 729 στρατον
469 691 515 715 ου
544 677 673 727 μεθίει
700 683 773 726 (sc.
796 675 1018 746 Κράσσος),
1039 677 1139 719 διότι
1163 677 1261 746 μηδὲ
1278 677 1499 746 Πομπήϊος.
1521 679 1560 729 ἐς
1579 681 1622 722 δὲ

174 728 365 773 ὑπατείαν
367 730 505 801 ‘ducam
530 729 789 801 παρήγγελον.
817 730 838 775 ὃ
867 734 939 787 μὲν
962 730 1256 804 ἔστρατηγηκως
1284 751 1384 776 κατα
1409 731 1479 777 τὸν
1498 735 1621 790 νόμον

173 785 331 840 Σύλλα,
362 785 384 830 ὃ
415 788 459 830 δὲ
481 788 691 843 Πομπήϊος
717 788 806 833 οὔτε
832 789 1100 863 στρατηγήσας
1126 790 1215 833 οὔτε
1236 788 1456 845 ταμιεύσας,
1474 793 1556 842 ἔτος
1580 810 1620 835 τε

174 845 273 898 ἔχων
293 846 474 914 τέταρτον
494 845 560 886 ἐπί
579 852 659 896 τοῖς
678 844 903 915 τριάκοντα.
925 853 1030 898 τοῖς
1051 848 1100 889 δὲ
1123 846 1396 915 δημάρχοις
1419 846 1617 903 ὑπέσχε

178 917 229 942 το
246 898 409 944 πολλα
435 906 519 955 τῆς
538 898 691 958 ἀρχῆς
715 904 760 953 ἐς
782 900 832 945 τὸ
860 900 1076 960 ἀρχαῖον
1103 902 1382 973 ἐπανάξειν.
1419 910 1616 949 Ablativos

172 965 292 999 mullis
311 964 575 1011 suspicionibus
594 976 754 1001 caussae
775 970 998 1012 potestatem
1018 967 1158 1003 habere
1180 967 1245 1004 vix
1265 970 1322 1002 est
1343 967 1445 1013 quod
1467 979 1616 1004 monea-

172 1024 244 1056 tur.
263 1039 319 1047 ·--
353 1021 515 1057 Volenlm
538 1022 642 1071 plebi
667 1022 885 1059 Gerlachius
907 1023 994 1060 Vol.
1027 1024 1087 1059 111.
1108 1035 1146 1071 p.
1168 1027 1248 1062 113.
1269 1023 1532 1061 miserabiliter
1552 1035 1614 1061 ex-

170 1077 286 1123 plicat
306 1073 558 1130 ,βουλομένῳ
575 1072 627 1127 ἠν
645 1077 701 1130 τῷ
717 1071 855 1131 δήμῳ“
868 1105 880 1127 ,
900 1091 974 1115 non
995 1085 1191 1116 assecutus
1221 1080 1259 1116 id
1281 1091 1367 1116 esse
1387 1082 1518 1117 volenti
1534 1087 1616 1118 erat

163 1134 273 1180 plebi,
298 1133 344 1170 de
367 1146 441 1181 qua
461 1139 645 1171 structura
665 1146 703 1171 v.
725 1136 774 1171 ad
794 1137 874 1183 Iug.
897 1148 929 1172 c.
948 1136 1143 1182 LXXXlV,
1163 1139 1199 1174 3.
1220 1148 1257 1183 p.
1283 1139 1387 1182 440.;
1412 1139 1527 1174 multo
1547 1139 1613 1174 mi-

99 1222 101 1226 ,
172 1191 370 1227 serabilius
405 1202 494 1227 vero
525 1191 574 1227 ad
603 1192 784 1227 rationem
811 1194 997 1240 participii
1027 1193 1286 1230 illustrandam
1308 1194 1451 1230 confert
1471 1195 1552 1242 lug.
1575 1207 1609 1232 c.

169 1246 295 1293 XCIII,
318 1251 354 1285 4.
376 1248 437 1284 ubi
456 1249 639 1296 yaeynemia
660 1250 824 1296 positum
847 1251 926 1286 vult
944 1261 1012 1297 pro
1030 1252 1174 1297 yenila,
1203 1250 1304 1297 quod
1332 1261 1400 1297 per
1420 1261 1461 1287 se
1482 1253 1611 1288 absur-

170 1304 387 1350 dissimum,
417 1309 456 1340 ut
483 1304 717 1342 ostendimus
752 1305 802 1341 ad
830 1307 911 1354 lug.
934 1306 1102 1352 LXXIX,
1123 1310 1157 1345 6.
1176 1318 1214 1353 p.
1235 1307 1332 1352 417„
1352 1307 1404 1344 ita
1422 1307 1608 1344 dissimile

169 1365 226 1397 est
245 1361 357 1398 huius
386 1362 478 1404 loci,
508 1362 600 1397 nihil
629 1366 669 1398 ut
692 1363 814 1409 possit
834 1375 920 1399 esse
950 1363 1185 1400 dissimilius.
1253 1362 1352 1399 Velle
1371 1365 1482 1401 alicui
1497 1375 1608 1411 quum

167 1419 390 1466 praegnanti
413 1429 530 1454 sensu
548 1418 651 1454 haud
671 1430 754 1455 raro
779 1421 904 1457 valcat
921 1421 1034 1456 alicui
1046 1420 1190 1468 favere,
1214 1419 1313 1456 unde
1329 1421 1495 1457 voluntas
1510 1420 1610 1458 dieta

166 1487 235 1522 pro
256 1476 496 1512 benevolentia
523 1477 582 1521 (v.
611 1476 735 1512 Beier.
764 1476 814 1512 ad
844 1476 921 1514 Cic.
944 1476 1018 1514 Off.
1039 1477 1067 1513 1.
1090 1480 1147 1523 14,
1175 1479 1235 1515 44.
1254 1488 1291 1524 p.
1313 1477 1434 1523 110.),
1453 1478 1607 1515 volentia

160 1533 263 1580 plebi
281 1537 378 1578 sunt,
403 1543 499 1580 quae
519 1532 622 1580 plebi
635 1533 818 1580 faventia,
850 1534 874 1570 i.
895 1545 929 1569 e.
955 1538 1066 1581 gyrata
1086 1537 1208 1570 essent
1224 1538 1258 1569 el
1275 1538 1446 1581 accepta,
1475 1536 1512 1571 in
1534 1545 1606 1582 qua

168 1589 330 1625 dictione
361 1590 453 1625 nihil
482 1590 595 1636 plane
624 1594 681 1626 est
709 1591 898 1633 insolens,
939 1591 1009 1627 nisi
1040 1591 1139 1638 quod
1178 1591 1462 1627 benevolentiae
1491 1592 1604 1636 notio,

167 1657 263 1693 quae
296 1647 447 1693 proprie
483 1657 730 1692 personarum
749 1651 843 1692 est,
880 1647 929 1683 ad
957 1659 1019 1683 res
1047 1652 1105 1684 est
1135 1648 1328 1685 translata.
1389 1647 1603 1684 Sallustium

166 1703 327 1740 imitatus
349 1707 405 1739 est
425 1703 574 1739 Tacitus
596 1702 696 1739 Ann.
716 1703 798 1749 XV,
818 1706 876 1747 36,
895 1706 932 1741 4.
967 1704 1075 1739 Haec
1094 1708 1201 1750 alque
1221 1704 1307 1740 talia
1320 1703 1424 1750 plebi
1431 1705 1601 1741 volen—

165 1761 231 1796 tia
255 1759 379 1807 fuere.
437 1760 574 1796 Histor.
604 1760 665 1806 111,
694 1763 752 1806 52,
781 1763 818 1798 3.
866 1759 1039 1796 Muciano
1060 1761 1265 1797 volentia
1285 1762 1525 1807 rescripsere.
1545 1779 1595 1788 -—

166 1818 237 1853 Pro
267 1817 487 1863 habebatur,
515 1815 617 1863 quod
650 1817 760 1854 Nonii
790 1816 902 1853 codd.
923 1821 1135 1853 constanter
1165 1821 1306 1862 tenent,
1339 1817 1378 1852 in
1397 1816 1489 1854 Sall.
1511 1817 1599 1853 edd.

165 1875 338 1911 omnibus
372 1878 429 1910 est
465 1873 653 1910 videbatur
667 1902 677 1920 ,
710 1884 784 1920 qua
816 1874 1100 1920 interpolatione
1134 1874 1289 1910 libenter
1320 1884 1513 1918 caremus;
1553 1876 1600 1911 cr.

167 1931 275 1968 Catil.
306 1943 340 1968 c.
371 1931 459 1976 LIIl,
486 1935 520 1968 1.
561 1930 648 1967 Cato
667 1940 821 1978 maynus
843 1935 951 1978 alque
971 1931 1096 1967 clarus
1118 1930 1327 1968 habetur.
1375 1931 1456 1968 Liv.
1475 1931 1524 1976 V,
1544 1932 1600 1978 17,

163 1992 200 2027 3.
239 1988 376 2036 Inyens
395 1989 480 2024 inde
499 1987 667 2024 haberi
687 1989 850 2035 captivus
866 1992 967 2024 vates
986 1991 1146 2035 coeptus.

278 2046 338 2081 Fr.
366 2047 424 2084 5¹¹1.
467 2043 582 2090 [Cort.
611 2055 650 2091 p.
672 2047 779 2083 1003.
808 2045 906 2081 Gerl.
939 2043 999 2080 ed.
1031 2044 1119 2080 mai.
1147 2044 1225 2080 Inc.
1253 2045 1311 2081 44.
1339 2042 1402 2080 ed.
1423 2043 1513 2081 min.
1533 2043 1599 2092 lv,

164 2104 223 2141 37.
252 2114 291 2150 p.
325 2104 416 2147 228,
447 2106 503 2140 11.
532 2101 640 2137 chr.
667 2102 731 2146 IV,
757 2102 835 2146 87.]
881 2100 1102 2146 Quintil-ll,
1120 2105 1155 2146 2,
1178 2105 1230 2145 2.,
1254 2100 1317 2147 qui
1337 2104 1460 2137 tamen
1479 2111 1599 2147 neque

165 2159 383 2196 Sallustium
403 2162 605 2202 auctorem,
627 2168 746 2205 neque
768 2158 951 2194 Historias
973 2157 1198 2202 nominavit;
1229 2156 1300 2193 sed
1327 2156 1491 2194 Sallustii
1513 2167 1599 2194 esse

163 2218 282 2253 verba
314 2215 564 2263 cognoscitur
581 2225 630 2250 ex
658 2215 750 2251 Gell.
782 2215 861 2251 NN.
882 2215 963 2251 AA.
985 2214 1014 2258 1,
1036 2218 1093 2252 15
1150 2213 1341 2261 Eupolidis
1357 2223 1597 2262 quoquever-

162 2282 227 2309 sus
246 2273 293 2308 de
309 2273 350 2308 id
363 2282 479 2319 yenus
498 2271 699 2308 hominibus
736 2271 1044 2318 consaynanssime
1065 2270 1190 2318 factus
1210 2273 1264 2306 est
1283 2268 1414 2311 λαλεῖν
1429 2263 1596 2320 αριστος,

162 2318 460 2372 ἀδυνατώτατος
483 2323 621 2377 λέγειν,
636 2328 734 2375 quod
750 2327 945 2364 Sallustius
962 2331 1084 2363 noster
1101 2328 1239 2363 imitari
1257 2327 1380 2363 volens
1401 2327 1597 2374 loquum,

163 2387 293 2434 inquit,
316 2386 464 2433 maqis
481 2395 613 2432 quam
640 2384 898 2431 facundus.
940 2384 1011 2420 Pro
1032 2384 1168 2420 Lollius
1195 2383 1296 2430 apud
1318 2382 1471 2428 Quintil.
1501 2386 1537 2419 et
1561 2383 1596 2418 in

165 2444 257 2481 Sall.
279 2443 369 2480 edd.
389 2442 524 2480 vitiose
543 2441 679 2488 legitur
699 2441 827 2477 Atilius
845 2441 907 2478 vel
925 2440 1073 2485 Acilius,
1095 2440 1196 2487 quod
1216 2451 1352 2476 nomen
1371 2450 1420 2476 ex
1439 2439 1598 2476 meliori-

164 2502 233 2537 bus
262 2501 365 2536 libris
395 2497 661 2546 corrigendum
686 2508 772 2534 esse
802 2497 875 2533 iam
898 2497 1123 2533 Debrossius
1145 2497 1305 2543 viderat,
1323 2501 1360 2532 et
1381 2496 1597 2543 comproba·

163 2561 246 2593 runt
276 2556 466 2604 Zumptius
499 2555 550 2591 ad
577 2554 652 2592 Cic.
687 2555 724 2590 in
746 2554 856 2589 Verr.
883 2554 910 2598 Ι,
934 2555 992 2599 47,
1025 2557 1104 2592 122.
1133 2565 1170 2601 p.
1198 2556 1300 2598 204„
1321 2552 1526 2589 Ellendtius
1547 2551 1596 2587 ad

162 2613 264 2650 Brut.
286 2616 345 2658 62,
364 2615 448 2651 223.
468 2624 507 2659 Ρ.
527 2614 610 2650 402.
634 2614 743 2658 atque
765 2611 1002 2647 Drumannus
1019 2611 1113 2647 Hist.
1134 2610 1242 2646 Rom.
1263 2610 1348 2646 Vol.
1367 2609 1429 2646 IV.
1449 2618 1489 2655 p.
1512 2609 1594 2646 386.

162 2674 239 2708 not.
270 2672 328 2709 78.
365 2670 419 2705 De
446 2669 564 2705 Lollio
593 2668 767 2706 Palicano
798 2668 974 2714 plumbea
1005 2672 1063 2704 est
1086 2667 1287 2714 disputatio
1308 2663 1516 2708 Gertaehii‚
1540 2662 1596 2699 hi-

163 2727 289 2766 storici
309 2727 534 2771 acutissimi,
560 2726 644 2762 Vol.
667 2726 726 2761 ΙΙΙ.
747 2737 786 2772 p.
808 2726 853 2763 27
873 2736 931 2772 sq.
951 2724 1207 2761 demonstrare
1231 2722 1399 2759 conantis
1418 2731 1515 2756 anno
1536 2720 1595 2758 75.

164 2797 198 2824 a.
222 2783 306 2823 Chr.
333 2794 370 2820 n.
393 2795 478 2820 eum
501 2785 684 2820 tribunum
703 2784 756 2831 ΡΙ.
780 2783 910 2826 fuisse,
933 2783 1125 2819 diversum
1147 2783 1193 2819 ab
1214 2791 1272 2824 eo,
1294 2778 1356 2825 qui
1377 2789 1399 2815 a
1419 2776 1594 2815 Sallustio
