1774 3002
492 155 823 194 mSTomARUM
850 154 1163 200 FRAGMENTA.
1221 155 1310 193 Lm.
1337 155 1382 192 11.
1574 150 1657 196 165

218 281 433 338 Quirites,
464 294 621 327 rursus
647 279 751 326 mihi
777 279 984 340 patriam,
1020 279 1131 325 deos
1164 279 1336 339 penatis
1363 294 1463 326 cum
1490 279 1658 340 ingenti

181 348 436 426 sdignitate
461 362 656 410 dedistis.
713 363 806 409 Pro
838 362 996 423 quibus
1037 362 1260 409 beneficiis
1293 362 1372 408 vix
1406 362 1515 409 satis
1545 377 1658 423 gra-

218 450 291 494 tus
318 446 494 502 videar,
529 446 568 492 si
598 445 788 506 singulis
817 445 1029 501 animam,
1053 461 1196 507 ,quam
1226 460 1422 507 nequeo,
1465 459 1656 491 conces-

217 530 372 589 serim3
406 544 506 577 nam
540 529 632 575 vita
654 531 698 575 et
724 542 845 575 mors
875 527 972 575 iura
997 532 1182 576 naturae
1210 532 1337 586 sunt3
1372 531 1422 574 ut
1450 527 1545 574 sine
1571 528 1656 574 de-

216 613 375 659 decore
414 627 512 658 cum
550 612 741 675 civibus,
776 613 892 657 fama
926 614 969 657 et
1004 613 1191 658 fortunis
1231 612 1404 672 integer
1446 626 1578 672 agas,
1612 611 1656 657 id

178 695 334 744 §dono
369 695 498 742 datur
520 699 651 758 atque
680 695 901 755 accipitur.
957 693 1175 742 Consules
1210 709 1293 741 nos
1323 694 1512 763 fecistis,
1541 694 1656 751 Qui-

210 831 340 880 flatum
358 836 461 872 esset.
494 833 551 869 Ea
569 833 654 879 lege
676 830 817 873 Cottam
837 836 1054 882 accusatum
1076 833 1192 869 fuisse
1212 832 1453 879 cognoscitur
1472 832 1656 883 etiarnssex

217 889 293 926 Cic.
314 889 404 927 Brut
437 901 470 926 c.
489 891 554 933 56,
577 892 671 939 205.
697 888 819 926 Cottae
839 890 956 925 oratio
974 900 1068 937 pro
1096 898 1145 925 se
1172 890 1278 937 leqe
1307 888 1461 926 Varia
1487 891 1655 937 quae-in-

213 945 406 990 sermm,
434 955 516 983 eam
532 945 577 982 L.
606 944 732 982 Aelius
749 946 900 993 scripsit
920 945 1043 982 Cottae
1062 949 1203 994 roqatu.
1243 942 1394 982 Tectam
1418 957 1593 996 caussam
1607 945 1655 983 il-

213 1003 286 1040 lius
304 1003 557 1039 accusationis
579 1002 697 1049 tangit
716 998 846 1043 Cicero
871 1001 918 1037 de
943 1001 1043 1038 Orat.
1070 1002 1200 1047 IH,3,
1226 1006 1283 1041 11
1342 1001 1382 1039 0.
1404 1001 1523 1048 Caua,
1548 1012 1655 1050 quem

213 1059 372 1096 Crassus
385 1051 577 1105 florentem
597 1057 816 1106 reliquerat,
836 1060 973 1106 paucis
994 1058 1119 1095 diebus
1139 1062 1229 1106 post
1253 1062 1403 1100 mortem
1428 1058 1558 1097 Crassi
1573 1059 1653 1097 de

203 1115 481 1163 pulsusper
500 1114 728 1151 invidiam
748 1113 992 1152 tribunatu
1020 1126 1094 1152 non
1111 1116 1232 1151 multis
1249 1115 1296 1153 ab
1314 1125 1356 1152 eo
1375 1120 1537 1167 tempore
1552 1125 1653 1153 men

210 1168 310 1209 sim
323 1172 456 1209 eiectus
475 1175 530 1208 est
546 1180 567 1208 e
584 1171 737 1208 civitate.
780 1170 931 1208 Scilicet
950 1183 1063 1219 quum
1084 1162 1188 1208 Gotta
1208 1175 1395 1208 exstremo
1415 1183 1513 1208 anno
1534 1176 1594 1212 91.

212 1226 301 1266 Chr.
321 1239 359 1264 n.
380 1228 665 1278 tribunatmnin
678 1227 906 1274 proximum
913 1239 1052 1270 annum
1070 1232 1264 1275 peteret,
1272 1240 1310 1264 v.
1333 1228 1410 1265 Cic.
1432 1229 1479 1265 de
1502 1229 1604 1266 Orat.
1625 1230 1653 1274 Ι,

210 1286 254 1330 7,
276 1288 359 1328 25„
385 1285 467 1320 eius
490 1284 646 1330 aemuli,
676 1295 749 1332 quo
775 1285 992 1331 petitionem
1017 1286 1157 1321 irritam
1177 1270 1399 1331 redderent,
1423 1287 1512 1333 lege
1536 1287 1655 1323 Varia

210 1340 270 1377 usi
298 1344 384 1377 sunt
405 1340 462 1377 ad
496 1351 581 1378 eum
613 1312 995 1385 circumveniendum,
1023 1343 1160 1389 quippe
1190 1353 1287 1388 quae
1315 1343 1526 1379 facillimam
1552 1343 1655 1379 viam

208 1398 406 1444 praeberet
424 1397 475 1434 ad
494 1408 646 1441 omnes,
669 1407 910 1446 quoscunque
930 1398 1090 1446 vellent,
1114 1397 1408 1446 aggrediendus.
1429 1419 1485 1427 —-
1526 1399 1655 1435 Verba

209 1463 293 1490 cum
309 1454 446 1501 ingenti
458 1454 633 1500 dn‘ynitate
649 1463 872 1500 quamquam
887 1466 956 1501 pro
976 1455 1319 1502 circumscriptione
1335 1454 1506 1492 adverbii
1521 1455 1653 1492 haberi

208 1513 387 1556 possunt,
406 1513 445 1547 ut
466 1510 566 1546 idem
586 1510 666 1546 rere
687 1509 898 1557 significent
918 1514 1042 1558 atque
1046 1511 1427 1561 honorificentissime,
1452 1517 1576 1548 tamen
1595 1523 1653 1548 re·

209 1567 304 1604 etius
327 1565 455 1604 obiecti
480 1561 684 1614 potestate
677 1566 966 1614 intelliguntur,
996 1568 1097 1614 quod
1127 1568 1440 1615 praecedentibus
1471 1580 1560 1616 per
1569 1580 1654 1606 cum

207 1622 429 1670 particulam
456 1622 646 1669 adiicitur,
682 1633 795 1669 quum
830 1623 866 1659 in
899 1628 1073 1672 promptu
1099 1625 1147 1661 sit
1173 1626 1384 1677 consulatus
1402 1625 1612 1701 tit‘qnitatem
1630 1637 1653 1662 a

209 1677 323 1718 cotta
333 1678 578 1726 significari.

321 1738 359 1778 S.
378 1739 414 1773 5.
433 1737 519 1772 ium
538 1739 695 1772 name
712 1737 814 1781 sunt)
853 1737 895 1772 In
912 1737 999 1774 Vat.
1018 1741 1052 1775 2.
1073 1741 1108 1772 et
1126 1737 1187 1773 ed
1209 1720 1306 1774 Ven.
1330 1742 1387 1774 est
1414 1739 1516 1774 iure
1542 1743 1651 1774 natu-

207 1801 277 1828 rae
301 1795 405 1836 sumt,
442 1791 545 1839 quod
574 1802 798 1839 quamquam
827 1804 851 1829 a
881 1793 1106 1830 relicuorum
1129 1794 1303 1831 codicum
1332 1795 1516 1840 scriptura
1537 1806 1653 1831 sensu

207 1858 340 1894 parum
370 1847 523 1884 differre
556 1848 720 1893 videtur,
752 1853 876 1886 tamen
902 1860 1060 1896 prorsus
1090 1851 1250 1887 alienam
1279 1851 1499 1887 sententiam
1525 1850 1649 1887 habet.

135 1925 137 1927 ·
208 1903 292 1942 Non
312 1904 433 1951 agitur
453 1906 552 1941 enim
574 1904 623 1940 de
642 1915 708 1951 eo,
729 1905 830 1951 quod
848 1906 910 1941 vel
928 1908 1011 1942 iure
1030 1910 1184 1943 naturae
1206 1907 1276 1950 sit,
1297 1908 1359 1942 vel
1377 1908 1514 1942 iniuria
1524 1907 1567 1942 <ei
1590 1908 1651 1943 tri-

207 1960 360 2004 buatur3
394 1960 463 1995 sed
492 1959 616 2003 Cotta,
648 1965 686 1996 ut
715 1960 944 1998 demonstret
971 1964 1087 1999 vitam
1107 1975 1148 1998 se
1167 1974 1236 2009 pro
1265 1963 1431 2010 acceptis
1455 1962 1650 1999 beneficiis

209 2014 301 2051 dare
320 2025 403 2054 non,
416 2027 553 2062 posse,
574 2015 766 2063 distinguit
783 2016 877 2052 inter
895 2028 953 2062 ea,
974 2029 1072 2064 quae
1092 2022 1246 2054 naturae
1267 2020 1485 2056 necessitati
1503 2023 1649 2066 parent,

208 2074 245 2107 et
262 2071 398 2107 liberas
414 2071 606 2108 hominum
625 2072 813 2117 actiones;
844 2073 895 2109 ad
913 2074 978 2110 illa
997 2074 1111 2110 vitam
1133 2079 1170 2110 et
1189 2079 1344 2111 mortem
1362 2075 1569 2122 pertinere,
1600 2076 1650 2112 ad

206 2126 278 2164 has
299 2127 418 2163 decus
444 2131 480 2164 et
500 2128 669 2165 Fortunae
694 2129 941 2176 integritatem
969 2141 991 2166 a
1020 2131 1165 2174 civibus
1194 2131 1339 2176 datam3
1365 2133 1439 2168 illa
1457 2132 1649 2169 hominum

208 2194 284 2220 non
303 2194 390 2220 esse
410 2183 530 2230 dona,
553 2184 623 2230 sed
640 2186 722 2222 iura
741 2189 915 2231 naturae,
938 2185 1010 2223 has
1030 2189 1133 2224 solas
1155 2187 1254 2224 dono
1276 2188 1357 2224 dari
1377 2200 1507 2236 posse.
1546 2190 1647 2235 Quo-

207 2239 311 2276 niam
340 2240 451 2287 igitur
478 2251 571 2278 vera
597 2241 698 2278 dona
727 2247 963 2289 opponuntur
987 2244 1057 2288 iis,
1096 2254 1192 2290 quae
1214 2244 1315 2281 dona
1336 2256 1421 2282 esse
1447 2250 1647 2292 nequeunt,

207 2295 305 2332 inde.
321 2292 561 2343 perspicuum
593 2303 650 2335 est
679 2298 738 2344 ad*
761 2310 845 2336 eam
862 2300 1061 2343 notionem
1089 2301 1374 2349 exprimendam
1401 2303 1539 2339 iustum
1563 2304 1647 2346 sub-

208 2353 411 2389 stantivum
428 2354 588 2400 requiri,
626 2354 835 2400 adverbiali
856 2356 1013 2393 dictioni
1026 2358 1150 2394 locum
1169 2369 1243 2394 non
1263 2369 1364 2394 esse.
1413 2359 1537 2404 Quare
1562 2361 1648 2396 iura

206 2410 316 2446 unice
343 2419 486 2446 verum.
512 2430 574 2444 —s
598 2410 695 2447 Nam
713 2412 870 2449 refertur
889 2413 939 2450 ad
954 2413 1190 2460 praecedens
1209 2424 1363 2462 nequeo.

317 2468 350 2508 5.
372 2467 408 2503 6.
439 2465 610 2503 Consules
630 2467 884 2515 nossem-tis)
932 2470 1090 2507 Pluralis
1117 2481 1201 2506 non.
1225 2470 1272 2507 de
1306 2474 1460 2517 utroque
1492 2472 1646 2508 consule

205 2521 353 2557 videtur
374 2522 656 2569 intelligendus,
679 2524 748 2560 sed
766 2524 815 2560 de
838 2524 941 2563 Cotta
964 2527 1067 2572 s0103
1089 2527 1136 2563 cs.
1158 2526 1209 2562 ad
1222 2527 1302 2574 lug.
1318 2527 1434 2573 XVII,
1453 2530 1488 2566 7.
1509 2539 1549 2575 p.
1566 2531 1644 2566 106.

206 2582 243 2613 et
260 2578 420 2614 Gramm-
444 2579 505 2614 lat
526 2582 642 2621 nostr.
643 2582 695 2623 5.
713 2584 793 2619 110.
815 2586 891 2627 not.
910 2585 946 2627 4,
964 2585 1000 2622 6.
1003 2594 1058 2630 Ρ.
1069 2585 1227 2621 226-
1243 2584 1372 2629 Arma,
1395 2594 1490 2630 quae
1510 2595 1589 2620 vox
1609 2585 1646 2619 in

206 2632 392 2670 Gerlachii
411 2633 472 2672 ed.
492 2635 582 2671 min.
605 2621 730 2681 deest,
756 2635 860 2681 haud
879 2635 996 2676 dubie
1013 2650 1107 2676 casu
1126 2639 1274 2685 excidit.
1305 2660 1359 2666 —
1393 2638 1647 2687 Imperatores

203 2688 410 2737 Hispaniae
432 2694 518 2727 sunt
535 2691 706 2728 Metellus
726 2695 771 2729 et
785 2694 998 2742 Pompeius.
1024 2715 1080 2721 -—
1110 2694 1255 2732 Sertori
1274 2702 1362 2744 per
1376 2698 1506 2732 nwntas
1531 2697 1645 2744 fuya

204 2746 378 2807 superbia
405 2758 560 2785 romana
584 2747 719 2806 dicitur
743 2759 767 2786 a
790 2748 895 2788 Cotta
911 2751 1065 2811 Sertorii
1090 2753 1283 2800 proprium
1303 2764 1348 2790 ac
1367 2753 1548 2791 Romanis
1567 2764 1646 2791 mo-
