1774 3002
129 157 185 199 22
615 158 653 195 C.
683 156 915 195 SALLUSTI
946 157 1096 196 CRISPI

190 292 194 297 “
262 287 330 331 21.
376 285 608 331 Postremo
635 283 759 344 ipsos
790 283 975 329 colonos
1003 298 1082 343 per
1117 283 1316 330 miserias
1347 285 1390 330 et
1415 284 1582 333 incerta

129 368 306 415 humani
339 368 517 429 generis
545 382 685 413 orare.
1409 399 1413 403 .

266 455 334 498 22.
377 452 491 498 Nihil
527 467 628 498 esse
663 453 718 498 de
754 467 802 498 re
829 451 1003 512 publica
1034 466 1177 514 neque
1209 451 1406 500 libertate
1430 455 1583 516 populi

129 536 316 584 Romani
345 538 533 597 pactum.

129 676 258 711 iussit?
297 675 392 710 Vell.
411 674 462 718 ΙΙ,
496 677 562 717 18,
590 676 623 709 2.
656 665 740 708 Cic.
762 665 797 718 p.
819 672 842 707 l.
847 664 989 707 Manil.
1012 684 1043 708 c.
1067 675 1110 717 3,
1125 664 1175 710 7.
1195 661 1382 720 Appian.
1397 673 1438 709 B.
1452 660 1580 710 Mithr.

132 743 162 767 e.
185 735 251 776 22,
282 743 317 777 p
338 733 421 770 672.
460 722 515 767 ‘0
547 721 811 778 Μιθριδάτης
830 721 1060 792 σατράπαις
1073 721 1199 766 ἅπασι
1229 726 1297 766 καὶ
1324 722 1477 768 πόλεων
1489 723 1581 794 ἄρ-

132 795 244 836 χουσι
264 778 311 823 δι’
335 777 569 836 ἆπορῤήτων
589 782 750 847 ἔγραψε,
782 776 1018 848 τριακοστὴν
1041 775 1193 835 ἡμέραν
1211 778 1500 833 φυλάξαντας“
1485 787 1585 835 ομοῦ

128 838 279 888 πάντας
305 839 518 879 ἐπιθέσθαι
542 842 623 886 τοῖς
649 832 757 891 παρὰ
779 836 892 888 σφισὶ
909 832 1121 888 Ῥωμαίοις
1147 837 1215 878 καὶ
1235 834 1427 906 Ἰταλοῖς,
1451 836 1586 888 αὐτοῖς

128 911 174 941 τε
196 896 263 937 καὶ
288 895 469 961 γυναιξὶν
490 889 621 935 αὐτῶν
647 893 715 934 καὶ
741 893 854 934 παισὶ
878 892 946 933 καὶ
964 889 1259 962 ἀπελευθέροις.
1302 899 1391 936 Plut.
1419 899 1457 935 in
1477 899 1582 937 Sulla

129 970 160 994 c.
181 960 244 1001 24,
275 961 366 992 extr.
418 947 498 992 Τὸν
523 950 792 991 δεκαπέντε
819 948 1073 1002 μυριάδας
1101 947 1262 1017 ἡμέρα
1289 958 1380 1006 μιᾶ
1411 954 1507 992 τῶν
1530 952 1582 993 ἐν

124 1004 263 1076 Ἀσίᾳ
276 1004 523 1061 Ῥωμαίων
543 1009 939 1059 κατασφαγῆναι
966 1019 1425 1075 παρασκευασαντα
1454 1006 1585 1055 δεινὸν

128 1061 298 1119 ἡγοῦντο
318 1071 335 1114 (
345 1080 397 1106 sc
420 1066 461 1106 οἱ
476 1067 546 1105 τοῦ
565 1061 702 1104 Σύλλα
721 1065 976 1116 στρατιῶται)
999 1061 1094 1116 μετὰ
1112 1060 1285 1104 πλούτου
1307 1063 1374 1104 καὶ
1392 1063 1584 1119 λαφύρων

129 1125 230 1178 ορᾷν
257 1121 468 1163 ἐκπλέοντα
501 1123 569 1173 τῆς
592 1115 733 1168 Ἀσίας.
754 1143 810 1149 -
858 1123 923 1158 In
938 1128 1119 1171 tempore,
1151 1125 1251 1171 quod
1279 1125 1446 1162 Donatus
1467 1127 1584 1173 expli—

129 1187 189 1220 cat
218 1173 430 1233 εὐκαίρως,
453 1186 511 1219 est
531 1185 694 1226 mature,
718 1174 798 1216 sive
821 1183 982 1227 tempore
1002 1183 1075 1228 ipsi
1101 1185 1331 1228 opportunm
1359 1183 1405 1218 cs.
1431 1182 1479 1218 ad
1505 1182 1583 1230 lug.

129 1252 160 1276 c.
186 1240 288 1284 LVI,
319 1243 351 1277 2.
373 1260 430 1266 —
480 1238 728 1282 Debrossius,
761 1237 821 1273 cui
851 1238 1045 1284 astipulari
1077 1238 1226 1274 videtur
1249 1238 1468 1276 Gerlachius
1498 1240 1583 1276 Vol.

127 1297 185 1332 ΙΙΙ.
207 1308 242 1343 p.
264 1299 342 1341 52,
374 1295 447 1332 hoc
477 1296 727 1343 fragmentum
754 1294 804 1330 ad
831 1293 944 1330 finem
978 1296 1153 1332 tumultus
1183 1306 1205 1331 a
1231 1295 1375 1342 Lepido
1407 1297 1583 1334 commoti

129 1357 299 1401 spectare
321 1351 471 1397 censet,
501 1353 565 1388 ubi
586 1352 704 1388 variis
724 1351 824 1387 curis
844 1354 991 1397 patrum
1011 1355 1156 1388 mentes
1177 1356 1450 1389 exercerentur.

240 1411 301 1449 Fr.
324 1411 382 1447 21.
421 1407 542 1457 [Cort.
561 1420 597 1457 p.
618 1411 714 1447 95&
738 1408 835 1443 Gerl.
857 1407 916 1444 ed.
936 1409 1026 1448 mai.
1052 1409 1087 1453 1,
1117 1410 1173 1446 72.
1213 1409 1272 1445 ed.
1291 1410 1379 1445 min.
1401 1409 1437 1454 1,
1465 1413 1522 1448 58.
1543 1422 1579 1457 p.

128 1470 220 1512 190,
251 1471 305 1506 15.
336 1467 444 1503 Debr.
466 1466 519 1510 ΙΙ,
542 1463 623 1513 48.]
667 1464 783 1502 Serv.
806 1464 856 1500 ad
877 1465 983 1512 Virg.
1003 1465 1097 1502 Aen.
1118 1465 1174 1510 X,
1206 1468 1264 1503 45.
1309 1466 1363 1503 De
1390 1477 1462 1513 quo
1485 1466 1580 1503 haec

128 1524 228 1560 dicta
248 1524 333 1569 sint,
354 1523 534 1571 aptiorem
556 1533 631 1557 non
653 1522 814 1569 reperio,
839 1532 949 1568 quam
971 1520 1009 1558 C.
1030 1522 1219 1566 Marium,
1235 1525 1304 1569 quiv
1322 1534 1419 1559 anno
1442 1534 1475 1559 a.
1497 1522 1582 1560 Chr.
1622 1565 1626 1569 .

126 1592 161 1617 n.
183 1583 241 1619 88.
272 1591 294 1616 a
316 1579 421 1617 Sulla
440 1581 531 1615 urbe
553 1579 696 1614 eiectus
722 1588 766 1613 ac
793 1579 881 1625 suga
903 1579 1228 1625 periculosissima
1248 1579 1286 1615 in
1309 1580 1579 1617 Minturnarum

127 1638 354 1674 vicinitatem
374 1637 543 1680 delatus,
567 1635 616 1672 ibi
638 1636 675 1670 in
696 1634 896 1681 paludibus
918 1629 1155 1681 aliquamdiu
1169 1636 1334 1672 latitavit.
1373 1636 1413 1672 In
1435 1631 1580 1673 summo

126 1694 238 1742 igitur
260 1693 476 1729 discrimine
498 1695 690 1735 versatus,
721 1692 906 1738 equitibus
928 1691 1092 1728 Sullanis
1122 1701 1190 1739 per
1217 1696 1331 1728 totam
1354 1693 1455 1729 illam
1475 1704 1579 1729 oram

126 1761 212 1787 eum
241 1750 573 1797 investigantibus,
603 1746 779 1792 colonos,
807 1751 849 1783 ut
870 1759 912 1783 se
932 1752 1147 1793 servarent,
1174 1759 1305 1785 orasse
1334 1748 1484 1785 videtur
1509 1761 1580 1798 per

126 1807 321 1851 miserias,
344 1806 479 1854 quibus
499 1806 622 1853 ipsum
651 1803 929 1841 conflictantem⁴
947 1804 1141 1851 viderent,
1170 1809 1206 1841 et
1225 1807 1398 1853 exemplo
1421 1818 1490 1842 suo
1512 1818 1579 1843 eos

129 1863 485 1909 commonefaciens,
502 1873 614 1909 quam
630 1862 772 1897 incerta
788 1865 890 1897 esset
905 1861 1077 1898 condicio
1091 1862 1312 1898 mortalium.
1334 1863 1380 1898 cf.
1395 1863 1579 1900 Plutarch.

126 1922 163 1956 in
179 1921 270 1956 Mart
293 1933 323 1956 c.
344 1923 391 1958 36
412 1923 447 1955 et
465 1921 524 1964 37,
546 1919 609 1955 ubi
625 1919 688 1954 illa
703 1918 812 1954 Marii
834 1919 925 1965 suga
946 1923 983 1954 et
1005 1919 1185 1955 mirabilis
1201 1920 1439 1956 conservatio
1457 1920 1578 1957 rusius

127 1981 308 2013 narratur.
347 1977 454 2015 Oros.
471 1976 519 2021 V,
543 1978 598 2014 19.
617 1994 676 2000 —-
707 1975 901 2011 Debrossii
917 1976 1118 2022 explicatio
1134 1972 1247 2012 h'uius
1268 1975 1463 2023 frag-menti
1481 1976 1577 2012 haec

126 2037 206 2070 est:
228 2033 386 2081 „Lepidi
396 2033 495 2070 servi
512 2031 732 2068 Thur-runos
745 2032 891 2068 colonos
903 2043 978 2079 pro
995 2032 1133 2080 Lepido
1146 2035 1357 2080 aeyrotante
1371 2032 1578 2081 deprecan-

126 2094 187 2126 tur
198 2117 208 2134 ,
234 2094 276 2126 ut
293 2101 375 2127 eum
393 2091 587 2137 diynenlur
607 2089 784 2135 excipere
802 2090 842 2124 in
859 2089 972 2134 urbe,
1001 2089 1063 2125 ubi
1072 2090 1202 2137 paullo
1214 2093 1303 2136 post
1321 2093 1487 2126 mortuus
1505 2089 1576 2126 Le-

118 2146 274 2194 pidus.“
288 2147 405 2191 Quae
422 2156 646 2193 quamquam
663 2145 897 2191 ineptissima
917 2150 1013 2190 sunt,
1039 2149 1162 2181 tamen
1179 2146 1363 2182 Ger-lachii
1378 2157 1576 2183 assensum

128 2203 255 2239 tulere.
291 2203 412 2247 Quin
404 2214 436 2238 ιε
454 2202 514 2238 his
532 2212 606 2236 non
622 2205 817 2238 contentus
835 2213 904 2249 pro
925 2201 1121 2238 humani
1135 2204 1284 2250 generis
1299 2213 1347 2238 ex
1364 2203 1579 2240 coniectura

127 2260 279 2307 scripsit
297 2258 502 2295 Romani
515 2259 690 2305 yeneris!

237 2316 296 2352 Fr·
315 2318 371 2353 22.
406 2311 547 2368 [Deest
559 2313 661 2360 apud
682 2312 797 2358 Cort„
821 2313 917 2349 Gerl.
939 2313 998 2349 ed.
1021 2314 1105 2350 mai.
1129 2318 1165 2364 et
1184 2314 1293 2351 Debr.
1317 2336 1367 2342 —
1401 2317 1497 2353 Gerl.
1518 2316 1581 2353 ed.-
1612 2335 1615 2337 ·

126 2373 216 2409 min.
237 2372 272 2417 I,
294 2374 350 2410 31.
371 2383 406 2418 p.
429 2372 517 2415 184,
539 2372 595 2408 24.
606 2367 619 2417 ]
660 2369 947 2417 Fragmentum,
956 2370 1070 2417 quod
1090 2382 1221 2408 recens
1243 2374 1405 2410 accessit
1423 2384 1472 2410 ex
1491 2373 1575 2410 cod.

127 2428 222 2466 Gud.
240 2429 421 2466 Arusiani
443 2439 479 2464 v.
493 2428 684 2474 paciscor,
704 2438 741 2473 p.
759 2429 840 2464 251.
864 2426 1042 2473 Lindem.‚
1064 2439 1139 2463 non
1156 2429 1248 2464 sine
1258 2441 1396 2478 mag-na
1412 2429 1574 2477 quadam

126 2485 466 2522 verisimilitudinis.
486 2483 613 2531 specie
634 2483 726 2519 mihi
745 2483 886 2518 referre
905 2483 1041 2519 videor
1062 2485 1110 2520 ad
1131 2486 1169 2521 L.
1191 2485 1299 2522 Corn.
1322 2485 1490 2531 Cinnam,
1511 2487 1574 2533 qui

125 2543 163 2579 in
185 2553 323 2579 annum
344 2543 403 2579 87.
425 2553 457 2577 a.
479 2540 563 2577 Chr.
586 2551 620 2575 n.
642 2540 774 2576 consul
796 2543 955 2585 creatus,
982 2551 1095 2587 quum
1118 2540 1243 2578 Sullae
1264 2541 1507 2579 iureiurando
1532 2554 1573 2579 se

125 2599 408 2643 obstrinxisset,
439 2598 537 2634 illius
566 2596 730 2633 instituta
754 2607 795 2633 se
819 2600 1075 2642 servaturum,
1105 2599 1226 2634 statim
1245 2602 1332 2646 post
1351 2599 1432 2635 eius
1452 2599 1578 2647 prore-

125 2656 288 2692 ctionem
317 2655 354 2690 in
376 2654 570 2691 Graeciam
590 2664 652 2690 res
675 2656 794 2689 novas
815 2653 936 2689 moliri
960 2655 1096 2700 coepit,
1127 2655 1299 2692 dictitans
1317 2654 1409 2692 nilzil
1425 2665 1504 2691 esse
1530 2656 1576 2691 de

125 2712 315 2760 republica
333 2709 450 2759 neque
470 2710 635 2747 libertate
647 2710 784 2757 populi
801 2709 963 2746 Romani
971 2714 1137 2757 pactum,
1165 2713 1188 2749 i.
1208 2723 1239 2748 e.
1261 2712 1354 2748 nihil
1375 2723 1416 2748 se
1437 2712 1574 2759 promi-

129 2769 248 2816 sisse,
283 2767 385 2816 quod
406 2772 535 2805 contra
554 2767 825 2814 rempublicam
853 2770 916 2803 aut
934 2767 1140 2804 libertatem
1166 2769 1296 2817 populi
1327 2768 1433 2805 Rom.
1461 2771 1581 2809 esset.
