1774 3002
430 152 759 196 HISTORIARUM
786 156 1098 194 FRAGMENTA.
1156 156 1246 192 LIB.
1275 155 1339 191 lv,
1510 150 1593 195 317

119 301 144 336 ε
162 284 390 331 insomniis
417 258 628 329 occidere.
675 282 936 337 Eumenem,
968 280 1094 326 euius
1130 279 1358 325 amicitiam
1397 282 1595 343 gloriose

157 369 390 422 ostentant,
409 366 530 413 initio
547 365 781 427 prodidere
804 363 1039 419 Antiocho,
1065 363 1187 423 pacis
1205 362 1472 419 mercedem3
1492 364 1595 422 post

157 450 351 496 habitum
378 450 604 496 custodiae
634 449 733 510 agri
765 447 926 508 captivi
956 445 1204 506 sumptibus
1242 448 1287 491 et
1318 445 1594 491 contumeliis

157 548 215 579 ex
239 546 349 594 rege
372 532 676 581 miserrumum
697 545 930 578 servorum
953 530 1162 584 effecere,
1189 528 1482 591 simulatoque
1508 529 1595 574 im-

157 616 232 676 pio
269 618 553 672 tentamento,
593 616 730 669 filium
772 614 869 660 eius
905 613 1226 668 Aristonicum,
1266 613 1370 674 quia
1406 612 1593 672 patrium

157 712 345 760 regnum
367 699 607 759 petiverat,
639 698 829 746 hostium
859 711 981 742 more
1005 711 1085 756 per
1110 696 1376 756 triumphum
1403 696 1595 754 duxere3

155 835 305 881 XXVII,
327 838 362 873 2
407 837 460 873 De
479 848 519 872 re
541 838 623 884 ipsa
643 848 680 872 v.
703 835 856 872 Diodor.
879 835 1053 881 Excerpt.
1076 833 1206 880 XXXI,
1227 838 1261 872 2.
1285 833 1370 869 Vol.
1386 832 1431 868 11.
1454 844 1492 879 p.
1512 835 1595 871 516.

156 892 319 928 Wessel.
362 893 548 929 Plutarch.
571 894 610 928 in
636 893 744 929 Aem.
770 891 885 928 Pauli.
911 902 944 927 c.
968 893 1028 930 37.

268 952 303 992 s.
327 951 363 988 8.
409 949 609 986 Eumenem
642 969 698 976 -
733 947 938 996 prodidere
965 947 1159 990 Απεὲοσήο)
1182 947 1284 983 Nat.
1313 951 1347 985 1.
1380 946 1475 982 mira
1513 957 1592 983 cor-

156 1005 301 1052 ruptela
327 1005 534 1042 occider-mn
565 1015 612 1042 en
640 1007 756 1042 citius.
804 1003 903 1049 Quid
932 1003 1118 1051 significet
1138 1003 1372 1040 Mithridates
1395 1004 1594 1040 obscurum

158 1066 234 1103 est,·
262 1071 383 1108 neque
415 1061 587 1098 videntur
616 1061 711 1098 haec
742 1060 794 1097 ad
821 1071 946 1096 rerum
975 1060 1168 1096 veritatem
1195 1060 1299 1108 exigi
1319 1071 1458 1107 posse,
1482 1070 1594 1107 quum

156 1117 390 1154 Mithridates
412 1122 450 1154 ut
468 1116 661 1155 Romanos
683 1117 899 1154 criminibus
919 1121 1069 1161 oneret,
1097 1127 1159 1153 res
1182 1116 1402 1164 detorqueat
1426 1121 1462 1153 et
1485 1127 1597 1164 syco-

156 1173 379 1221 phantarum
405 1185 508 1211 more
538 1175 723 1222 loquatur.
743 1194 795 1200 --
834 1173 887 1209 De
907 1174 1034 1210 verbis
1050 1175 1157 1220 pacis
1174 1174 1377 1210 mercedem
1398 1175 1445 1213 cl'.
1466 1173 1515 1210 ad
1534 1173 1596 1208 Fr.

156 1229 218 1274 111,
231 1227 297 1275 82,
317 1233 376 1269 26.
400 1250 451 1257 -
483 1226 756 1268 Post'habitum
782 1230 968 1267 custodiae
987 1231 1186 1266 verissima
1208 1234 1265 1266 est
1286 1229 1373 1267 cod.
1395 1231 1482 1267 Vat.
1502 1235 1537 1269 l.
1558 1233 1595 1267 2.

159 1286 357 1333 scriptura,
377 1289 534 1335 turpiter
554 1291 728 1335 corrupta
748 1288 810 1323 illa
830 1297 851 1322 a
871 1285 1082 1331 Bfieoneio,
1103 1287 1165 1333 qui
1186 1286 1273 1322 inde
1294 1287 1381 1323 lecit
1394 1291 1480 1334 post
1496 1288 1596 1323 Atta-

158 1342 232 1382 lum
264 1343 469 1389 cumdem,
505 1346 579 1380 iam
615 1355 661 1379 eo
702 1344 851 1379 nomine
896 1343 1189 1389 ineptissimum,
1226 1343 1327 1390 quod
1344 1344 1595 1387 Aristonicus,

158 1397 323 1434 Eumene
342 1403 463 1444 natus,
486 1401 536 1436 ita
554 1400 653 1436 filius
673 1399 888 1447 perhibetur
909 1392 1034 1435 Attali.
1090 1399 1135 1435 Et
1163 1404 1287 1435 tamen
1312 1399 1385 1436 hoc
1405 1410 1595 1436 commen-

159 1458 235 1490 tum
263 1465 395 1492 omnes
432 1456 520 1492 edd.
550 1467 670 1503 usque
708 1456 757 1492 ad
783 1455 961 1492 Orellium
992 1456 1142 1492 invasit.
1189 1457 1372 1503 Perquam
1407 1456 1595 1493 invidiose

160 1514 283 1547 antem
313 1511 548 1549 Mithridates
578 1512 638 1549 his
669 1514 795 1549 verbis
825 1511 1013 1559 signifieat
1038 1512 1242 1548 Eumenem
1272 1517 1453 1550 terrarum
1486 1518 1596 1560 atque

159 1567 318 1613 urbium,
337 1578 431 1615 quas
450 1569 608 1605 Romani
631 1570 730 1605 victo
750 1568 936 1605 Antiocho
956 1569 991 1604 ei
1012 1568 1214 1614 donarunt,
1234 1580 1309 1605 non
1330 1581 1593 1616 possessorem

160 1627 271 1670 atque
287 1623 478 1662 dominum
493 1626 624 1670 ruisse,
644 1625 714 1662 sed
731 1625 987 1662 tantummodo
1006 1625 1200 1662 custodem
1216 1626 1328 1662 alieni
1344 1628 1439 1674 agri,
1457 1628 1594 1675 quippe

159 1679 231 1725 qui·
248 1690 290 1715 re
315 1691 410 1718 vera
436 1681 687 1719 Romanorum
716 1686 836 1726 esset,
869 1682 986 1718 ruisse
1015 1682 1192 1729 positum.
1210 1701 1268 1708 —
1297 1682 1517 1731 Samnitibus,
1540 1696 1594 1720 sc.

160 1746 255 1782 quos
282 1737 408 1773 faeere
435 1749 521 1774 eum
547 1743 751 1786 coegerunt
777 1742 854 1774 tum
881 1739 1040 1775 navibus
1069 1739 1325 1785 praebendis‚‘
1352 1744 1428 1776 tum
1459 1742 1594 1787 quovis

159 1789 367 1828 officiorum
402 1799 512 1841 atque
546 1796 716 1832 laborum
750 1805 889 1842 genere
919 1806 991 1841 -pro
1026 1794 1207 1832 Romanis
1244 1796 1501 1843 suscipiendo.
1538 1816 1596 1822 —

159 1847 386 1885 Coum
412 1850 574 1887 Orellius
601 1852 697 1887 hene
723 1853 837 1887 refert
864 1850 914 1886 ad
944 1851 1037 1887 illud
1065 1856 1223 1887 senatus
1251 1854 1480 1897 consultum,
1519 1864 1592 1900 quo

157 1903 356 1949 Eumenes,
377 1916 490 1952 quum
512 1906 668 1942 Romam
687 1918 729 1942 se
749 1908 920 1942 conferre
942 1908 1206 1952 constituisset,
1221 1908 1325 1944 ltalia
1345 1911 1447 1945 abire
1466 1911 1595 1946 iussus

163 1963 239 2003 est,
267 1963 366 1996 -teste
399 1962 505 1996 Livio
538 1962 664 1999 XLVI.
723 1963 926 2006 Eumenes,
954 1965 1039 2010 quia
1057 1962 1297 2001 Macedonico
1323 1965 1413 2002 bello
1438 1966 1593 2002 medium

161 2019 297 2062 egerat,
312 2025 361 2052 ne
381 2021 446 2053 aut
463 2017 574 2053 hostazs
590 2019 770 2055 iudicatus
786 2019 981 2063 videretur,
1002 2021 1038 2054 si
1054 2021 1228 2056 exclusus
1249 2025 1352 2067 esset,
1376 2026 1444 2058 aut
1457 2022 1592 2058 tibera—

161 2075 219 2106 ωε
247 2073 417 2118 σνίπιὸιε,
447 2074 773 2119 &adnomen-em,
799 2077 836 2111 in
865 2085 1053 2111 commune
1080 2077 1144 2112 lex
1170 2077 1244 2112 laia
1270 2082 1340 2123 eet,
1370 2080 1596 2129 necuit-equ·

162 2125 317 2163 Romam
336 2130 461 2164 neme
479 2129 615 2166 liceret.
635 2132 684 2166 ct.
703 2132 833 2178 Polyb.
860 2131 972 2178 legat.
992 2133 1053 2170 97.
1084 2150 1142 2157 -—
1182 2132 1357 2170 Simulato
1381 2138 1592 2172 testamento

161 2182 341 2228 Ursinus,
369 2185 504 2221 collato
534 2186 792 2234 Porphyrione
821 2188 871 2224 ad
898 2187 1027 2234 Horat.
1071 2188 1139 2225 od.
1169 2189 1220 2233 Π,
1247 2194 1305 2238 18,
1325 2194 1375 2236 6.,
1397 2193 1497 2239 capit
1522 2204 1591 2239 pro

158 2237 259 2284 fabo
287 2241 369 2276 sive
388 2241 573 2278 subditicio
591 2246 799 2280 testamento
808 2260 819 2284 ,-
854 2243 923 2280 sed
946 2243 1032 2280 huic
1060 2246 1352 2292 interpretationi
1378 2259 1590 2296 repugnare

162 2294 309 2331 videtur
327 2298 535 2349 proximum
558 2301 778 2336 vocabulum
798 2300 919 2348 impio,
940 2312 1014 2347 quo
1037 2303 1097 2337 vel
1115 2301 1188 2338 hoc
1207 2303 1331 2350 ipsum
1356 2305 1590 2351 significatur

161 2351 308 2388 frauder
331 2353 468 2389 sactum
504 2365 590 2390 esse
624 2355 714 2392 illud
746 2360 1031 2401 testamentum,
1072 2358 1132 2393 vel
1168 2364 1270 2396 certe
1308 2361 1590 2398 iniustissimum

161 2407 298 2452 fuisse,
325 2410 488 2445 exclusis
507 2409 709 2448 heredibus
730 2413 903 2459 legitimis
922 2413 961 2448 in
980 2424 1184 2461 eorumque
1204 2416 1327 2452 locum
1348 2418 1481 2455 alienis
1504 2420 1591 2455 sub-

160 2463 308 2500 stitutis.
348 2465 472 2511 Quare
490 2467 656 2503 mutato
672 2470 759 2516 imp.
787 2473 865 2506 teet.
893 2470 1105 2516 significare
1131 2477 1221 2517 puto
1242 2478 1590 2519 praetexentes

159 2520 307 2566 impiam
328 2524 593 2567 camenam,
622 2534 675 2559 sc.
696 2536 769 2571 quo
792 2537 948 2572 reg-num
972 2527 1242 2574 Pergamenum
1264 2541 1372 2565 suum
1393 2536 1480 2567 esse
1502 2543 1589 2567 eon-

160 2575 370 2613 tendebant.
407 2577 683 2620 Testamentum
700 2580 921 2629 intelligitur
937 2582 1052 2618 Attali
1071 2583 1140 2627 111,
1176 2585 1235 2620 eui
1262 2584 1500 2623 Philometor}
1526 2600 1587 2623 co·

161 2642 323 2677 gnomen
345 2633 428 2677 luit,
451 2644 549 2669 anno
576 2637 660 2673 133.
686 2647 723 2672 a.
753 2635 838 2673 Chr.
870 2650 904 2674 n.
938 2637 1103 2674 defuncti
1113 2651 1124 2684 ;
1155 2641 1204 2675 cl.
1234 2641 1315 2677 Liv.
1342 2642 1439 2689 Epit.
1460 2644 1584 2680 LVlll.

159 2686 342 2724 Heredem
361 2690 538 2736 populum
558 2690 763 2728 Romanum
782 2695 983 2741 reliquerat
1000 2696 1160 2740 Attalus,
1190 2707 1262 2733 rex
1286 2697 1476 2746 Per-qumi,
1508 2700 1584 2735 Eu-

158 2745 272 2779 menis
285 2746 397 2791 filius.
436 2746 531 2782 Vell.
554 2747 596 2792 ll,
614 2750 648 2791 4,
671 2753 701 2785 l.
737 2749 837 2786 Flor.
863 2750 906 2795 11,
926 2755 984 2797 m,
1007 2757 1041 2790 2.
1071 2754 1233 2799 Appian.
1267 2755 1305 2794 Β,
1329 2756 1448 2794 Miihr.
1471 2769 1502 2792 e.
1526 2762 1585 2796 62.
