1774 3002
181 167 263 210 162
415 161 431 170 “
681 170 720 209 o.
752 170 984 211 SALLUSTI
1011 171 1167 212 cmsm

181 294 226 340 in
255 293 323 340 his
355 293 541 343 miseriis
577 300 733 345 cuncta
763 312 832 343 me
859 312 957 343 cum
997 299 1175 345 fortuna
1202 297 1636 348 deseruere..Prae-

181 381 303 425 terea
331 380 560 437 senectus,
602 397 682 442 per
713 396 764 427 se
802 381 979 442 gravis,
1012 397 1163 428 curam
1193 382 1407 443 duplicat,
1447 381 1517 428 cui
1547 383 1635 429 mi-

183 477 307 519 sero,
337 463 435 507 acta
466 463 551 510 iam
575 467 742 522 aetate,
772 480 829 510 ne
856 467 1041 510 mortem
1060 466 1235 527 quidem
1263 466 1494 512 honestam
1524 481 1634 526 spe-

183 561 281 592 rare
315 545 428 591 licet.
472 545 581 594 Nam
611 545 649 591 si
679 547 898 607 parricida
935 548 1076 595 vostri
1114 564 1234 606 sum,
1275 553 1319 596 et
1354 549 1420 596 bis
1456 548 1634 612 genitus
1651 566 1674 601 3

185 688 273 720 tum.
293 703 351 710 —
393 682 570 720 Senectus
584 693 660 730 per
679 694 719 722 se
735 687 881 734 oravi-s,
906 697 980 732 qua
999 697 1127 723 curam
1149 688 1220 725 sibi
1245 687 1429 735 duplicari
1450 688 1501 725 ait
1521 687 1640 737 Cotta,

184 752 260 778 non
286 741 396 778 nimis
427 741 552 778 stricto
575 751 692 778 sensu
719 742 906 790 capienda
928 747 1008 789 est3
1036 744 1188 791 proprie
1211 745 1311 782 enim
1333 756 1451 782 senex
1472 745 1546 782 dici
1565 757 1640 782 non

183 799 314 845 potuit,
337 798 400 846 qui
418 801 493 835 tum
509 808 629 834 annos
650 804 759 836 natus
774 805 879 837 esset
899 810 1036 837 novem
1055 804 1091 836 et
1112 801 1383 849 quadraginta;
1405 803 1452 839 cs.
1469 803 1498 839 F
1500 802 1639 839 ischeri

184 855 300 893 Tabb.
324 855 495 901 chronol.
521 854 606 891 hist.
630 867 723 893 rom.
747 868 785 904 p.
809 859 889 896 147.
913 860 949 892 et
970 857 1144 895 Ellendtii
1168 859 1261 896 Hist.
1286 860 1383 906 eloq.
1404 870 1501 897 rom..
1521 861 1558 902 S.
1579 861 1638 898 29.

186 917 263 949 not.
288 915 349 951 84.
371 924 408 960 p.
436 913 496 951 78.
520 912 581 948 ed.
604 913 648 949 II.
697 913 857 950 Videtur
885 914 997 961 igitur
1018 913 1142 962 Cotta,
1175 916 1238 963 qui
1267 927 1360 952 sane
1381 927 1458 952 non
1479 916 1640 964 amplius

186 970 336 1007 iuvenis
357 974 478 1015 esset,
508 976 787 1016 praematuram
809 975 1037 1008 senectutem
1061 983 1106 1007 eo
1127 973 1286 1010 consilio
1309 983 1640 1016 commemorasse,

186 1031 226 1064 ut
243 1027 374 1074 populi
399 1026 699 1064 misericordiam
719 1038 765 1064 eo
788 1029 934 1070 facilius
956 1035 1223 1067 commoveret.
1249 1050 1306 1058 —
1354 1030 1423 1068 Cui
1440 1030 1570 1067 referri
1592 1029 1640 1066 ad

187 1083 440 1132 supplendum
459 1095 668 1131 pronomen
688 1085 777 1121 mihi
796 1085 861 1122 vix
886 1089 960 1131 est,
984 1085 1087 1132 quod
1106 1091 1314 1123 moneatur.
1344 1106 1390 1114 —
1443 1088 1514 1123 Pro
1535 1091 1640 1123 acta

186 1143 260 1178 iam
282 1145 414 1186 aetate,
439 1141 540 1188 quod
560 1153 692 1178 omnes
713 1142 826 1179 codd.
850 1147 1007 1187 tuentur,
1031 1141 1159 1179 Carrio
1181 1144 1329 1191 scripsit
1348 1147 1544 1180 senecta
1567 1145 1641 1180 iam

187 1202 323 1245 aetate,
346 1202 469 1244 ratus,
501 1198 603 1246 quod
623 1198 780 1236 Servius
802 1199 851 1236 ad
872 1200 980 1246 Virg.
1001 1199 1097 1235 Aen.
1119 1200 1192 1250 XI,
1220 1203 1299 1240 165.
1348 1196 1567 1238 Sallustium
1585 1211 1642 1236 re-

190 1257 260 1292 l'ert
278 1255 338 1292 his
363 1256 490 1293 verbis
511 1267 621 1292 usum
641 1266 748 1301 esse,
781 1268 827 1293 ea
851 1267 926 1292 non
953 1256 1105 1292 aliunde
1130 1268 1243 1304 quam
1265 1268 1314 1293 ex
1341 1257 1413 1294 hoc
1442 1258 1526 1298 loco
1554 1267 1641 1293 esse

135 1315 140 1319 '
191 1313 401 1360 desumpta.
466 1312 545 1349 Sed
581 1317 619 1348 ut
657 1317 847 1350 taceamus
890 1313 1014 1350 multis
1054 1314 1138 1350 aliis
1167 1314 1262 1351 locis
1297 1314 1463 1351 virorum
1496 1317 1642 1351 seiaecta

188 1372 263 1407 iam
284 1373 403 1406 aetate
421 1370 650 1406 mentionem
673 1370 775 1406 iniici
795 1370 964 1417 potuisse
977 1399 986 1414 ,
1007 1380 1082 1406 non
1104 1372 1224 1407 solum
1244 1370 1417 1408 codicum
1438 1372 1640 1407 auctoritas

191 1427 381 1476 Carrionis
403 1427 610 1474 scripturae
633 1426 867 1474 adversatur,
894 1427 963 1463 sed
983 1427 1094 1464 etiam
1114 1427 1207 1474 hoc,
1234 1428 1336 1475 quod
1355 1429 1439 1475 ipsa
1460 1427 1643 1464 sententia

191 1488 345 1532 propter
360 1484 595 1531 praecedens
615 1489 783 1522 senectus
800 1484 938 1520 misere
961 1486 1126 1532 languet.
1182 1484 1307 1530 Quare
1327 1485 1504 1531 Orellius,
1521 1484 1642 1521 Faber

195 1546 232 1578 et
256 1540 477 1577 Gerlachius
498 1542 537 1577 in
558 1541 620 1577 ed.
645 1542 734 1578 min.
757 1546 857 1578 recte
879 1542 1100 1589 scripturam
1124 1552 1145 1576 e
1166 1541 1300 1579 Servio
1321 1543 1474 1590 petitam
1492 1540 1644 1589 repudi-

193 1603 312 1635 arunt.
357 1597 607 1634 Nihilominus
637 1598 887 1635 Doederlinus
916 1599 953 1634 in
983 1598 1193 1646 Synonym.
1226 1599 1304 1635 Lat.
1326 1600 1413 1635 Vol.
1434 1598 1497 1635 IV.
1519 1609 1558 1646 p.
1582 1600 1642 1636 94.

194 1655 358 1702 aliquam
379 1655 414 1690 ei
433 1654 549 1691 fidem
568 1656 734 1691 tribuens
758 1656 919 1705 coniecit
938 1656 999 1692 cui
1014 1656 1147 1692 misero
1160 1683 1172 1701 ‚
1200 1658 1323 1702 seni,
1351 1659 1459 1692 acta
1486 1655 1562 1691 iam
1583 1664 1644 1690 ae-

195 1716 266 1748 tate
279 1741 288 1757 ,
322 1722 418 1759 quae
445 1712 663 1748 coniectura
691 1712 880 1759 ingeniosi
917 1712 1133 1758 ceteroquin
1166 1716 1202 1747 et
1234 1711 1495 1759 circumspecti
1526 1711 1643 1747 critici

195 1780 308 1817 quum
329 1769 429 1805 omni
452 1768 694 1805 fundamento
717 1768 957 1813 destituatur,
982 1769 1112 1805 merito
1134 1768 1263 1804 infelix
1281 1768 1448 1815 putanda
1468 1772 1537 1804 est.

309 1828 343 1869 §-
373 1829 408 1865 3.
451 1826 652 1873 parricida
679 1827 811 1870 vostri)
864 1825 917 1861 De
950 1825 987 1862 vi
1013 1825 1214 1872 parricida
1244 1825 1350 1862 vocis
1373 1838 1410 1863 v.
1434 1824 1484 1861 ad
1506 1823 1586 1860 Cat.
1609 1834 1642 1859 c.

195 1883 335 1929 XXXI,
361 1886 397 1921 8.
414 1894 454 1930 p.
475 1885 556 1921 149.
602 1882 700 1927 Quid
730 1882 835 1919 Cotta
861 1881 1052 1929 parricidii
1083 1882 1238 1918 crimine
1266 1881 1328 1918 hic
1357 1881 1514 1929 intelligi
1542 1880 1644 1924 velit,

197 1942 279 1988 ipse
300 1940 543 1987 sequentibus
567 1939 692 1976 verbis
712 1939 799 1977 deos
818 1940 969 1987 penatis
983 1957 1039 1967 ——·
1052 1940 1136 1976 m‘tn‘a
1157 1938 1272 1976 habeo
1291 1938 1501 1975 accuratius
1521 1933 1647 1974 decla·

198 2002 277 2042 rat3
309 2008 424 2044 quare
455 2000 490 2033 et
514 1997 699 2044 particula
719 1996 986 2044 explicativam
1005 1996 1083 2034 vim
1102 1995 1235 2041 habet,
1269 1995 1316 2031 de
1341 2006 1417 2043 qua
1434 2006 1474 2031 v.
1495 1993 1546 2031 ad
1567 1992 1647 2031 Cat.

197 2054 302 2099 XIX,
323 2058 358 2092 2.
380 2066 418 2100 p.
439 2057 497 2093 92.
519 2073 576 2079 —-
626 2054 788 2090 Genitivi
816 2055 930 2090 vostri
946 2053 1127 2089 rationem
1149 2053 1419 2089 illustravimus
1439 2051 1490 2089 ad
1510 2050 1590 2088 Cat.
1611 2062 1645 2086 c.

198 2111 370 2156 XXXIII,
395 2113 429 2147 2.
454 2122 492 2158 p.
515 2113 584 2149 154
603 2122 659 2157 sq.
678 2130 735 2135 —
777 2111 846 2147 Bis
862 2111 1020 2158 yenitum
1041 2121 1083 2146 se
1108 2109 1211 2146 Cotta
1232 2109 1334 2155 dicit,
1361 2109 1449 2156 quia
1467 2108 1647 2146 adversa-

202 2168 337 2205 riorum
361 2168 522 2203 factione
545 2178 643 2203 anno
662 2170 720 2206 90.
739 2179 773 2203 a.
792 2166 876 2203 Chr.
895 2178 932 2202 n.
954 2167 992 2202 in
1014 2167 1166 2202 exilium
1183 2167 1315 2214 pulsus
1335 2170 1420 2202 octo
1439 2166 1548 2203 annis
1561 2167 1648 2211 post

201 2225 239 2260 in
261 2224 418 2270 patriam
437 2228 636 2260 revocatus
666 2225 804 2268 suemt,
836 2228 874 2259 ut
897 2223 1019 2259 reditu
1040 2235 1108 2259 suo
1131 2223 1238 2269 quasi
1260 2223 1392 2259 iterum
1414 2226 1523 2259 natus
1542 2219 1647 2258 vide-

202 2284 316 2325 retur,
335 2291 462 2327 quum,
483 2280 545 2326 qui
571 2276 720 2316 civitate
742 2284 924 2324 carerent,
947 2280 1012 2315 vix
1032 2283 1315 2316 numerarentur
1335 2280 1430 2316 inter
1447 2279 1571 2316 vivos.
1590 2275 1647 2314 Si-

199 2338 336 2375 militer
356 2335 485 2373 Cicero
514 2335 562 2372 de
593 2347 634 2372 se
655 2337 834 2383 loquitur,
863 2347 974 2382 quum
1004 2336 1043 2371 in
1062 2337 1219 2383 patriam
1239 2340 1340 2372 esset
1359 2337 1571 2379 restitutum
1595 2332 1645 2368 cs.

201 2395 296 2441 Epp.
320 2393 370 2430 ad
389 2393 501 2429 Attic.
523 2391 593 2437 IV,
616 2396 655 2437 1,
681 2397 774 2428 extr.
815 2393 1028 2429 Alterius
1047 2394 1170 2429 vitae
1188 2393 1371 2441 quoddam
1390 2393 1528 2430 mitium
1544 2388 1646 2427 ordi-

202 2462 301 2487 mur.
322 2450 377 2486 Id.
398 2451 447 2487 ib.
467 2450 532 2495 VI,
553 2452 588 2494 6,
612 2453 706 2485 extr.
728 2449 937 2485 Amicorum
955 2450 1096 2485 litterae
1115 2460 1173 2487 me
1194 2450 1246 2486 ad
1263 2449 1486 2498 munupkum
1501 2449 1645 2488 vocant,

157 2552 161 2561 ‚
204 2517 283 2544 rem
302 2519 325 2543 α
343 2507 466 2553 nobule,
480 2511 519 2543 ut
534 2516 599 2554 eqo
620 2506 801 2552 arbitror,
825 2509 984 2554 propter
1002 2506 1100 2542 hanc
1120 2505 1418 2557 παλιγγενεσίαν
1437 2508 1646 2542 nostram

203 2575 278 2601 non
296 2563 560 2611 neqlayendam.
607 2562 664 2598 Id.
687 2574 727 2610 p.
748 2562 829 2598 red.
851 2564 890 2598 in
910 2562 1002 2599 Sen.
1024 2567 1087 2608 11,
1109 2567 1167 2603 27.
1209 2562 1319 2600 Illum
1336 2563 1432 2600 diem
1450 2561 1495 2598 P.
1516 2560 1647 2597 Lentu-

206 2622 264 2657 lus
285 2620 374 2656 mihi
397 2620 585 2668 fratrique
605 2629 684 2656 meo
706 2619 898 2667 liberisque
923 2621 1059 2656 nostris
1085 2621 1294 2657 natalem
1312 2619 1514 2655 constituit—
1544 2618 1647 2655 Cete-

207 2688 288 2713 rum
313 2678 455 2725 yenitus
480 2677 716 2724 participium
743 2676 804 2713 hic
832 2676 970 2713 habere
997 2677 1075 2714 vim
1103 2676 1374 2713 enunciationis
1400 2676 1645 2712 concessivae

207 2735 245 2770 in
272 2737 447 2780 promptu
470 2738 539 2770 est.
564 2753 612 2759 —-
663 2733 737 2770 Hic
761 2736 880 2768 utrum
912 2733 1129 2779 simpliciter
1160 2734 1231 2770 loci
1254 2734 1474 2779 potestatem
1498 2731 1648 2777 habeat,

207 2794 245 2826 ut
266 2790 364 2826 sitin
382 2789 474 2826 urbe
494 2789 625 2835 Roma,
642 2800 690 2825 an
711 2789 758 2825 de
777 2793 943 2835 tempore
967 2800 1010 2825 ac
1036 2800 1159 2825 rerum
1180 2787 1402 2825 condicione
1424 2786 1563 2824 dictum
1584 2798 1648 2825 va-
