1774 3002
0 0 283 141 rw

209 306 344 351 vvere,
368 293 441 355 qui
461 292 662 353 profecto
690 303 781 336 non
803 289 992 350 amplius
1025 289 1215 348 possunt
1249 284 1466 331 alimentis
1490 298 1648 330 caree-

212 377 288 424 ris.
349 378 547 438 Namque
579 377 630 419 ut
660 373 747 419 illis
779 372 1026 433 exiguitate*
1050 385 1172 417 mors
1204 369 1482 430 prohibetur,
1513 381 1649 413 sene-

212 463 346 508 scunt
369 461 511 515 vires,
547 457 613 503 sic
638 470 783 518 neque
812 455 1004 502 absolvit
1029 469 1135 500 cura
1169 453 1369 500 familiari
1398 456 1489 498 tam
1510 465 1651 511 parva

215 558 310 600 res,
352 546 396 589 et
440 539 659 603 ignaviam
707 538 920 600 cuiusque
965 537 1222 584 tenuissima
1267 552 1348 598 spe
1392 537 1649 591 frustratur3

159 633 329 688 mquac
349 628 495 672 tamen
514 621 715 686 quamvis
731 622 877 683 ampla
896 621 1101 685 quoniam
1121 620 1273 667 serviti
1292 620 1480 682 pretium
1493 621 1652 665 osten-

429 221 436 224 >
484 165 814 206 ffls'romAme
842 163 1153 202 FRAGMENTA.
1210 163 1298 200 Lm.
1325 163 1384 199 ιιι.
1561 153 1646 198 237

215 787 368 834 quasque
386 786 595 822 munim
607 784 938 833 per-smirnam
955 801 1015 807 -·
1032 781 1120 819 cod.
1142 780 1266 818 ciacc.
1282 784 1319 816 et
1334 781 1458 828 iynavn'
1477 781 1652 827 cuiusque

217 843 424 879 mmmm
445 851 514 889 spe
527 836 754 890 'fr-miratur.
799 840 879 876 Hae
901 837 1075 877 codicum
1097 838 1375 885 discrepantiae
1394 838 1548 874 multum
1570 836 1649 872 edi·

216 905 317 937 tores
344 902 544 935 torseiunt.
578 898 676 935 Edd.
705 898 802 933 Ven.
822 896 920 932 enim
948 897 1129 943 praebent
1148 900 1189 931 ¹et
1209 896 1374 942 ignavi
1398 895 1478 942 qui
1502 902 1654 940 usqu-e

217 956 447 992 resumit-vinnm
459 965 490 1002 p
501 955 837 1003 erfrustranwm
849 972 908 979 —-
920 952 1109 989 Puteanus
1124 951 1227 999 apud
1243 949 1461 991 Carrionem
1477 955 1514 986 el
1528 951 1654 997 iqua-

217 1020 300 1049 oms
332 1013 528 1059 quisque
561 1013 769 1048 mucias-ima
795 1019 863 1057 spe
892 1009 1124 1056 frustratur,-
1150 1028 1206 1034 -—
1241 1007 1421 1044 Gruterus
1449 1011 1484 1043 et
1516 1008 1652 1054 iqua·

216 1069 413 1104 uiuunt·
442 1070 618 1116 quique
647 1068 855 1104 oenmksima
873 1075 942 1114 spe
959 1065 1239 1112 frustrantium
1262 1084 1320 1091 —
1355 1065 1519 1102 Gronov.
1540 1063 1654 1100 obss.

218 1123 281 1170 m,
306 1128 342 1163 2.
371 1135 409 1172 p.
436 1126 520 1164 343.
549 1124 610 1161 ed.
634 1124 744 1171 -Lips.
774 1128 809 1159 et
834 1124 995 1170 iynavi
1020 1124 1253 1169 cuiusque
1283 1123 1530 1158 tenuissimas
1553 1129 1654 1168 spes

215 1180 436 1229 frasu-aur.
480 1181 581 1218 Haec
603 1181 814 1225 attulimus,
842 1189 919 1215 non
937 1189 1012 1226 quo
1033 1179 1185 1226 singula
1205 1179 1483 1223 refelleremus,
1512 1177 1582 1213 sed
1601 1181 1653 1220 ut,

217 1248 329 1284 quam
350 1238 447 1274 salsa
465 1243 604 1283 essent,
628 1238 711 1274 sola
729 1237 767 1272 vi
788 1246 902 1272 verae
927 1236 1097 1273 lectionis
1116 1240 1272 1282 pateret.
1301 1235 1535 1271 Felicissime
1554 1234 1654 1269 enim

219 1294 380 1331 Grattius
407 1294 446 1329 in
475 1295 535 1331 ed.
564 1306 600 1331 a.
629 1296 733 1332 1840.
753 1293 848 1329 vidit
875 1294 1018 1340 ἰφιαηι,
1046 1292 1148 1339 quod
1166 1293 1335 1339 apicibus
1358 1293 1561 1327 litterarum
1580 1301 1655 1326 non

217 1350 414 1388 diversum
441 1356 500 1387 est
526 1353 572 1388 ab
601 1352 745 1398 iynaui,
768 1349 1033 1396 compendium
1057 1351 1238 1396 {yreaviam
1271 1349 1376 1385 vocis
1398 1359 1505 1392 esse,
1533 1357 1655 1394 neque

221 1411 372 1443 ceteras
392 1408 624 1454 corruptelas
653 1407 759 1443 aliter
785 1416 896 1452 quam
926 1406 1166 1452 distractione
1196 1406 1399 1441 litterarum
1425 1409 1527 1440 ortas
1555 1414 1656 1449 esse,

221 1463 363 1510 de-quo
385 1464 463 1500 vitii
484 1474 623 1511 genere
643 1474 684 1499 v.
705 1471 819 1510 supra
837 1462 888 1498 ad
909 1462 978 1508 111,
997 1465 1060 1500 23.
1081 1466 1118 1497 et
1135 1461 1186 1497 ad
1203 1462 1265 1498 Fr.
1285 1463 1321 1507 Ι,
1341 1463 1404 1500 33.
1453 1461 1597 1506 Quibus
1619 1461 1657 1496 in

220 1519 391 1556 ordinem
418 1521 595 1568 repositis
624 1520 864 1566 integerrima
891 1518 1017 1566 prodit
1044 1519 1228 1555 sententia
1253 1518 1491 1564 bimembris,
1510 1528 1656 1565 negans

223 1578 356 1622 altera,
383 1577 501 1613 altera
527 1577 633 1613 aiens
646 1605 657 1622 ,
685 1577 745 1612 cui
765 1576 909 1622 utrique
935 1585 1133 1612 commune
1153 1580 1212 1612 est
1232 1576 1439 1612 subiectum
1459 1578 1533 1610 lam
1556 1586 1655 1621 par-

220 1644 267 1669 va
280 1640 356 1670 ren.
392 1633 497 1677 Quae
517 1645 628 1680 quum
654 1635 836 1680 ignaviam
852 1634 1029 1680 cuiusque
1048 1634 1256 1669 tenuissima
1273 1642 1342 1680 spe
1360 1632 1549 1679 frustrari
1566 1631 1659 1667 diei-

220 1693 293 1734 tur,-
314 1699 450 1726 sensus
468 1694 546 1726 est:
576 1690 716 1737 exigua
734 1690 906 1725 frumenti
926 1690 1095 1736 largitio,
1117 1690 1293 1736 quoniam
1316 1689 1413 1725 salso
1432 1684 1660 1725 benevolen-

220 1746 295 1783 tiae
323 1746 524 1783 nobilitatis
548 1747 586 1782 in
605 1747 755 1793 plebem
775 1746 1038 1785 documentum
1065 1746 1241 1790 habetur,
1270 1757 1401 1782 omnes
1427 1745 1589 1793 ignavos
1620 1745 1658 1780 in

221 1803 478 1841 tenuissimam
499 1807 536 1839 et
562 1814 720 1850 prorsus
748 1813 887 1839 vanam
917 1813 1024 1850 spem
1051 1803 1217 1839 melioris
1238 1803 1473 1839 condicionis
1502 1801 1657 1838 inducit.

223 1859 340 1895 Aliter
365 1858 536 1895 Cottius:
560 1859 867 1906 .„Deeipiuntur,
902 1859 1053 1906 quando
1089 1864 1245 1906 sperant
1279 1860 1406 1905 quinis
1432 1859 1492 1894 his
1520 1857 1658 1893 modiis

223 1924 341 1962 posse
359 1925 475 1961 seque
493 1926 658 1962 suosque
677 1919 899 1951 sustentare.
948 1916 1078 1962 Neque
1097 1916 1232 1951 melius
1253 1915 1472 1951 Gerlachius
1493 1915 1578 1950 Vol.
1599 1914 1658 1950 111.

223 1981 265 2017 p.
282 1971 342 2008 w.
372 1971 517 2015 „Fraus
536 1972 662 2017 potius
681 1971 720 2006 in
739 1982 786 2007 eo
806 1975 886 2006 erat
901 1972 1038 2018 posita,
1059 1971 1162 2018 quod
1179 1971 1251 2007 hac
1277 1981 1397 2017 parva
1417 1971 1587 2007 mem-ede
1605 1968 1661 2015 (ἲ)

225 2027 379 2062 maioris
401 2028 564 2073 praev-ii
581 2025 636 2072 (ἲ)
659 2038 747 2073 spes
768 2028 816 2063 iis
835 2032 964 2075 erepta
983 2029 1080 2064 est.“
1119 2027 1230 2072 Quod
1248 2027 1350 2063 idem
1369 2039 1476 2072 vero,
1496 2032 1537 2063 ut
1555 2028 1660 2074 ὅρηα-

229 2091 296 2119 vus
321 2084 471 2130 queisque
494 2087 656 2127 tueatur,
685 2084 870 2130 praecipit
890 2084 967 2128 „ad
988 2085 1186 2132 eleyontias
1204 2085 1384 2120 orationis
1407 2084 1659 2121 Sallustianae

226 2139 432 2185 pertinere,
465 2139 653 2184 subiecta,
678 2151 775 2186 quae
795 2140 945 2189 dicunt,
970 2142 1161 2187 mutare,“
1188 2140 1229 2176 id
1248 2140 1298 2176 ad
1316 2142 1504 2178 obsoletas
1525 2140 1660 2177 sordes

227 2195 490 2241 grammaticas
522 2197 704 2243 pertinet,
740 2197 873 2244 quibus
905 2197 1019 2234 hodie
1053 2209 1163 2234 nemo
1194 2199 1255 2233 vel
1280 2197 1520 2234 mediocriter
1548 2198 1660 2233 latine

229 2250 361 2286 doctus
391 2252 614 2298 inquinatur.
665 2252 721 2288 Ex
751 2254 846 2300 ipsis
873 2258 997 2291 autem
1028 2255 1155 2291 talium
1183 2254 1404 2301 ineptiarum
1430 2256 1599 2302 patronis
1627 2255 1661 2291 si

229 2317 411 2354 quaeras,
444 2308 534 2354 quid
562 2309 610 2344 sit
636 2310 813 2356 elegans,
836 2311 1039 2347 nihibsani
1059 2311 1218 2356 audies3
1256 2323 1341 2347 nam
1361 2317 1400 2347 ut
1418 2311 1583 2358 quidque
1604 2316 1662 2347 est

229 2363 391 2399 maxime
410 2364 583 2400 vitiosum
605 2370 669 2401 ant
684 2366 901 2413 absurdum,
921 2368 972 2403 ita
993 2369 1040 2404 iis
1060 2368 1209 2405 videtur
1227 2369 1560 2415 elegantissimum.

343 2423 377 2462 S.
395 2424 455 2458 m.
494 2423 655 2468 φιαηιυιζς
682 2424 825 2470 ampla)
861 2424 962 2460 Haec
982 2426 1158 2472 quoniam
1184 2425 1307 2461 fictam
1326 2426 1660 2472 exaggerationem

230 2476 387 2513 subiecti
416 2478 623 2521 continent,
650 2478 688 2514 in
714 2482 878 2526 quamvis
903 2491 998 2517 voce
1028 2482 1219 2529 primitiva
1239 2481 1340 2517 verbi
1362 2486 1531 2528 potestas
1554 2492 1662 2528 prae-

231 2533 356 2577 valet,
384 2543 481 2579 quae
510 2534 659 2580 planius
680 2535 915 2583 intelligitur,
937 2538 969 2573 si
990 2549 1059 2584 pro
1085 2538 1267 2585 singulari
1286 2539 1468 2583 pluralem
1486 2538 1661 2585 posueris

230 2600 365 2636 qnam
392 2591 534 2626 vultis
558 2591 703 2638 ampla,
725 2597 769 2627 ut*
786 2597 844 2628 est
865 2594 966 2640 apud
985 2594 1063 2641 Cic.
1091 2595 1130 2630 in
1146 2595 1254 2629 Verr.
1274 2594 1328 2638 V,
1347 2600 1392 2640 5,
1413 2600 1471 2634 11.
1510 2595 1661 2641 Exspe-

231 2649 327 2681 etate
345 2645 496 2692 facinus
524 2657 660 2693 quam
688 2649 835 2684 vullis
860 2651 1143 2696 improbum
1164 2652 1307 2686 vincam
1326 2656 1447 2687 tamen
1465 2655 1661 2698 exspecta-

232 2703 361 2737 tionem
394 2703 562 2738 omnium.
618 2703 680 2739 Ad
717 2709 842 2741 cetera
874 2710 974 2743 recte
1002 2707 1188 2754 capienda
1217 2707 1419 2744 tenendum
1449 2712 1524 2753 est,
1551 2718 1663 2753 quum

233 2757 360 2793 Macer
387 2761 425 2794 in
454 2759 690 2807 antegressis
718 2763 921 2798 tenacitatem
949 2762 1149 2812 laryiliom‘s
1175 2763 1337 2799 maxime
1369 2765 1553 2811 exagitet,
1572 2773 1667 2811 quae
