1774 3002
161 156 245 202 348
668 163 707 201 C.
742 165 972 204 SALLUSTI
1002 167 1152 206 CRISPI

301 294 369 337 53.
424 288 662 350 Pompeius
698 289 880 336 devictis
915 291 1124 352 Hispanis
1163 295 1345 355 tropaea
1381 294 1426 341 in
1460 295 1607 357 Pyre-

163 373 286 421 naeis
315 374 434 436 iugis
462 374 698 421 constituit.

297 462 365 506 54.
425 459 652 522 Collegam
678 458 889 532 minorem
917 461 960 506 et
990 459 1056 505 sui
1086 459 1297 505 cultorem
1327 464 1603 522 exspectans.

161 633 244 670 μετ
253 611 279 658 ὰ
301 633 322 658 τ
331 611 351 658 ὸ
361 633 385 658 ν
406 621 439 658 θ
451 634 472 671 ρ
482 617 500 658 ί
508 634 566 671 αμ
576 620 632 672 βο
642 635 678 668 ν
697 619 744 659 ἓν
765 617 971 658 αἰτιᾶσθαι
984 620 1064 666 τοῖς
1078 616 1338 671 βασκαίνουσι
1351 622 1492 687 περιῆν
1505 614 1602 661 ὑπό

161 678 322 726 λοιπον,
356 691 392 715 κ.
411 690 442 717 τ.
465 678 497 716 λ.
557 679 720 726 Appian.
750 679 790 716 B.
815 678 852 715 C.
876 679 902 722 Ι,
925 683 1003 717 121.
1026 679 1075 715 in.
1137 674 1372 743 Αἱρεθέντες
1400 672 1487 717 δὲ“
1461 691 1604 718 υπατοι

160 737 232 779 (sc.
253 737 460 802 Pompeius
475 740 510 772 et
538 735 715 781 Crassus)
743 726 845 772 ουδ’
888 725 947 781 ὡς
984 732 1224 784 μεθίεσαν
1257 728 1338 773 τὸν
1376 729 1602 801 στρατὸν,

159 788 310 856 ἔχοντες
337 786 460 843 ἀγχοῦ
490 792 558 840 τῆς
585 786 752 840 πόλεως,
782 785 960 857 ἑκάτερος
989 785 1191 842 πρόφασιν
1216 787 1332 842 τήνδε
1358 786 1601 859 ποιούμενος,

159 842 370 897 Πομπήϊος
396 845 486 897 μὲν,
520 846 558 895 ἐς
586 844 654 888 τὸν
677 841 875 901 Ἰβηρικὸν
904 847 1105 913 θρίαμβον
1132 847 1353 901 περιμένειν
1391 844 1602 889 ἐπανιόντα

158 898 411 954 Μέτελλον,ε
395 920 416 945 ο
439 903 482 944 δὲ
500 901 692 957 Κρασσος,
714 921 765 954 ως
784 899 998 956 Πομπήϊον
1019 902 1108 944 δέον
1132 905 1402 958 προδιαλῦσαι.
1429 909 1481 945 De
1491 911 1599 946 Pom-

157 965 243 1011 peio
267 966 378 1012 igitur
400 977 511 1012 quum
533 965 628 1002 haec
650 966 749 1002 dicta
769 976 855 1001 esse
879 969 1075 1012 nequeant,
1097 966 1314 1002 necessario
1340 966 1390 1003 ad
1411 962 1600 1003 Metellum

158 1022 358 1059 referenda
378 1026 482 1067 sunt3
504 1027 650 1069 praeter
670 1023 771 1059 hunc
793 1023 892 1059 enim
914 1033 1021 1058 nemo
1052 1023 1112 1058 illo
1136 1026 1305 1070 tempore
1326 1034 1411 1060 cum
1434 1024 1600 1061 exercitu

157 1090 226 1126 per
246 1079 364 1126 Alpes
384 1079 501 1115 venit.
562 1079 844 1117 Dimittebantur
867 1083 988 1115 autem
1011 1079 1144 1115 milites
1166 1080 1226 1125 ita,
1257 1083 1313 1126 ut,
1345 1092 1458 1127 quum
1481 1082 1597 1128 impe-

158 1140 258 1173 rator
276 1136 504 1183 triumphum
525 1142 669 1184 ageret,
689 1148 819 1174 rursus
837 1135 886 1172 ad
908 1137 1035 1172 urbem
1060 1137 1325 1182 convenirent;
1350 1138 1398 1173 cf.
1414 1138 1598 1175 Plutarch.

158 1194 193 1229 in
214 1195 343 1240 Pomp.
365 1206 397 1230 c.
409 1196 467 1238 43,
490 1194 589 1230 med.
612 1194 750 1231 Metelli
771 1205 817 1229 ex
838 1194 1019 1240 Hispania
1041 1193 1263 1240 triumphum
1288 1197 1441 1231 testatur
1462 1195 1598 1233 Vellei.

156 1251 198 1295 ΙΙ,
219 1254 278 1296 30,
299 1255 334 1290 2.
355 1250 508 1298 Eutrop.
531 1251 594 1295 VI,
615 1256 670 1297 5.;
697 1255 803 1288 actus
820 1255 877 1286 cst
897 1254 1061 1287 extremo
1083 1261 1178 1287 anno
1200 1253 1258 1289 71.
1274 1251 1334 1287 ΙΙΙ.
1355 1251 1437 1288 Κ31.
1460 1252 1537 1289 Ian.
1561 1263 1597 1288 v.

155 1307 272 1344 Fastt.
298 1306 472 1355 triumph.
493 1319 532 1355 p.
554 1307 659 1345 CLX.
681 1308 793 1345 Orell.

269 1365 331 1402 Fr.
353 1368 412 1403 53.
443 1364 559 1411 [Cort.
581 1376 619 1412 p.
643 1370 747 1405 1005.
768 1365 868 1402 Gerl.
890 1363 950 1400 ed.
971 1366 1057 1401 mai.
1078 1366 1154 1401 Ine.
1174 1366 1237 1404 68.
1256 1364 1318 1402 ed.
1338 1366 1428 1402 min.
1452 1366 1516 1411 IV,
1539 1370 1599 1406 29.

155 1434 193 1469 p.
216 1424 297 1467 227,
316 1424 375 1461 27.
397 1422 507 1462 Debr.
530 1423 594 1468 IV,
616 1423 693 1467 87.]
755 1422 861 1460 Serv.
891 1422 940 1458 ad
969 1422 1077 1470 Virg.
1108 1422 1202 1458 Aen.
1222 1421 1286 1467 XI,
1306 1425 1342 1461 6.
1401 1423 1478 1460 Res
1508 1425 1599 1461 satis

155 1483 242 1516 nota
270 1483 327 1516 est
354 1490 401 1515 ex
433 1480 526 1515 Plin.
555 1479 598 1516 N.
622 1479 664 1516 H.
695 1479 857 1523 V11,«‹27.
917 1479 1114 1526 Pompeius
1142 1480 1312 1516 excitatis
1337 1481 1376 1517 in
1403 1480 1600 1528 Pyrenaeo

155 1538 316 1584 tropaeis
335 1537 471 1583 oppida
498 1535 823 1575 DCCCLXXVII
843 1535 889 1571 ab
910 1536 1063 1583 Alpibus
1094 1536 1146 1572 ad
1158 1536 1254 1583 fines
1273 1536 1481 1585 Hispaniae
1508 1538 1598 1575 ulie-

155 1595 266 1630 rioris
291 1595 330 1630 in
363 1593 531 1630 ditionem
558 1594 711 1630 reducta
738 1594 911 1631 victoriae
935 1603 1026 1630 suae
1045 1594 1237 1641 ascripsit,
1265 1597 1300 1629 et
1318 1596 1457 1632 maiore
1476 1596 1598 1632 animo

155 1650 359 1687 Sertorium
393 1652 515 1688 tacuit.
550 1652 595 1687 cf.
624 1651 678 1686 Id.
712 1651 761 1687 ib.
791 1650 849 1694 111,
869 1652 903 1694 4,
929 1650 978 1685 in.
1006 1654 1042 1686 et
1076 1651 1142 1686 Iul.
1172 1650 1356 1697 Exsuper.
1387 1663 1420 1688 c.
1445 1654 1480 1697 8,
1506 1655 1597 1689 extr.

154 1708 296 1747 Locus
323 1707 384 1744 ubi
412 1711 568 1754 tropaea
600 1708 724 1749 suere,
757 1707 998 1753 cognoscitur
1027 1718 1074 1742 ex
1103 1706 1286 1743 Strabone
1305 1707 1368 1744 111.
1387 1719 1426 1754 p.
1446 1710 1528 1753 242,
1548 1708 1596 1744 A.

153 1764 289 1801 Almel.
331 1759 443 1809 Τινὲς
462 1759 505 1801 δὲ
528 1759 596 1800 καὶ
617 1763 696 1801 τῶν
713 1763 781 1811 τῆς
799 1754 992 1830 Πυρήνης
1013 1775 1148 1812 ακρων
1167 1758 1362 1827 νέμονται,
1391 1760 1501 1814 μέχρι
1519 1775 1599 1801 των

153 1811 427 1887 ἀναθημάτων
452 1820 523 1858 τοῦ
542 1819 775 1884 Πομπηΐου,
805 1816 847 1856 δι’
866 1832 921 1857 ων
939 1816 1166 1883 βαδίζουσιν
1191 1815 1244 1863 εἰς
1269 1810 1342 1869 τὴν
1361 1816 1434 1867 ἔξω
1452 1820 1596 1858 καλου-

153 1874 277 1927 μένην
293 1870 507 1943 Ἰβηρίαν’
489 1890 532 1915 εκ
552 1876 620 1926 τῆς
635 1867 811 1929 Ἰταλιας,
833 1873 900 1913 καὶ
921 1869 1088 1924 μαλιστα
1106 1867 1179 1925 τὴν
1200 1869 1402 1925 Βαιτικήν.
1451 1877 1504 1914 Id.
1532 1878 1594 1914 IV.

154 1947 194 1999 p.
210 1938 291 1980 269,
306 1934 346 1971 C.
375 1926 596 1972 Ἐντεῦθεν
610 1930 680 1983 μὲν
701 1929 774 1971 οὐν
792 1947 818 1983 η
837 1930 1011 1980 παραλία
1019 1929 1249 1999 παρατείνει
1270 1929 1382 1997 μέχρι
1399 1932 1469 1970 τοῦ
1489 1930 1596 1984 ἱεροῦ

152 1983 221 2057 τὴς
240 1989 475 2042 Πυρηναίας
491 1982 744 2040 Ἀφροδίτης·
771 1986 838 2028 καὶ
857 2002 971 2027 τουτο
992 1981 1031 2026 δ’
1055 1980 1200 2027 §svtv'
1177 2001 1289 2054 οριον
1308 1983 1455 2054 ταύτης
1469 2002 1509 2032 τε
1527 1989 1596 2039 τῆς

151 2041 366 2112 ὖπαρχίας
364 2045 432 2086 καὶ
450 2047 523 2113 τῆς
535 2041 747 2113 Ἰβηρικῆς·
771 2044 868 2085 ενιοι
890 2042 932 2084 δὲ
951 2059 1019 2084 τον
1036 2038 1168 2092 τόπον,
1191 2041 1234 2083 ἐν
1255 2034 1288 2097 ᾦ
1308 2042 1387 2084 ἐστὶ
1413 2059 1462 2084 τα
1481 2046 1594 2096 Πομ-

153 2104 274 2154 πηΐου
296 2098 477 2154 τρόπαια,
502 2097 614 2155 ἔριον
632 2097 799 2155 Ἰβηρίας
817 2094 1083 2152 ἀποφαίνωσι
1104 2099 1171 2140 και
1198 2101 1266 2151 τῆς
1289 2102 1488 2153 Κελτικῆς.
1536 2105 1602 2140 In-

154 2163 292 2200 vidiam
319 2164 497 2209 Pompeio
520 2164 582 2199 illa
604 2167 759 2209 tropaea
780 2163 992 2198 concitasse
1015 2160 1126 2197 tradit
1146 2161 1215 2197 Dio
1233 2158 1340 2198 Cass.
1360 2161 1451 2206 XLI,
1473 2163 1531 2200 24.
1554 2172 1591 2208 p·

152 2221 233 2259 279.
258 2220 298 2255 Ε.
321 2220 438 2256 Reim.
485 2210 696 2256 Ἐντεῦθεν
717 2213 759 2255 δὲ
779 2209 847 2256 δια
865 2216 936 2255 τοῦ
957 2214 1192 2267 Πυρηναίου
1211 2216 1427 2283 προχωρῶν
1446 2219 1519 2263 (sc.
1528 2218 1594 2254 Iul.

154 2275 313 2319 Caesar)
326 2268 531 2339 τρόπαιον
559 2271 630 2323 μὲν
660 2266 776 2312 οὐδὲν
798 2267 852 2311 ἐπ’
882 2266 1004 2311 αὐτοῦ
1040 2269 1215 2322 εστησεν,
1252 2286 1329 2311 οτι
1359 2265 1479 2323 μήτε
1512 2264 1596 2311 τὸν

155 2324 424 2381 Πομπήϊον
458 2331 620 2376 καλῶς
649 2323 939 2368 ακούσαντα
965 2325 1043 2367 ἐπὶ
1069 2323 1224 2367 τούτω
1253 2323 1450 2395 ᾔσθετο.

267 2390 326 2425 Fr.
349 2392 408 2427 54.
433 2387 548 2434 [Cort.
571 2400 608 2435 p.
633 2392 715 2428 990.
741 2389 839 2425 Gerl.
862 2388 922 2424 ed.
943 2388 1028 2423 mai.
1051 2388 1114 2431 IV,
1138 2391 1194 2426 19.
1215 2387 1277 2424 ed.
1296 2388 1384 2424 min.
1411 2387 1474 2433 IV,
1497 2390 1531 2427 9.
1553 2399 1592 2435 p.

153 2449 235 2490 226,
256 2449 291 2485 3.
312 2446 423 2483 Debr.
443 2446 506 2490 IV,
531 2447 603 2491 10.]
664 2446 802 2489 Verba,
836 2455 932 2492 quae
955 2446 1128 2492 leguntur
1150 2444 1250 2491 apud
1270 2443 1383 2482 Arus.
1402 2455 1441 2481 v.
1463 2445 1593 2488 cultor,

154 2515 190 2550 p.
211 2507 294 2542 220.
315 2503 423 2540 Lind.
436 2532 445 2548 ,
469 2502 693 2539 Debrossius
722 2506 757 2538 et
777 2501 873 2538 Gerl.
903 2501 940 2537 in
961 2500 1022 2536 ed.
1043 2501 1134 2537 min.
1163 2501 1350 2549 explicant
1371 2498 1418 2538 de
1438 2501 1592 2538 Lentulo

152 2561 309 2596 consule
331 2560 488 2596 Gellium
509 2560 693 2606 collegam
716 2561 950 2605 expectante,
970 2562 1008 2594 ut
1024 2570 1108 2594 cum
1131 2569 1175 2594 eo
1192 2559 1411 2595 coniunctus
1430 2567 1594 2605 pugnam

153 2619 283 2653 contra
302 2616 523 2663 Spartacum
544 2616 674 2660 iniret;
698 2615 767 2651 sed
787 2615 873 2652 huic
894 2616 1100 2651 sententiae
1122 2626 1245 2662 neque
1265 2616 1381 2652 verba
1401 2615 1538 2658 favent,
1559 2616 1595 2648 et
1613 2611 1622 2617 ‘

153 2676 281 2721 aperte
304 2677 511 2720 temporum
538 2674 630 2710 ratio
654 2674 787 2716 obstat,
814 2671 997 2718 siquidem
1020 2672 1071 2708 1111
1097 2673 1274 2708 consules
1294 2673 1397 2708 suere
1420 2680 1518 2706 anno
1534 2671 1593 2708 72.

154 2741 188 2769 3.
211 2729 299 2767 Chr.
318 2741 368 2774 n.,
391 2730 496 2766 cuius
521 2742 579 2765 res
598 2731 700 2766 tertio
725 2729 817 2765 libro
839 2729 1082 2764 continentur.
1143 2727 1258 2765 Nobis
1287 2726 1514 2774 probabilius
1541 2727 1596 2763 vi-

155 2787 262 2824 detur
285 2786 332 2824 de
354 2785 491 2824 Crasso
522 2787 616 2823 haec
639 2786 738 2823 dicta
759 2796 864 2831 esse,
893 2785 976 2832 qui,
1006 2797 1119 2832 quum
1155 2786 1251 2822 bello
1272 2783 1411 2823 'servili
1443 2783 1597 2820 feliciter
