1774 3002
495 164 561 201 AD
588 161 850 200 ERNESTUM
873 158 1307 199 WUESTEMANNUM.
1498 162 1654 194 XXXIII

147 289 384 338 armantia
397 319 407 337 ,
443 287 550 336 quod
576 297 654 325 non
681 285 982 335 philosophicis,
1024 293 1128 332 quae
1163 283 1290 320 nostri
1314 282 1466 320 iactant
1473 311 1482 328 ,
1522 291 1653 329 arqu—

146 357 304 404 mentis‚
341 355 416 395 sed
453 365 528 393 usu
568 353 756 402 loquendi
796 351 1030 399 difficiliora
1070 346 1333 388 illustrabam.
1393 349 1653 398 Antiquarum

145 426 382 473 scriptorum
408 422 623 460 auctoritas
655 430 774 469 quam
800 422 975 469 ipsorum
1004 420 1162 457 inventa
1197 419 1290 467 plus
1318 417 1432 467 apua
1455 427 1521 456 eos
1547 418 1653 455 vale-

146 491 255 530 banu—
308 487 609 538 philosophica
628 486 751 535 igitur
782 489 1046 535 argumenta,
1085 485 1111 524 i.
1146 495 1183 524 e.
1216 483 1383 524 omnino
1412 487 1656 534 argumenta

147 562 261 597 reeta
294 556 452 596 ratione
493 555 682 595 confecta
722 565 847 603 quum
882 557 1099 603 tantopere
1129 556 1423 602 aspernaretur
1444 556 1486 591 et
1510 551 1656 591 exhor-

146 628 349 672 resceret,
380 634 461 663 non
493 624 626 663 solum
651 622 739 661 veri
771 620 1054 671 cognoscendi
1081 619 1190 659 viam
1221 619 1295 658 sibi
1329 618 1548 667 obstruxit,
1580 618 1656 658 sed

148 691 268 731 etiam
305 690 490 740 veritatis
523 701 712 737 sensum,
756 690 792 730 si
822 701 945 740 quem
976 687 1134 735 habuit,
1180 687 1237 726 ita
1259 686 1458 737 perdidit,
1507 691 1552 725 ut
1590 686 1656 724 vel

147 759 408 810 planissimas
439 770 508 798 res
537 763 578 797 et
610 757 764 806 liquido
798 759 1102 797 demonstratas
1130 767 1213 795 non
1241 756 1367 795 modo
1399 766 1479 793 non
1511 752 1656 792 intelli-

147 831 283 876 geret,
325 827 402 866 sed
446 825 565 865 etiam
610 836 685 875 pro
735 825 848 865 falsis
894 825 1034 864 haberi
1074 826 1207 864 vellet.
1266 825 1326 862 Ita
1353 833 1478 872 quum
1510 832 1588 871 ego
1617 820 1655 859 in

150 894 473 933 Commentatione
510 894 560 932 de
586 894 766 932 Sallustii
790 895 958 942 Fraqm.
989 905 1015 931 a
1044 894 1136 931 Car.
1167 893 1374 931 Debrossio
1409 893 1450 929 in
1477 891 1657 928 ordinem

149 962 308 1010 diqestis
334 971 546 1010 rerumque
570 967 773 1009 ‚aestarum
811 965 994 999 contexta
1022 961 1256 998 narratione
1286 960 1511 1005 illuslratis,
1551 966 1658 1005 quae

149 1039 186 1068 a.
216 1027 335 1067 1829.
362 1027 530 1078 prodiit,
562 1031 775 1075 accurate,
806 1032 852 1066 ut
881 1026 1051 1077 opinor,
1085 1025 1363 1066 ostendissem
1393 1036 1441 1064 ac
1471 1022 1656 1075 plurimis

149 1094 472 1144 certissimisque
503 1093 704 1145 exemplis
742 1094 1008 1145 probassem,
1049 1107 1178 1145 quum
1208 1098 1382 1145 propter
1414 1091 1518 1131 alios
1547 1101 1658 1130 erro-

148 1175 217 1203 res
245 1167 332 1202 tum
363 1167 534 1213 propter
561 1163 747 1202 insanam
782 1162 1119 1211 Fragmentorum
1154 1162 1192 1201 in
1230 1162 1390 1201 alienos
1422 1160 1549 1199 libros
1580 1163 1658 1198 tra-

149 1230 364 1271 iectionem
401 1241 575 1280 prorsus
607 1230 881 1269 damnandam
912 1241 1007 1269 esse
1037 1230 1251 1271 Debrossii
1275 1229 1476 1269 rationem
1520 1237 1657 1277 neque

149 1300 232 1339 ullo
266 1303 389 1349 paeto
420 1309 445 1337 a
471 1309 580 1338 novo
614 1298 771 1338 editore
801 1299 1059 1347 imitandam,
1087 1297 1327 1338 Gerlachius
1354 1297 1407 1336 ad
1432 1297 1539 1335 hanc
1570 1305 1657 1334 rem

149 1365 451 1415 intelligendam
481 1371 562 1406 mm
591 1366 777 1406 inhabilis
801 1367 893 1414 fuit,
923 1371 969 1406 ut
1001 1366 1036 1405 ei
1063 1368 1200 1417 pudor
1229 1378 1311 1406 non
1345 1369 1459 1404 esset
1477 1364 1572 1403 Vol.
1591 1363 1662 1401 111.

151 1445 191 1484 p.
234 1433 327 1472 101.
368 1445 450 1473 non
492 1434 648 1474 minore
694 1435 801 1474 fastu
850 1447 973 1485 quam
1020 1434 1254 1485 insipientia
1300 1434 1404 1473 haec
1447 1432 1656 1483 proferre:

153 1501 229 1548 Qui
263 1513 392 1551 nuper
424 1502 502 1541 hae
538 1503 588 1542 de
623 1515 669 1542 re
699 1504 932 1552 disputavit,
981 1504 1027 1542 V.
1059 1504 1110 1544 D.
1140 1504 1183 1541 K
1181 1504 1340 1550 ritzius,
1379 1503 1582 1549 virumque
1609 1499 1659 1538 de

151 1568 403 1608 Sallustianis
426 1571 680 1618 Fraymentis
703 1573 846 1626 optime
872 1574 1051 1610 meritum
1081 1572 1417 1612 acerbissima
1445 1570 1658 1607 lacera-

152 1639 222 1676 vit
246 1639 639 1687 vituperatione,
677 1650 765 1678 eum
792 1641 977 1678 monitum
1007 1642 1138 1688 velim,
1178 1651 1246 1687 ne,
1286 1639 1379 1677 dum
1408 1636 1658 1675 Delu-ossium

151 1706 509 1756 inconsideraruiae
521 1711 560 1744 et
579 1709 805 1746 temeritatis
833 1709 1045 1755 insimulet,
1075 1709 1159 1758 ipse
1181 1706 1525 1746 inconsideranter
1551 1707 1659 1751 apat,

148 1776 575 1823 yrammatieorumque
608 1777 835 1814 auctoritati
875 1777 1037 1814 nimium
1081 1775 1248 1822 tribuat,
1293 1775 1439 1823 quippe
1474 1772 1548 1820 ‘qui
1581 1780 1660 1808 non

152 1842 265 1880 modo
304 1844 345 1880 in
386 1843 482 1891 ipst's
519 1843 646 1881 verbis
678 1843 898 1881 laudandis
931 1854 1081 1892 parum
1119 1844 1325 1892 diligentes
1347 1853 1395 1880 se
1423 1839 1659 1889 praebeant,

153 1909 226 1947 sed
253 1911 370 1948 etiam
407 1911 598 1949 librorum
627 1922 809 1950 numeros
842 1913 1069 1960 saepissime
1092 1910 1355 1958 confundant.
1414 1906 1561 1955 Igitur,
1592 1903 1662 1954 qui

155 1975 334 2026 ingenio‘
354 1981 434 2015 tam
467 1987 612 2025 parum
643 1979 816 2026 valeret,
856 1983 900 2017 ut
930 1989 1013 2017 non
1038 1976 1281 2025 intelligeret
1309 1974 1419 2013 aliud
1449 1983 1546 2012 esse
1575 1982 1661 2011 cer-

156 2042 328 2082 tissimis
357 2043 585 2082 rationibus
615 2044 791 2093 aliquem
820 2044 1157 2094 gravissimorum
1186 2054 1374 2083 errorum
1399 2040 1660 2087 convincere,

158 2110 268 2150 aliud
299 2110 563 2150 acerbissima
600 2111 899 2161 vituperatione
930 2113 1133 2159 lacerare,
1164 2109 1456 2161 superstitiosa
1489 2106 1662 2148 creduli-

158 2182 239 2218 tate
275 2178 412 2229 potius
448 2190 570 2228 quam
608 2179 766 2218 ratione
801 2184 1033 2219 commotus
1062 2178 1118 2218 ita
1152 2189 1199 2218 se
1229 2177 1458 2217 Debrossio
1489 2174 1658 2222 addixit,

157 2251 221 2294 ut,
256 2257 339 2296 quo
376 2238 443 2285 ille
477 2247 721 2287 absurdiora
756 2247 1026 2297 praeivisset,
1073 2257 1123 2286 eo
1155 2258 1202 2286 se
1231 2246 1481 2296 paratiorem
1510 2244 1565 2283 ad
1594 2254 1658 2283 se-

159 2314 368 2364 quendum
398 2315 653 2363 ostenderet,
690 2314 883 2365 turpique
911 2316 1102 2364 exemplo
1136 2314 1420 2361 confirmaret,
1461 2313 1575 2363 quod
1601 2311 1663 2351 Ci-

160 2391 255 2421 cero
292 2385 352 2431 (p.
385 2381 539 2420 Cluent.
568 2381 643 2430 31,
674 2381 760 2432 84.)
798 2382 900 2422 scite
938 2382 1057 2431 dixit,
1091 2386 1221 2422 minus
1254 2385 1411 2422 stultum
1449 2392 1538 2421 eum
1565 2392 1662 2428 esse,

158 2452 226 2489 eui
257 2451 360 2489 nihil
395 2452 436 2488 in
467 2454 631 2489 mentem
655 2453 803 2498 veniat,
838 2462 958 2499 quam
988 2453 1137 2498 illum„
1149 2452 1236 2500 qui,
1267 2451 1374 2499 quod
1397 2452 1512 2489 stulte
1543 2449 1665 2488 alteri

159 2519 309 2557 venerit
341 2520 384 2556 in
418 2521 601 2563 mentem,
633 2518 867 2566 comprobet.
925 2517 1003 2556 Vix
1024 2517 1131 2556 enim
1162 2517 1323 2566 eredas,
1355 2527 1438 2566 quo
1470 2526 1663 2566 progres-

160 2596 234 2625 sus
259 2585 313 2624 sit
338 2585 417 2624 hac
441 2583 635 2624 stultitiae
660 2583 885 2635 obsequela
906 2585 946 2624 in
978 2585 1026 2624 iis
1048 2585 1225 2625 maxime
1244 2583 1523 2634 Fragmentis,
1553 2593 1660 2633 quae

160 2653 227 2692 vel
255 2652 450 2691 inanitate
484 2652 547 2689 vel
578 2650 828 2692 obscuritate
855 2665 933 2693 sua
960 2653 1129 2702 intelligi
1159 2657 1201 2692 et
1224 2650 1427 2703 probabili
1456 2652 1550 2690 loco
1580 2648 1663 2687 eol-

161 2719 288 2760 locari
315 2723 539 2770 nequeunt.
570 2713 678 2757 ¹Non
703 2725 920 2761 assecutus
947 2721 1058 2760 eninr
1085 2731 1181 2760 esse
1205 2707 1341 2759 etiam·
1358 2717 1564 2768 quandam
1593 2724 1660 2752 ne-

162 2786 319 2827 sciendi
360 2791 507 2834 artem,
553 2792 594 2826 et
632 2785 672 2826 in
702 2786 773 2837 iis,
823 2776 999 2837 quorum
1042 2788 1293 2827 intellectum
1340 2786 1503 2825 fortuna
1540 2780 1666 2823 nobis*

222 2869 387 2894 SAuusn
416 2869 552 2894 FRAGM.
1362 2863 1383 2892 C
