1774 3002
487 159 816 200 HISTORIARUM
844 162 1157 199 FRAGMENTA.
1214 164 1304 200 LIB.
1334 165 1382 199 V.
1565 158 1650 200 361

351 289 388 331 7.
446 285 615 345 Regem
641 285 942 331 aversabatur.

326 373 390 414 -8.
443 367 584 414 Ceteri
615 368 795 429 negotia
822 369 1118 430 sequebantur
1143 369 1371 416 familiaria
1402 370 1651 430 legatorum

215 453 291 498 aut
326 451 618 507 tribunorum,
646 454 690 497 et
725 467 828 511 pars
849 467 950 508 sua,
984 452 1317 508 commeatibus,
1347 452 1562 500 mercatis.
1582 488 1594 499 .
1616 489 1626 499 .

218 621 329 658 quum
354 610 400 646 de
421 610 644 647 Mithridatis
664 622 791 658 pugna
812 623 895 648 cum
917 612 1060 648 Triario
1085 613 1134 649 ad
1153 612 1319 651 Comana
1340 614 1541 650 commissa
1560 625 1652 678 age-

218 670 338 711 retur3
368 667 416 703 cl.
438 667 600 714 Appian.
624 667 788 703 Mithrid.
810 680 844 704 c.
864 671 925 708 88.
947 681 984 716 p.
1005 671 1087 708 774.
1111 670 1172 706 ed.
1195 669 1414 718 Schweigh.
1473 660 1572 708 Μετ’
1601 661 1651 708 οὗ

216 713 317 759 πολὺ
331 713 568 773 χωρούντων
590 718 627 768 ἒς
645 715 775 789 μάχην
795 716 918 761 αὐτοῦ
938 727 1012 769 (se.
1038 722 1245 775 Τριαρίου)
1267 737 1307 762 τε
1338 721 1405 763 καὶ
1436 719 1649 791 Μιθριδά-

216 790 306 826 του,
332 779 508 829 πνεῦμα,
531 773 616 816 οἷον
639 773 714 817 οὐκ
734 774 1012 844 ἐμνημονεύετο
1031 778 1229 832 γενέσθαι,
1254 774 1323 828 τάς
1348 794 1387 820 τε
1406 775 1556 847 σκηνὰς
1573 774 1649 833 ἆμ-

216 831 398 900 φοτέρων
426 831 622 900 διέρῤιψε,
658 832 726 873 καὶ
762 829 809 874 τὰ
835 829 1027 888 ὑποζύγια
1055 835 1269 889 παρέσυρε,
1300 835 1368 876 καὶ
1395 838 1475 876 τῶν
1492 831 1653 891 ἀνδρῶν

215 888 321 930 ἔστιν
349 904 417 938 ους
450 887 742 942 κατεκρήμνισε.
800 895 879 931 Hoc
908 896 1018 942 igitur
1051 897 1082 932 si
1113 896 1312 933 Sallustius
1347 898 1531 943 narravit,
1563 909 1651 945 pro-

216 950 312 986 fecto
340 960 418 986 rem
440 949 641 987 absurdam
671 962 746 986 non
770 951 858 999 egit.
916 951 966 988 At
985 953 1203 990 Gerlachius
1223 953 1310 988 Vol.
1332 953 1392 990 ΙΙΙ.
1414 964 1452 999 p.
1476 957 1556 994 145.
1586 955 1648 998 „in

216 1009 411 1042 ventorum
443 1007 633 1051 causis,
667 1008 804 1055 inquit,
853 1009 1066 1056 aperiendis
1103 1021 1188 1046 eum
1227 1010 1379 1046 multum
1412 1007 1505 1055 (tt)
1534 1011 1650 1048 ruisse

214 1063 462 1109 putaverimf‘

324 1119 386 1156 Fr.
405 1120 441 1157 7.
476 1117 592 1164 [Cort.
619 1131 659 1167 p.
689 1122 772 1159 993.
801 1120 903 1157 Gerl.
931 1121 993 1157 ed.
1023 1123 1111 1158 mai.
1141 1122 1188 1166 V,
1219 1124 1255 1160 3.
1289 1121 1351 1158 ed.
1375 1122 1465 1160 min.
1487 1122 1533 1167 V,
1553 1127 1591 1163 3.
1610 1135 1650 1172 p.

212 1178 296 1222 235,
321 1179 359 1214 5.
388 1175 499 1212 Debr.
525 1175 586 1220 ΙΙΙ,
617 1179 651 1216 7.
681 1177 741 1222 ΙΙΙ,
768 1180 827 1215 60.
856 1177 918 1222 ΙΙΙ,
944 1181 1025 1217 118.
1044 1178 1091 1223 V,
1113 1177 1165 1228 6.]
1224 1178 1400 1215 Arusian.
1420 1190 1458 1215 V.
1482 1190 1648 1227 aversor,

213 1243 253 1279 p.
270 1235 353 1272 216.
375 1231 543 1269 Lindem.
602 1233 703 1270 Nihil
726 1244 850 1279 eruas,
872 1235 943 1271 nisi
965 1246 1093 1282 regem
1116 1235 1236 1273 videri
1257 1235 1520 1274 Mithridatem.

325 1289 428 1334 Quae
449 1293 653 1336 sequuntur
674 1290 900 1337 Fragmenta
918 1294 1064 1336 8-14,
1090 1295 1162 1328 tam
1192 1293 1292 1328 clare
1312 1296 1480 1339 spectant
1499 1297 1575 1330 tum
1598 1294 1647 1331 ad

212 1344 432 1382 seditionem
452 1346 636 1382 exercitus
659 1347 881 1393 Luculliani,
911 1352 986 1384 tum
1012 1348 1062 1384 ad
1083 1349 1315 1385 inimieorum
1336 1349 1477 1385 Luculli
1504 1351 1647 1387 maehi-

211 1402 395 1447 nationes,
415 1405 456 1438 ut
474 1401 521 1438 de
543 1413 671 1439 eorum
690 1415 805 1440 sensu
827 1404 863 1439 in
881 1405 1097 1442 universum
1118 1405 1277 1442 dubitari
1296 1410 1469 1452 nequeat.
1510 1406 1648 1444 Diffici-

213 1459 285 1495 lius
307 1462 365 1495 est
383 1457 566 1504 ordinem,
588 1470 661 1506 quo
683 1471 724 1496 se
746 1460 783 1496 in
803 1461 976 1498 Historiis
997 1463 1226 1510 exceperint,
1252 1462 1500 1508 constituere;
1536 1475 1646 1511 quem

213 1515 246 1551 si
267 1515 331 1552 alii
350 1515 545 1552 certiorem
560 1526 679 1563 -quam
699 1528 769 1553 nos
790 1518 974 1563 noverint,
994 1519 1163 1555 lubenter
1184 1529 1396 1566 sequemur.

313 1572 440 1611 ...Fre
484 1570 598 1617 [Cori.
628 1584 666 1620 p.
694 1575 775 1612 993.
811 1574 909 1610 Gerl.
926 1574 996 1611 ed.
1027 1575 1115 1611 mai.
1143 1575 1253 1619 V,4.
1283 1574 1345 1611 ed.
1373 1575 1644 1624 min-,.V4p.

210 1631 293 1674 235,
299 1631 348 1669 6.
369 1628 477 1665 Debr.
495 1627 541 1675 V,
560 1626 636 1678 66.]
681 1629 823 1666 Nonius
843 1631 888 1674 ΙΙ,
909 1634 990 1671 533.
1010 1643 1048 1678 p.
1071 1635 1149 1677 138,
1171 1635 1207 1671 9.
1229 1633 1388 1668 Mereer.
1409 1632 1504 1669 haee
1525 1632 1645 1678 afferi,

210 1696 283 1732 quo
304 1683 440 1732 probet
465 1682 680 1722 Sallustium
708 1689 879 1723 mercatis
905 1687 1048 1725 dixisse
1076 1700 1145 1735 pro
1173 1687 1406 1725 mercatibus.
1465 1689 1575 1733 Quod
1612 1690 1644 1727 si

209 1752 341 1790 verum
361 1745 429 1786 est,
449 1741 702 1779 commeatibus
723 1743 1003 1791 intelligendum
1025 1745 1071 1780 de
1090 1745 1290 1793 frumento,
1307 1750 1507 1792 utrumque
1522 1750 1643 1784 autem

210 1799 482 1835 substantivum
520 1798 658 1845 pendet
703 1810 750 1835 ex
784 1801 919 1848 verbo,
965 1801 1065 1848 quod
1107 1802 1362 1847 desideratur,
1403 1804 1644 1852 quamobrem

207 1854 353 1901 integra
373 1855 557 1890 enunciati
582 1857 763 1892 sententia
787 1856 957 1893 constitui
979 1869 1052 1894 non
1067 1862 1201 1904 potest.
1239 1859 1357 1894 Aliter
1372 1858 1501 1894 Douza
1521 1859 1643 1896 locum

209 1910 329 1956 cepit,
352 1911 411 1957 qui
424 1939 433 1952 ‚
462 1914 682 1951 commeatus
709 1912 920 1960 intelligens
948 1915 1095 1951 militare
1113 1916 1356 1960 vacationem,
1382 1916 1554 1952 mercatis
1571 1927 1641 1963 pro

208 1966 404 2013 participio
433 1966 565 2011 habet,
593 1970 631 2002 ut
656 1978 791 2004 sensus
817 1969 864 2005 sit
889 1970 1035 2007 maitiae
1062 1972 1250 2008 vacatione
1275 1971 1396 2019 empta
1418 1972 1500 2007 sive
1519 1974 1643 2020 pretio

209 2022 419 2067 conciliatu,
455 2023 626 2059 ablativis
655 2024 704 2060 ad
733 2025 977 2072 sequebantur
1013 2028 1296 2074 pertinentibus.
1357 2027 1435 2065 Sed
1456 2038 1501 2064 ea
1520 2030 1641 2076 expli-

210 2079 328 2123 catio,
355 2078 543 2115 Freundio
570 2091 717 2127 quoque
746 2082 783 2117 in
808 2082 944 2119 Lexico
976 2083 1058 2120 Vol.
1078 2084 1139 2120 III.
1170 2096 1209 2132 p.
1229 2087 1311 2124 256.
1331 2095 1369 2121 ν.
1390 2094 1537 2122 mercor
1554 2097 1641 2134 pro-

208 2136 307 2179 bata,
328 2146 414 2171 eum
427 2135 536 2172 Nonii
561 2137 732 2173 lemmate
753 2139 943 2176 conciliari
964 2141 1102 2187 nequit.
1131 2162 1179 2167 —
1209 2140 1262 2178 De
1285 2142 1321 2178 vi
1346 2143 1544 2179 verborum
1574 2153 1637 2180 ne·

204 2191 301 2239 yotia
326 2193 460 2239 sequi
483 2203 522 2227 v.
543 2192 592 2228 ad
618 2193 679 2229 Fr.
700 2195 837 2239 111,89.
896 2196 1038 2233 Eadem
1065 2195 1379 2246 subintelligenda
1398 2202 1484 2235 sunt
1501 2199 1551 2235 ad
1569 2210 1638 2237 sua

206 2258 426 2295 pronomen.
479 2248 611 2296 Agitur
632 2255 753 2286 autem
769 2251 840 2289 hoe
860 2253 1083 2317 Ftragmento
1109 2254 1156 2291 de
1177 2254 1403 2300 Valerianis,
1424 2255 1581 2302 imperio
1602 2260 1639 2293 et

206 2303 404 2351 disciplina
428 2305 575 2342 militari
601 2308 802 2353 exsolutis,
830 2314 866 2345 et
885 2310 922 2346 in
942 2311 1032 2347 urbe
1053 2310 1174 2348 Nisibi
1194 2323 1263 2359 per
1282 2312 1395 2348 otium
1424 2313 1639 2349 luxurianti-

206 2361 296 2404 bus,
326 2360 426 2396 unde
454 2372 499 2397 ea
522 2363 626 2398 labes
653 2364 761 2399 etiam
785 2370 949 2403 ceterum
970 2367 1172 2404 exercitum
1196 2369 1347 2405 invasit.
1366 2369 1416 2404 cl'.
1434 2369 1518 2404 Liv.
1539 2369 1635 2416 Epit.

204 2415 365 2452 XCVIII.
394 2416 594 2463 Lucullum,
610 2429 656 2455 ne
664 2426 949 2468 persequeretur
963 2423 1210 2461 Mithridatem
1225 2436 1271 2461 ac
1290 2425 1496 2472 Tiyranem,
1511 2426 1636 2463 sedicio

204 2473 352 2508 miliwm
372 2475 498 2518 tenuit,
523 2477 609 2521 quia
628 2478 732 2523 sequi
749 2479 938 2523 nolebant,
961 2481 1000 2516 id
1018 2484 1090 2525 est,
1113 2483 1198 2528 quia
1218 2483 1374 2528 legiones
1404 2481 1634 2523 Valet-ianae,

203 2529 349 2576 impleta
379 2541 404 2566 a
430 2539 471 2566 se
498 2531 677 2578 stipendia
704 2533 881 2581 dicentes,
915 2536 1106 2573 Lucullum
1131 2538 1368 2585 reliquerunt.
1426 2537 1495 2574 Dio
1525 2538 1631 2575 Cass.

202 2585 353 2631 XXXV,
371 2588 425 2625 14.
449 2598 487 2633 p.
506 2589 566 2625 84.
586 2586 704 2624 Reim.
759 2587 821 2627 Οἱ
837 2582 1083 2655 Οὖαλέρειοι,
1112 2590 1155 2630 οἱ
1169 2593 1236 2642 τῆς
1259 2605 1298 2630 τε
1318 2591 1515 2656 στρατείας
1534 2607 1631 2642 αφε-

202 2638 346 2686 θέντες,
368 2654 435 2679 και
453 2654 547 2691 μετα
565 2634 663 2680 τοῦτ’
687 2633 808 2691 αὖθις
827 2641 1171 2697 στρατευσάμενοι,
1204 2642 1518 2712 ἐκινήθησαν
1545 2646 1632 2698 μὲν

202 2693 284 2733 καὶ
312 2693 366 2734 ἐν
395 2695 620 2761 Νισίβει,
650 2695 701 2736 ἔκ
728 2712 775 2738 τε
807 2702 894 2751 τῆς
922 2701 1064 2752 νίκης
1092 2717 1175 2741 και
1204 2701 1263 2741 ἐκ
1293 2704 1381 2754 τῆς
1407 2697 1628 2754 ἡσυχίας,

200 2751 284 2790 τοῦ
305 2765 353 2790 τε
378 2766 432 2791 τα
452 2748 710 2804 ἐπιτήδεια
728 2749 935 2805 αφθονα
955 2756 1111 2812 ἔχειν,
1133 2773 1214 2799 και
1243 2773 1364 2799 ανευ
1391 2761 1477 2800 τοῦ
1495 2762 1629 2803 Λου-
