1774 3002
179 156 265 199 286
637 160 676 198 C.
705 162 936 201 SALLUSTI
963 163 1113 201 CRISPI

182 289 280 333 rant
308 286 575 346 triumphos,
608 286 917 345 Mithridatem,
950 287 1193 334 Sertorium
1223 291 1268 334 et
1299 287 1519 350 reliquias.
1541 303 1627 339 exr—

181 370 327 416 sulum
361 372 685 430 persequantur
714 384 813 415 cum
842 371 1107 432 imaginibus
1136 372 1252 431 suis;
1291 372 1405 418 absit
1445 372 1624 432 pericu-

181 453 270 498 lum
303 456 346 498 et
375 453 521 508 labos,
558 454 717 515 quibus
749 455 871 501 nulla
902 470 1006 515 pars
1044 457 1214 502 fructus
1251 458 1332 502 est.
1386 455 1479 502 Nisi
1509 457 1683 506 fortem

181 537 409 598 repentina
445 536 529 582 ista
562 536 847 585 frumentaria
882 539 985 600 lege
1017 539 1164 584 munia
1193 540 1347 584 vostra
1374 542 1626 599 pensantur,

180 634 268 681 qua
305 624 451 666 tamen
490 620 634 682 quinis
678 622 836 667 modiis
876 622 1119 669 libertatem
1164 622 1357 668 omnium
1399 625 1626 668 aestuma-

179 782 268 819 Cum
295 781 513 829 imaginibus
540 783 617 818 sutis
647 781 835 829 significat
860 784 969 819 sociis
998 787 1034 820 et
1059 782 1285 821 adiutoribus
1311 782 1526 832 imayinibus
1550 783 1626 820 sm‘s

176 840 246 883 usi,
268 839 329 874 cui
353 840 560 875 sententiae
580 839 692 876 tacito
713 840 915 887 opponitur
933 841 1013 876 sine
1033 841 1142 877 vobi&
1183 840 1341 878 Mirifice
1361 845 1486 878 autem
1505 840 1625 877 Faber

177 895 237 931 hic
258 896 449 941 observat,
470 907 555 933 cum
574 907 688 943 saepe
709 897 759 933 ita
775 898 886 944 poni,
908 901 947 933 ut
965 900 1202 944 contemptus
1222 901 1332 944 atque
1356 897 1624 945 indignationis

175 953 252 990 vim
282 952 440 998 habeat3
469 954 578 1000 quasi
610 954 684 990 ulla
703 954 935 1001 praepositio
957 955 1104 992 ullusve
1126 965 1262 998 casus,
1285 955 1419 1001 quibus
1436 965 1623 1002 qramma-

175 1011 246 1046 tica
267 1010 456 1046 nominum
484 1011 578 1047 ratio
609 1010 814 1056 indicatur,
837 1010 1021 1048 honorem
1049 1015 1114 1047 aut
1138 1015 1389 1058 contemptum
1409 1011 1623 1059 significare

175 1067 341 1113 possint,
369 1078 486 1114 quae,
509 1068 541 1105 si
567 1067 718 1114 quando
739 1068 863 1103 locum
888 1067 1045 1114 habent,
1068 1068 1105 1104 in
1132 1069 1309 1105 universa
1329 1068 1523 1112 sententia,
1549 1079 1622 1104 non

176 1124 213 1159 in
241 1125 521 1171 praepositione
545 1125 684 1160 insunt.
737 1124 844 1170 Cum,
871 1125 973 1172 quod
1001 1126 1038 1161 in
1068 1125 1286 1162 universum
1314 1125 1473 1162 duarum
1499 1136 1621 1161 rerum

175 1181 478 1217 coniunctionem
516 1181 709 1228 designat,
751 1181 812 1217 hic
851 1181 992 1219 indicat
1026 1182 1210 1229 imagines
1244 1179 1431 1220 nobilibus
1468 1182 1519 1218 ita
1556 1182 1622 1218 ad-

174 1238 346 1283 haerere,
367 1242 406 1274 ut
425 1238 507 1274 sine
527 1238 574 1275 iis
597 1242 769 1275 constare
790 1243 990 1285 nequeant.
1022 1237 1263 1286 Contemptus
1284 1238 1397 1285 igitur
1417 1239 1478 1275 vel
1496 1239 1620 1285 potius

174 1295 296 1331 ironia
315 1296 353 1331 in
373 1306 419 1331 eo
437 1295 613 1339 cernitur,
637 1295 739 1342 quod
759 1296 903 1332 nobiles
925 1296 1096 1332 iubentur
1116 1307 1139 1332 a
1158 1306 1198 1331 re
1217 1295 1448 1340 vanissima,
1470 1295 1542 1332 sed
1555 1296 1619 1331 cui

175 1352 226 1388 illi
250 1353 449 1399 plurimum
470 1352 645 1397 tribuunt,
667 1353 846 1389 auxilium
870 1352 920 1389 ad
940 1353 1040 1389 bella
1059 1352 1228 1400 gerenda
1246 1357 1388 1399 petere.
1409 1371 1466 1378 —-
1484 1351 1621 1396 Quibus

174 1411 333 1445 refertur
353 1409 403 1445 ad
422 1410 467 1445 iis
489 1410 535 1455 (i.
557 1420 592 1445 e.
615 1409 741 1455 vobis),
761 1409 863 1457 quod
882 1410 920 1446 in
941 1410 1247 1446 antecedentibus
1266 1409 1317 1446 ad
1332 1408 1428 1446 absit
1443 1410 1620 1456 supplen-

175 1466 264 1502 dum
296 1471 373 1511 est3
404 1467 452 1502 cf.
477 1467 638 1514 Kriigeri
668 1466 868 1503 Grammat.
898 1467 962 1503 lat.
991 1470 1025 1510 S.
1059 1470 1140 1506 549.
1169 1478 1207 1513 p.
1237 1468 1321 1506 737.
1341 1469 1461 1502 nostr.
1481 1469 1517 1510 s.
1538 1468 1618 1511 145,

173 1526 208 1568 4,
229 1534 268 1570 p.
288 1526 370 1562 486.

287 1583 321 1623 S.
339 1583 396 1619 19.
429 1581 624 1627 repentina
642 1582 714 1617 ista
731 1579 982 1627 frumentaria
1002 1580 1097 1628 leye)
1130 1579 1348 1627 Intelligitur
1365 1580 1427 1616 lex
1446 1578 1617 1616 Terentia

174 1640 211 1672 et
232 1636 365 1673 Cassia
394 1638 655 1682 frumentaria,
684 1638 762 1681 lata*
788 1649 823 1672 a.
852 1637 902 1673 M.
934 1637 1019 1673 Ter.
1047 1637 1219 1685 Varrone
1243 1641 1280 1672 et
1300 1636 1339 1673 C.
1363 1635 1493 1673 Cassio
1515 1635 1617 1671 Varo

174 1705 274 1731 coss.
305 1705 340 1729 a.
368 1696 429 1734 73.
456 1704 492 1730 a.
514 1692 602 1730 Chr.
630 1705 667 1729 n.
697 1692 846 1730 esscie.
884 1694 922 1728 in
949 1694 1060 1729 Verr.
1080 1693 1140 1738 111,
1173 1695 1230 1738 70,
1254 1694 1334 1732 163.
1356 1697 1393 1729 et
1413 1693 1459 1737 V,
1478 1696 1539 1738 21,
1557 1697 1617 1731 52.

173 1750 382 1798 Repentina
404 1761 452 1786 ea
472 1751 534 1786 lex
556 1750 702 1795 dicitur,
722 1750 820 1796 quia,
841 1761 955 1797 quum
977 1751 1085 1797 plebs
1116 1750 1191 1786 iam
1210 1760 1279 1796 per
1298 1749 1446 1796 longius
1470 1753 1616 1796 tempus

173 1808 330 1844 caritate
361 1818 534 1844 annonae
562 1811 796 1855 premeretur
821 1807 990 1854 patribus
1020 1817 1130 1853 opem
1158 1817 1233 1842 non
1266 1806 1490 1850 ferentibus,
1524 1816 1608 1842 con-

174 1859 300 1910 sules‘,
331 1875 379 1900 ne
403 1864 540 1901 seditio
563 1865 741 1909 oriretur,
769 1867 920 1911 praeter
939 1863 1237 1911 expectationem
1262 1864 1346 1910 lege
1373 1863 1449 1899 lata
1469 1861 1615 1898 animos

174 1922 446 1958 demulserunt.
479 1941 537 1947 -—
568 1921 649 1959 Isca
678 1921 716 1956 in
743 1921 963 1958 universum
987 1920 1182 1967 designat,
1216 1919 1320 1966 quod
1338 1918 1390 1955 ad
1410 1911 1615 1956 secundam

173 1990 373 2026 personam
401 1979 561 2026 pertinet
590 1980 647 2024 (v.
670 1978 834 2015 Gramm.
862 1979 925 2014 lat.
952 1981 1069 2014 nostr.
1096 1980 1131 2020 §-
1152 1979 1232 2022 121,
1251 1981 1286 2015 5.
1318 1987 1357 2023 p.
1388 1974 1613 2022 299·3(”111.);

174 2046 291 2083 quare
320 2035 358 2071 h.
388 2037 412 2071 Ι.
443 2040 520 2072 est:
550 2037 612 2072 vel
641 2035 679 2070 in
711 2039 879 2071 vestrum
907 2034 1145 2071 commodum
1166 2035 1260 2078 lata,
1288 2033 1354 2068 -vel
1374 2032 1472 2069 vobis
1489 2035 1613 2079 yram.

173 2093 252 2128 Hoc
268 2093 525 2137 verisimilius,
550 2092 638 2139 quia
653 2093 784 2128 Macer
799 2092 923 2139 legem
939 2090 1041 2138 apud
1055 2092 1206 2138 plebem
1219 2090 1256 2126 in
1273 2089 1455 2126 invidiam
1470 2099 1614 2126 vocare

174 2149 312 2186 studet.
341 2169 392 2175 —
430 2149 560 2185 Mania
589 2148 776 2196 capienda
797 2153 883 2185 sunt
904 2147 952 2184 de
973 2147 1171 2195 stipendiis
1193 2150 1229 2183 et
1253 2146 1405 2182 militiae
1425 2145 1613 2182 laboribus

171 2206 272 2253 plebi
292 2217 361 2252 pro
379 2206 546 2252 potentia
570 2204 776 2254 nobilitatis
798 2204 1017 2241 subeundis.
1032 2223 1105 2237 .--
1131 2203 1258 2248 Quinis
1277 2203 1419 2239 modiis.
1461 2201 1614 2239 Scilicet

172 2264 258 2311 lege
284 2263 525 2298 frumentaria
553 2263 675 2299 cuivis
704 2262 776 2298 civi
807 2262 1088 2308 permittebatur
1114 2261 1152 2296 in
1173 2261 1345 2308 singulos
1363 2269 1516 2295 menses
1534 2259 1614 2306 qui-

172 2331 243 2356 nos
258 2318 366 2355 tritici
386 2319 533 2355 modios
554 2319 620 2354 vili
640 2319 760 2366 pretio
781 2328 929 2365 emere-3
951 2329 990 2353 v.
1011 2317 1062 2353 ad
1082 2317 1140 2353 Fr.
1165 2317 1192 2359 Ι,
1215 2320 1274 2362 45,
1294 2321 1351 2355 11.
1393 2317 1464 2352 Pro
1485 2314 1612 2352 modio

173 2380 296 2414 autem
316 2387 431 2413 senos
453 2386 560 2412 asses
581 2386 667 2412 cum
688 2376 820 2411 triente
840 2375 1054 2418 solvebant,
1084 2377 1176 2412 teste
1199 2373 1326 2410 Schol.
1348 2373 1442 2410 Bob.
1463 2372 1514 2409 ad
1534 2371 1610 2408 Cic.

171 2445 212 2482 p.
234 2432 334 2471 sest.
363 2444 398 2480 p.
421 2435 504 2471 300.
532 2437 570 2468 et
593 2435 676 2470 303.
720 2432 834 2468 Oren.
861 2431 1049 2467 Universa
1071 2430 1188 2466 Macri
1217 2430 1403 2466 sententia
1428 2429 1490 2465 hic
1517 2429 1609 2464 etin

172 2491 415 2538 sequentibus
450 2488 629 2534 ostendit,
669 2492 795 2534 patres
837 2499 882 2523 eo
916 2488 1074 2524 consilio
1112 2487 1212 2534 plebi
1245 2486 1358 2523 vilius
1389 2486 1609 2522 trumentum

171 2549 407 2596 praebuisse,
429 2551 468 2583 ut
486 2546 558 2583 hoc
576 2545 759 2582 beneficio
780 2544 957 2580 libertatis
979 2544 1103 2580 studia
1126 2545 1389 2579 omitteret.——
1409 2541 1483 2586 Qu·
1497 2549 1609 2587 quum

171 2606 355 2641 reseratur
375 2604 424 2640 ad
447 2603 587 2649 modiis,
606 2613 746 2639 sensus
767 2606 844 2638 est:
877 2601 979 2647 quini
995 2601 1054 2636 isti
1079 2600 1199 2636 modii·
1217 2611 1291 2636 non
1312 2599 1436 2635 minus
1459 2602 1608 2634 tenuem

173 2662 284 2699 vobis
305 2662 441 2697 victum
468 2661 660 2707 praebent,
682 2669 792 2705 quam
813 2658 935 2694 servis
959 2658 1133 2694 alimenta
1154 2657 1331 2693 carceris.

286 2722 321 2754 et
344 2718 526 2765 iynuviam
558 2717 731 2763 cuitcsque
757 2715 965 2750 tenuissima
994 2724 1060 2760 spe
1088 2714 1316 2761 frustratur)
1341 2710 1431 2748 Cod.
1460 2709 1544 2746 Vat.
1575 2713 1606 2748 1.

173 2780 209 2813 et
225 2776 349 2824 iynam
368 2776 544 2823 quinosque
563 2773 792 2810 tenuissimas
810 2781 887 2819 per
910 2771 1122 2817 frustratur
1130 2786 1143 2812 ;
1166 2788 1224 2796 --
1253 2770 1337 2806 Vat.
1367 2773 1404 2806 2.
1427 2772 1462 2804 et
1486 2768 1611 2815 iqnavi
1651 2777 1653 2779 ’
