1774 3002
2 154 23 172 ff.

7 173 27 191 ξ’,

170 262 214 309 di
256 262 380 319 boni,
428 263 502 324 qui
542 263 654 309 hanc
696 262 870 318 urbem,
910 262 1075 307 omissa
1108 275 1234 316 cura,
1265 261 1409 306 adhuc
1438 260 1609 322 tegitis!

171 345 226 390 Μ.
257 344 494 403 AemiliuS,
524 345 716 392 omnium
735 345 1056 406 flagitiosorum
1083 347 1356 403 postremus,
1387 344 1461 406 qui
1488 344 1612 404 peior

171 443 228 473 an
255 427 461 489 ignavior
488 428 545 473 sit
581 428 808 474 deliberari
852 443 939 474 non
977 431 1145 488 potest,
1182 428 1421 474 exercitum
1453 427 1611 487 oppri-

170 511 358 557 mundae
389 510 597 557 libertatis
634 510 787 567 habet,
824 513 868 556 et
907 525 957 557 se
990 525 1017 557 e
1053 514 1301 572 contempto
1330 511 1610 557 metuendum

456 147 794 190 HISTORIARUM
824 147 1136 186 FRAGMENTA.
1195 148 1283 185 LlB.
1311 149 1339 185 1.
1557 143 1614 188 67

169 647 247 685 Hoc
266 649 365 685 euim
384 648 474 686 dicit
494 647 700 696 Philippus,
722 649 792 684 nisi
815 649 922 685 tutela
943 647 1097 684 deorum
1118 649 1246 685 urbem
1271 647 1395 684 adhuc
1414 659 1609 686 conserva—

167 708 244 752 ret,
271 709 394 746 actum
413 715 505 742 esse
518 705 566 741 de
582 715 649 749 ea,
672 705 808 752 quippe
838 706 945 740 cuius
976 715 1103 741 curam
1124 709 1250 752 patres
1270 706 1381 753 plane
1402 707 1608 742 omiserint.

167 761 329 798 Deorum
350 764 388 809 in
403 763 495 798 urbe
514 762 698 809 reyiminis
715 772 791 797 non
811 762 931 797 solum
948 761 1082 805 aliena,
1104 761 1174 796 sed
1191 771 1312 808 paene
1328 761 1494 798 absurda
1509 773 1607 798 men-

168 818 234 853 tio.
258 837 316 843 —
351 817 563 855 Postremus
582 817 629 853 de
650 817 771 865 gradu
791 821 827 853 et
848 817 1022 864 qualitate
1043 817 1180 854 dictum
1202 817 1610 865 significatvitissimum

169 878 206 908 et
227 883 392 921 prorsus
421 874 711 921 despiciendmn5
739 875 788 910 cl.
817 874 908 910 Hist.
937 873 995 909 Fr.
1022 874 1093 918 IV,
1127 876 1192 919 19,
1223 877 1280 912 12.
1333 873 1611 912 Postremus

168 939 356 967 servorum
380 930 599 967 Archelaus.
649 929 726 982 Cic.
753 942 792 977 p.
823 930 936 967 Rosc.
963 930 1051 966 Am.
1075 941 1109 968 c.
1136 931 1200 975 47,
1227 931 1306 969 137.
1348 930 1415 968 Sin
1434 935 1556 968 autem
1573 932 1614 968 id

167 989 288 1023 acum
306 990 370 1032 est,
389 990 430 1022 ut
446 985 608 1023 homines
626 987 1042 1034 postremipectmiis
1059 986 1189 1022 alienis
1208 986 1534 1034 locupletarentur.
1554 1007 1606 1021 -ι
1664 1004 1666 1006 ’

167 1041 420 1079 Deh'berarii.
442 1053 476 1078 e.
504 1043 673 1088 decerni,
698 1044 882 1087 constitui,
907 1052 1003 1090 quae
1026 1043 1131 1079 verbi
1154 1043 1214 1080 vis
1238 1054 1284 1080 eo
1305 1043 1483 1090 efficitur,
1509 1045 1612 1092 quod

169 1108 418 1145 consequens,
439 1102 478 1134 ut
494 1099 724 1147 grammatici
739 1099 951 1146 loquuntur,
975 1099 1131 1135 sumitur
1146 1110 1215 1146 pro
1236 1100 1503 1146 antecedente3
1524 1112 1610 1138 nam

168 1164 281 1200 quum
295 1154 501 1192 deliberare
518 1157 668 1202 proprie
684 1155 730 1192 sit
745 1154 915 1192 librando
936 1159 970 1190 et
984 1155 1187 1203 pendendo
1204 1157 1362 1193 alicuius
1383 1158 1436 1193 rei
1456 1158 1609 1213 pondus

166 1211 376 1258 explorare,
404 1211 492 1258 quia
517 1212 665 1248 nonnisi
686 1222 877 1259 perpensa
896 1223 936 1248 re
961 1210 1118 1249 iudicari
1136 1216 1274 1260 potest,
1297 1214 1419 1260 ipsum
1439 1224 1607 1262 perpen-

167 1266 256 1304 dere
279 1278 348 1314 pro
368 1267 571 1304 iudicando
592 1272 629 1304 et
648 1268 905 1305 constituendo
928 1267 1074 1304 dicitur.
1105 1269 1151 1305 cs.
1172 1268 1249 1306 Cic.
1271 1270 1308 1305 in
1325 1271 1609 1316 Verr.1,1,1.

166 1321 242 1360 Iste
262 1327 507 1361 numeratae·
514 1324 874 1362 deliberaverat
895 1336 969 1361 non
983 1325 1127 1361 adesse.
1145 1344 1202 1350 —-
1223 1325 1275 1361 De
1292 1327 1459 1373 genitivo
1480 1329 1608 1375 oppri-

166 1372 326 1416 mundae
343 1379 519 1417 libertatis
537 1391 575 1417 v.
598 1380 647 1416 ad
668 1379 744 1418 Cat.
766 1380 836 1425 VI,
866 1382 901 1419 7.
920 1392 956 1428 p.
978 1384 1036 1420 36.
1066 1381 1126 1417 Fr.
1148 1381 1184 1425 1,
1206 1384 1272 1426 45,
1292 1384 1329 1420 8.
1350 1401 1406 1407 —
1444 1383 1607 1420 Contem—

159 1438 250 1482 ptus
271 1437 469 1484 opponitur
491 1437 699 1482 metuendo,
727 1437 815 1484 quia
834 1441 1065 1473 contemnere
1083 1438 1233 1484 proprie
1258 1442 1316 1474 est
1335 1450 1409 1475 non
1427 1444 1609 1480 metuere,-

167 1501 209 1533 ν.
229 1496 406 1529 annotata
420 1492 470 1528 ad
488 1493 570 1540 lug.
594 1492 776 1538 LXXXV,
798 1496 855 1532 19.
875 1493 992 1530 Tacit.
1006 1493 1106 1529 Ann.
1127 1493 1155 1538 1,
1176 1495 1242 1539 74,
1266 1499 1367 1532 1.-
1383 1493 1607 1533 Massan-

167 1551 253 1594 tes,
274 1548 375 1595 quod
392 1550 544 1596 proprie
566 1553 622 1585 est
643 1550 708 1585 vix
726 1548 874 1585 hiscere
896 1554 1089 1594 conantes,
1114 1551 1290 1598 translate
1312 1551 1499 1599 siguificat
1515 1563 1608 1600 prae

168 1603 300 1640 timore
327 1603 439 1642 libere
466 1606 573 1653 loqui,
594 1605 693 1652 quod
717 1616 780 1642 res
801 1606 976 1652 postulat,
995 1616 1068 1642 non
1087 1606 1279 1653 audentes,
1309 1613 1466 1655 utroque
1492 1620 1609 1645 sensu

165 1659 277 1706 plane
296 1670 508 1708 congruens
528 1672 612 1697 cum
640 1661 800 1697 dictione
828 1663 1046 1709 germanica
1073 1662 1145 1699 den
1173 1661 1295 1700 Mami
1312 1664 1414 1701 nicht
1434 1665 1606 1713 aufihun.

167 1714 221 1750 De
240 1727 286 1752 eo
306 1719 422 1754 verbo
444 1719 493 1754 cs.
511 1718 630 1753 Varro
653 1717 700 1753 de
719 1718 758 1756 L.
779 1718 821 1754 L.
841 1718 929 1763 Vll,
951 1722 1031 1758 101.
1054 1730 1094 1766 p.
1114 1722 1196 1758 159.
1218 1719 1280 1755 ed.
1299 1720 1425 1757 Muell.
1461 1720 1525 1757 -Μ
1529 1732 1606 1758 us—

166 1781 279 1809 sare
303 1773 455 1820 ἀίειιωι,
478 1774 576 1821 quod
590 1775 680 1811 muti
695 1785 768 1810 non
786 1775 944 1821 amplius
962 1786 1071 1823 quam
1090 1774 1145 1823 μῦ
1164 1776 1300 1813 dicunt.
1348 1777 1445 1813 Non.
1466 1777 1520 1822 V,
1545 1781 1607 1816 23.

166 1839 206 1874 p.
226 1830 295 1866 427
307 1857 318 1874 ,
339 1832 394 1868 16.
415 1827 531 1866 Μετὀ.
584 1829 759 1867 Massare
777 1830 960 1868 hominum
981 1836 1035 1868 est
1050 1832 1188 1868 occulte
1216 1833 1305 1880 quid
1323 1833 1358 1869 et
1367 1843 1506 1881 pressa
1522 1844 1609 1870 voce

168 1884 403 1932 loqueum,
432 1886 531 1934 quod
556 1887 707 1922 celatum
728 1888 846 1923 velint.
877 1887 1158 1924 Drakenborch.
1189 1888 1239 1924 ad
1265 1889 1346 1925 Liv.
1366 1890 1453 1934 VII,
1481 1894 1548 1934 25,
1571 1893 1606 1927 1.
1657 1895 1662 1900 ’

166 1939 378 1978 Massam&
394 1943 489 1978 inter
508 1951 548 1978 se
577 1942 799 1988 roqitabant,
830 1954 915 1979 num
934 1954 1040 1991 quem
1059 1943 1196 1990 plebeii
1219 1946 1379 1981 consulis
1391 1944 1608 1992 poeniteret.

168 1994 226 2030 Id.
242 1995 410 2040 XXXIII,
434 2000 492 2040 31,
511 2002 541 2034 1.
575 1996 653 2033 Soli
668 1998 785 2034 Aetoli
799 1999 839 2033 id
854 1999 1038 2035 decretum
1057 2000 1151 2035 clam
1172 2004 1375 2037 mussantes
1392 2002 1607 2049 carpebant.

169 2049 367 2087 Ruhnken.
398 2052 448 2088 ad
468 2052 612 2088 Terent.
631 2053 751 2089 Andr.
772 2053 841 2098 111,
868 2058 913 2101 2,
930 2058 988 2092 25.
1032 2055 1196 2102 Adelph.
1220 2056 1271 2100 ΙΙ,
1300 2061 1341 2101 1,
1366 2060 1426 2096 53.
1444 2077 1503 2085 --
1531 2058 1600 2095 Re-

167 2110 379 2154 tractantes,
407 2107 546 2144 dictum
567 2119 589 2144 a
607 2120 647 2144 re
668 2111 775 2155 quasi
800 2109 1026 2147 retrahenda
1045 2116 1080 2146 et
1103 2112 1331 2157 revocanda,
1355 2118 1413 2149 est
1430 2115 1605 2162 teryiver-

167 2166 304 2209 santes,
318 2167 540 2210 cunc-lantes,
564 2166 612 2201 cs.
635 2163 710 2201 Cic.
731 2165 843 2203 Tusc.
864 2166 891 2211 1,
913 2169 972 2212 31,
993 2169 1051 2206 76.
1084 2167 1175 2210 ‚Sive
1196 2170 1507 2217 retractabis,
1531 2173 1607 2208 sive

162 2219 398 2266 properabis.
438 2219 531 2257 lbid.
556 2221 603 2266 V,
624 2222 681 2266 29,
701 2224 761 2260 82.
798 2222 1061 2270 Peripateticos
1077 2223 1224 2260 hortari
1239 2225 1420 2272 videbare,
1449 2230 1490 2263 ut
1506 2229 1606 2264 sine

100 2324 103 2327 Ι
169 2278 517 2313 retractatione
533 2276 683 2313 libere
701 2278 863 2314 dicere
882 2279 1072 2316 auderent.
1107 2280 1159 2316 id.
1179 2279 1337 2329 Philipp.
1354 2281 1454 2327 XIV,
1477 2286 1533 2328 14,
1547 2287 1604 2323 38.

169 2329 287 2374 Quum
309 2331 411 2368 sine
427 2333 527 2368 ulla
554 2336 987 2389 retractationepro
1001 2339 1130 2384 patria
1149 2335 1258 2373 vitam
1275 2338 1486 2384 effuderunt.
1516 2340 1605 2376 Dra-

168 2386 374 2423 kenborch.
404 2387 453 2423 ad
472 2388 549 2425 Liv.
573 2388 640 2433 111,
662 2392 729 2434 49,
750 2394 786 2428 2
832 2391 975 2439 Appius
1002 2392 1144 2429 chium
1172 2397 1510 2431 retractantem
1537 2407 1602 2431 ar·

167 2443 245 2489 ripi
260 2442 367 2479 iubet.
409 2443 472 2487 VI,
492 2446 551 2489 28,
572 2446 607 2480 4.
659 2445 844 2492 XXXVII,
864 2449 919 2492 18,
942 2451 979 2485 9.
1016 2449 1123 2496 Virg.
1147 2450 1243 2486 Aen.
1262 2449 1342 2495 XII,
1368 2453 1452 2490 889
1495 2451 1604 2496 Quod

171 2498 222 2534 ad
241 2500 441 2535 verborum
470 2503 689 2537 structuram
719 2503 855 2549 attinet,
883 2504 1124 2553 Gerlachius,
1152 2506 1272 2542 Faber
1298 2510 1334 2541 et
1358 2506 1517 2543 Orellius
1541 2509 1603 2544 ab·

171 2554 306 2591 lativos
328 2556 446 2592 verbis
472 2559 507 2590 et
530 2559 650 2593 vatum
671 2559 892 2596 carminibus
913 2559 962 2595 ad
983 2563 1116 2608 optatis
1144 2566 1181 2597 et
1208 2561 1400 2609 defenditis
1427 2564 1602 2608 referunt,

172 2610 274 2656 quod
292 2610 373 2647 fieri
393 2612 530 2659 nequit
561 2611 642 2648 Non
662 2612 755 2650 vidit
774 2616 872 2651 enim
893 2616 1125 2663 Gerlachius‚
1148 2629 1259 2665 quum
1280 2619 1366 2653 Vol.
1387 2619 1454 2664 111,
1484 2631 1521 2667 p.
1542 2623 1603 2658 65.

171 2665 259 2702 dicit
284 2667 445 2704 verbis
468 2677 605 2715 pacem
626 2668 890 2717 defenditis
917 2672 1089 2710 homines
1121 2674 1323 2721 significari
1347 2675 1470 2723 linqua
1493 2687 1603 2722 quam

170 2732 281 2760 manu
298 2725 567 2772 promptiores,
596 2726 657 2771 qui
678 2726 790 2773 loqui,
810 2739 884 2763 non
911 2740 1026 2775 agere
1053 2730 1263 2775 didicerint,
1291 2730 1379 2767 huic
1401 2732 1604 2768 sententiae

1267 2791 1331 2832 5*
