<?xml version="1.0" encoding="UTF-8"?>
<!DOCTYPE html PUBLIC "-//W3C//DTD XHTML 1.0 Transitional//EN"
    "http://www.w3.org/TR/xhtml1/DTD/xhtml1-transitional.dtd">
<html xmlns="http://www.w3.org/1999/xhtml" xml:lang="en" lang="en">
 <head>
  <title>
</title>
<meta http-equiv="Content-Type" content="text/html;charset=utf-8" />
  <meta name='ocr-system' content='tesseract 3.04.00' />
  <meta name='ocr-capabilities' content='ocr_page ocr_carea ocr_par ocr_line ocrx_word'/>
</head>
<body>
  <div class='ocr_page' id='page_1' title='image "./operaquaesupersu03salluoft/operaquaesupersu03salluoft_0174.png"; bbox 0 0 1774 3002; ppageno 0'>
   <div class='ocr_carea' id='block_1_1' title="bbox 162 124 1124 170">
    <p class='ocr_par' dir='ltr' id='par_1_1' title="bbox 162 124 1124 170">
     <span class='ocr_line' id='line_1_1' title="bbox 162 124 1124 170; baseline 0.001 -3"><span class='ocrx_word' id='word_1_1' title='bbox 162 124 245 168; x_wconf 79' lang='lat'>124</span> <span class='ocrx_word' id='word_1_2' title='bbox 639 129 678 167; x_wconf 88' lang='lat' dir='ltr'>C.</span> <span class='ocrx_word' id='word_1_3' title='bbox 709 129 940 170; x_wconf 91' lang='lat' dir='ltr'>SALLUSTI</span> <span class='ocrx_word' id='word_1_4' title='bbox 971 131 1124 170; x_wconf 86' lang='lat' dir='ltr'>CRISPI</span> 
     </span>
    </p>
   </div>
   <div class='ocr_carea' id='block_1_2' title="bbox 266 251 1607 400">
    <p class='ocr_par' dir='ltr' id='par_1_2' title="bbox 266 251 1607 400">
     <span class='ocr_line' id='line_1_2' title="bbox 297 251 595 299; baseline 0 0"><span class='ocrx_word' id='word_1_5' title='bbox 297 256 338 299; x_wconf 88' lang='lat'>3.</span> <span class='ocrx_word' id='word_1_6' title='bbox 394 251 595 299; x_wconf 83' lang='lat' dir='ltr'>Ichnusa.</span> 
     </span>
     <span class='ocr_line' id='line_1_3' title="bbox 266 310 1607 400; baseline 0.005 -20"><span class='ocrx_word' id='word_1_7' title='bbox 266 310 268 313; x_wconf 14' lang='grc' dir='ltr'>ἱ</span> <span class='ocrx_word' id='word_1_8' title='bbox 297 339 338 382; x_wconf 86' lang='grc'>4.</span> <span class='ocrx_word' id='word_1_9' title='bbox 394 334 563 382; x_wconf 84' lang='lat' dir='ltr'><strong>Sardus</strong></span> <span class='ocrx_word' id='word_1_10' title='bbox 599 335 789 382; x_wconf 86' lang='lat' dir='ltr'>Hercule</span> <span class='ocrx_word' id='word_1_11' title='bbox 822 339 1082 398; x_wconf 82' lang='lat' dir='ltr'>procreatus</span> <span class='ocrx_word' id='word_1_12' title='bbox 1121 353 1219 384; x_wconf 91' lang='lat' dir='ltr'>cum</span> <span class='ocrx_word' id='word_1_13' title='bbox 1259 353 1424 400; x_wconf 84' lang='lat' dir='ltr'>magna</span> <span class='ocrx_word' id='word_1_14' title='bbox 1455 340 1607 387; x_wconf 90' lang='lat' dir='ltr'>multi-</span> 
     </span>
    </p>
   </div>
   <div class='ocr_carea' id='block_1_3' title="bbox 147 467 1653 2729">
    <p class='ocr_par' dir='ltr' id='par_1_3' title="bbox 159 467 1604 579">
     <span class='ocr_line' id='line_1_4' title="bbox 162 467 1604 525; baseline 0.004 -16"><span class='ocrx_word' id='word_1_15' title='bbox 162 473 283 510; x_wconf 86' lang='lat' dir='ltr'>dictus</span> <span class='ocrx_word' id='word_1_16' title='bbox 305 473 404 509; x_wconf 83' lang='lat' dir='ltr'>risus</span> <span class='ocrx_word' id='word_1_17' title='bbox 428 473 654 518; x_wconf 66' lang='lat' dir='ltr'>Sardoum-3,</span> <span class='ocrx_word' id='word_1_18' title='bbox 680 468 801 523; x_wconf 74' lang='grc' dir='ltr'><strong><em>γέλως</em></strong></span> <span class='ocrx_word' id='word_1_19' title='bbox 821 467 1042 525; x_wconf 78' lang='grc' dir='ltr'><em>Σαρδάνιος</em></span> <span class='ocrx_word' id='word_1_20' title='bbox 1068 477 1132 522; x_wconf 87' lang='lat' dir='ltr'>(v.</span> <span class='ocrx_word' id='word_1_21' title='bbox 1158 470 1235 513; x_wconf 87' lang='lat' dir='ltr'>Cic.</span> <span class='ocrx_word' id='word_1_22' title='bbox 1262 475 1357 524; x_wconf 86' lang='lat' dir='ltr'>Epp.</span> <span class='ocrx_word' id='word_1_23' title='bbox 1387 476 1436 512; x_wconf 87' lang='lat' dir='ltr'>ad</span> <span class='ocrx_word' id='word_1_24' title='bbox 1462 477 1604 514; x_wconf 87' lang='lat' dir='ltr'>Famm.</span> 
     </span>
     <span class='ocr_line' id='line_1_5' title="bbox 159 529 1605 579; baseline 0.004 -14"><span class='ocrx_word' id='word_1_25' title='bbox 159 530 244 575; x_wconf 91' lang='lat' dir='ltr'>VII,</span> <span class='ocrx_word' id='word_1_26' title='bbox 268 533 334 575; x_wconf 85' lang='grc'>25,</span> <span class='ocrx_word' id='word_1_27' title='bbox 357 530 439 575; x_wconf 88' lang='grc'>2.),</span> <span class='ocrx_word' id='word_1_28' title='bbox 468 530 536 567; x_wconf 87' lang='grc'><strong>5011</strong></span> <span class='ocrx_word' id='word_1_29' title='bbox 564 529 720 566; x_wconf 91' lang='lat' dir='ltr'>mirifico</span> <span class='ocrx_word' id='word_1_30' title='bbox 742 531 999 579; x_wconf 84' lang='lat' dir='ltr'>originationis</span> <span class='ocrx_word' id='word_1_31' title='bbox 1029 543 1167 569; x_wconf 85' lang='lat' dir='ltr'>errore.</span> <span class='ocrx_word' id='word_1_32' title='bbox 1209 532 1341 569; x_wconf 88' lang='lat' dir='ltr'>Graeci</span> <span class='ocrx_word' id='word_1_33' title='bbox 1361 534 1478 579; x_wconf 91' lang='lat' dir='ltr'>enim,</span> <span class='ocrx_word' id='word_1_34' title='bbox 1510 534 1605 571; x_wconf 87' lang='lat' dir='ltr'>Sar-</span> 
     </span>
    </p>

    <p class='ocr_par' dir='ltr' id='par_1_4' title="bbox 159 581 1603 698">
     <span class='ocr_line' id='line_1_6' title="bbox 159 581 1603 641; baseline 0.003 -18"><span class='ocrx_word' id='word_1_35' title='bbox 159 587 261 623; x_wconf 87' lang='lat' dir='ltr'>dinia</span> <span class='ocrx_word' id='word_1_36' title='bbox 291 586 452 623; x_wconf 85' lang='lat' dir='ltr'>nondum</span> <span class='ocrx_word' id='word_1_37' title='bbox 478 588 639 635; x_wconf 73' lang='lat' dir='ltr'>coquita,</span> <span class='ocrx_word' id='word_1_38' title='bbox 678 588 790 623; x_wconf 88' lang='lat' dir='ltr'>talem</span> <span class='ocrx_word' id='word_1_39' title='bbox 818 590 934 624; x_wconf 87' lang='lat' dir='ltr'>risum</span> <span class='ocrx_word' id='word_1_40' title='bbox 969 588 1144 626; x_wconf 76' lang='lat' dir='ltr'>dlxerunt</span> <span class='ocrx_word' id='word_1_41' title='bbox 1177 585 1363 640; x_wconf 74' lang='grc' dir='ltr'><strong><em>γέλωτα</em></strong></span> <span class='ocrx_word' id='word_1_42' title='bbox 1391 581 1603 641; x_wconf 74' lang='grc' dir='ltr'><strong><em>σαρδά-</em></strong></span> 
     </span>
     <span class='ocr_line' id='line_1_7' title="bbox 160 640 1603 698; baseline 0.003 -18"><span class='ocrx_word' id='word_1_43' title='bbox 160 652 315 688; x_wconf 84' lang='grc' dir='ltr'>νιον;</span> <span class='ocrx_word' id='word_1_44' title='bbox 348 643 397 678; x_wconf 85' lang='lat' dir='ltr'>cs.</span> <span class='ocrx_word' id='word_1_45' title='bbox 419 644 570 680; x_wconf 82' lang='lat' dir='ltr'><strong>Homer.</strong></span> <span class='ocrx_word' id='word_1_46' title='bbox 591 643 658 680; x_wconf 88' lang='lat' dir='ltr'>Od.</span> <span class='ocrx_word' id='word_1_47' title='bbox 679 644 768 689; x_wconf 89' lang='lat' dir='ltr'>XX,</span> <span class='ocrx_word' id='word_1_48' title='bbox 795 647 865 683; x_wconf 80' lang='lat'>301</span> <span class='ocrx_word' id='word_1_49' title='bbox 886 656 944 692; x_wconf 88' lang='lat' dir='ltr'>sq.</span> <span class='ocrx_word' id='word_1_50' title='bbox 997 643 1177 694; x_wconf 83' lang='grc' dir='ltr'><strong><em>Μείδησε</em></strong></span> <span class='ocrx_word' id='word_1_51' title='bbox 1201 641 1244 682; x_wconf 80' lang='grc' dir='ltr'>δὲ</span> <span class='ocrx_word' id='word_1_52' title='bbox 1263 643 1386 698; x_wconf 75' lang='grc' dir='ltr'>θυμῷ</span> <span class='ocrx_word' id='word_1_53' title='bbox 1403 640 1603 698; x_wconf 77' lang='grc' dir='ltr'><em>Σαρδά-</em></span> 
     </span>
    </p>

    <p class='ocr_par' dir='ltr' id='par_1_5' title="bbox 159 691 1601 752">
     <span class='ocr_line' id='line_1_8' title="bbox 159 691 1601 752; baseline 0.004 -15"><span class='ocrx_word' id='word_1_54' title='bbox 159 711 266 737; x_wconf 87' lang='grc' dir='ltr'><strong><em>νιον</em></strong></span> <span class='ocrx_word' id='word_1_55' title='bbox 287 691 392 748; x_wconf 81' lang='grc' dir='ltr'><em>μάλα</em></span> <span class='ocrx_word' id='word_1_56' title='bbox 411 700 532 748; x_wconf 83' lang='grc' dir='ltr'><em>τοῖον,</em></span> <span class='ocrx_word' id='word_1_57' title='bbox 559 700 608 736; x_wconf 88' lang='grc'>311</span> <span class='ocrx_word' id='word_1_58' title='bbox 629 711 738 747; x_wconf 87' lang='lat' dir='ltr'>quem</span> <span class='ocrx_word' id='word_1_59' title='bbox 759 702 882 737; x_wconf 90' lang='grc'><strong>10011111</strong></span> <span class='ocrx_word' id='word_1_60' title='bbox 902 701 1114 739; x_wconf 79' lang='lat' dir='ltr'>Scholiasta</span> <span class='ocrx_word' id='word_1_61' title='bbox 1134 702 1427 739; x_wconf 86' lang='grc' dir='ltr'><strong>011.Β111111131111.</strong></span> <span class='ocrx_word' id='word_1_62' title='bbox 1446 715 1486 752; x_wconf 88' lang='lat' dir='ltr'>p.</span> <span class='ocrx_word' id='word_1_63' title='bbox 1506 705 1601 749; x_wconf 67' lang='lat'>527„</span> 
     </span>
    </p>

    <p class='ocr_par' dir='ltr' id='par_1_6' title="bbox 147 755 1604 2050">
     <span class='ocr_line' id='line_1_9' title="bbox 158 755 1601 824; baseline 0.003 -32"><span class='ocrx_word' id='word_1_64' title='bbox 158 756 371 793; x_wconf 89' lang='lat' dir='ltr'>memoratis</span> <span class='ocrx_word' id='word_1_65' title='bbox 402 757 559 816; x_wconf 79' lang='lat' dir='ltr'>aliorum</span> <span class='ocrx_word' id='word_1_66' title='bbox 589 757 920 804; x_wconf 83' lang='lat' dir='ltr'>explicationibus,</span> <span class='ocrx_word' id='word_1_67' title='bbox 950 759 1170 795; x_wconf 90' lang='lat' dir='ltr'>verissime·</span> <span class='ocrx_word' id='word_1_68' title='bbox 1201 769 1363 824; x_wconf 82' lang='grc' dir='ltr'><strong><em>αμεινον</em></strong></span> <span class='ocrx_word' id='word_1_69' title='bbox 1383 755 1444 808; x_wconf 81' lang='grc' dir='ltr'>δέ,</span> <span class='ocrx_word' id='word_1_70' title='bbox 1473 760 1601 807; x_wconf 89' lang='lat' dir='ltr'>inquit,</span> 
     </span>
     <span class='ocr_line' id='line_1_10' title="bbox 157 804 1602 877; baseline 0.002 -27"><span class='ocrx_word' id='word_1_71' title='bbox 157 804 226 850; x_wconf 80' lang='grc' dir='ltr'>τὸν</span> <span class='ocrx_word' id='word_1_72' title='bbox 243 808 307 849; x_wconf 77' lang='grc' dir='ltr'>ἐπὶ</span> <span class='ocrx_word' id='word_1_73' title='bbox 326 805 600 877; x_wconf 82' lang='grc' dir='ltr'><strong><em>καταμωκήσει</em></strong></span> <span class='ocrx_word' id='word_1_74' title='bbox 619 810 880 864; x_wconf 80' lang='grc' dir='ltr'><strong><em>προςποίητον</em></strong></span> <span class='ocrx_word' id='word_1_75' title='bbox 900 809 1050 864; x_wconf 79' lang='grc' dir='ltr'><em>γέλωτα</em></span> <span class='ocrx_word' id='word_1_76' title='bbox 1072 807 1182 866; x_wconf 78' lang='grc' dir='ltr'><strong><em>παρὰ</em></strong></span> <span class='ocrx_word' id='word_1_77' title='bbox 1198 826 1242 852; x_wconf 88' lang='grc' dir='ltr'>το</span> <span class='ocrx_word' id='word_1_78' title='bbox 1266 810 1592 868; x_wconf 83' lang='grc' dir='ltr'><strong><em>σεσηρέναι,</em></strong></span> <span class='ocrx_word' id='word_1_79' title='bbox 1581 810 1602 854; x_wconf 90' lang='grc' dir='ltr'>ό</span> 
     </span>
     <span class='ocr_line' id='line_1_11' title="bbox 157 859 1602 921; baseline 0.002 -14"><span class='ocrx_word' id='word_1_80' title='bbox 157 865 261 907; x_wconf 75' lang='grc' dir='ltr'><strong><em>ἐστιν</em></strong></span> <span class='ocrx_word' id='word_1_81' title='bbox 275 859 451 920; x_wconf 70' lang='grc' dir='ltr'><em>ἀνοίγειν</em></span> <span class='ocrx_word' id='word_1_82' title='bbox 464 861 513 906; x_wconf 78' lang='grc' dir='ltr'>τὰ</span> <span class='ocrx_word' id='word_1_83' title='bbox 530 866 646 919; x_wconf 82' lang='grc' dir='ltr'><strong><em>χείλη</em></strong></span> <span class='ocrx_word' id='word_1_84' title='bbox 684 871 765 916; x_wconf 82' lang='lat' dir='ltr'>Qua</span> <span class='ocrx_word' id='word_1_85' title='bbox 785 872 892 908; x_wconf 87' lang='lat' dir='ltr'>vocis</span> <span class='ocrx_word' id='word_1_86' title='bbox 909 872 1054 919; x_wconf 81' lang='lat' dir='ltr'>origine</span> <span class='ocrx_word' id='word_1_87' title='bbox 1076 873 1247 920; x_wconf 84' lang='lat' dir='ltr'>ignorata</span> <span class='ocrx_word' id='word_1_88' title='bbox 1261 871 1380 908; x_wconf 88' lang='lat' dir='ltr'>Latini</span> <span class='ocrx_word' id='word_1_89' title='bbox 1396 873 1602 921; x_wconf 86' lang='lat' dir='ltr'>malignum</span> 
     </span>
     <span class='ocr_line' id='line_1_12' title="bbox 156 926 1600 980; baseline 0.003 -17"><span class='ocrx_word' id='word_1_90' title='bbox 156 928 273 963; x_wconf 88' lang='lat' dir='ltr'>risum</span> <span class='ocrx_word' id='word_1_91' title='bbox 290 926 339 962; x_wconf 86' lang='lat' dir='ltr'>ad</span> <span class='ocrx_word' id='word_1_92' title='bbox 358 927 636 963; x_wconf 89' lang='lat' dir='ltr'>similitudinem</span> <span class='ocrx_word' id='word_1_93' title='bbox 654 927 810 963; x_wconf 85' lang='lat' dir='ltr'>effectus</span> <span class='ocrx_word' id='word_1_94' title='bbox 827 926 1034 965; x_wconf 87' lang='lat' dir='ltr'>Sardoniae</span> <span class='ocrx_word' id='word_1_95' title='bbox 1047 929 1196 974; x_wconf 78' lang='lat' dir='ltr'>herbae,</span> <span class='ocrx_word' id='word_1_96' title='bbox 1219 929 1289 966; x_wconf 88' lang='lat' dir='ltr'>sibi</span> <span class='ocrx_word' id='word_1_97' title='bbox 1304 928 1399 965; x_wconf 86' lang='lat' dir='ltr'>ben&#39;e</span> <span class='ocrx_word' id='word_1_98' title='bbox 1416 929 1600 980; x_wconf 81' lang='lat' dir='ltr'>cognitae,</span> 
     </span>
     <span class='ocr_line' id='line_1_13' title="bbox 157 983 1604 1032; baseline 0.003 -13"><span class='ocrx_word' id='word_1_99' title='bbox 157 984 330 1020; x_wconf 86' lang='lat' dir='ltr'>dixerunt</span> <span class='ocrx_word' id='word_1_100' title='bbox 351 983 585 1020; x_wconf 85' lang='lat' dir='ltr'>Sardonium.</span> <span class='ocrx_word' id='word_1_101' title='bbox 629 984 728 1020; x_wconf 87' lang='lat' dir='ltr'>Haec</span> <span class='ocrx_word' id='word_1_102' title='bbox 753 985 863 1031; x_wconf 82' lang='lat' dir='ltr'>igilur</span> <span class='ocrx_word' id='word_1_103' title='bbox 886 985 1004 1021; x_wconf 82' lang='lat' dir='ltr'>forma</span> <span class='ocrx_word' id='word_1_104' title='bbox 1028 991 1066 1022; x_wconf 90' lang='lat' dir='ltr'>ut</span> <span class='ocrx_word' id='word_1_105' title='bbox 1087 986 1226 1022; x_wconf 86' lang='lat' dir='ltr'>Latinis</span> <span class='ocrx_word' id='word_1_106' title='bbox 1249 986 1492 1032; x_wconf 81' lang='lat' dir='ltr'>scriptoribus</span> <span class='ocrx_word' id='word_1_107' title='bbox 1515 998 1604 1023; x_wconf 92' lang='lat' dir='ltr'>con-</span> 
     </span>
     <span class='ocr_line' id='line_1_14' title="bbox 155 1036 1601 1092; baseline 0.003 -17"><span class='ocrx_word' id='word_1_108' title='bbox 155 1040 328 1076; x_wconf 87' lang='lat' dir='ltr'>cedenda</span> <span class='ocrx_word' id='word_1_109' title='bbox 350 1045 419 1084; x_wconf 87' lang='lat' dir='ltr'>est,</span> <span class='ocrx_word' id='word_1_110' title='bbox 450 1041 501 1076; x_wconf 89' lang='lat' dir='ltr'>ita</span> <span class='ocrx_word' id='word_1_111' title='bbox 525 1040 626 1087; x_wconf 89' lang='lat' dir='ltr'>apud</span> <span class='ocrx_word' id='word_1_112' title='bbox 647 1041 811 1077; x_wconf 88' lang='lat' dir='ltr'>Graecos</span> <span class='ocrx_word' id='word_1_113' title='bbox 834 1041 1073 1078; x_wconf 87' lang='lat' dir='ltr'>scribendum</span> <span class='ocrx_word' id='word_1_114' title='bbox 1093 1036 1317 1092; x_wconf 74' lang='grc' dir='ltr'><em>σαρδάνιος,</em></span> <span class='ocrx_word' id='word_1_115' title='bbox 1338 1053 1447 1089; x_wconf 89' lang='lat' dir='ltr'>quam</span> <span class='ocrx_word' id='word_1_116' title='bbox 1468 1043 1601 1079; x_wconf 81' lang='lat' dir='ltr'>voce&#39;m</span> 
     </span>
     <span class='ocr_line' id='line_1_15' title="bbox 156 1097 1601 1147; baseline 0 -12"><span class='ocrx_word' id='word_1_117' title='bbox 156 1097 419 1135; x_wconf 88' lang='lat' dir='ltr'>Stallbaumius</span> <span class='ocrx_word' id='word_1_118' title='bbox 442 1097 490 1134; x_wconf 84' lang='lat' dir='ltr'>ad</span> <span class='ocrx_word' id='word_1_119' title='bbox 507 1097 668 1133; x_wconf 78' lang='lat' dir='ltr'>Platonis</span> <span class='ocrx_word' id='word_1_120' title='bbox 688 1098 795 1133; x_wconf 87' lang='lat' dir='ltr'>Polit.</span> <span class='ocrx_word' id='word_1_121' title='bbox 818 1098 846 1133; x_wconf 92' lang='grc' dir='ltr'>Ι.</span> <span class='ocrx_word' id='word_1_122' title='bbox 872 1109 905 1134; x_wconf 89' lang='grc'>0.</span> <span class='ocrx_word' id='word_1_123' title='bbox 923 1103 979 1136; x_wconf 89' lang='grc'>11.</span> <span class='ocrx_word' id='word_1_124' title='bbox 1000 1110 1039 1145; x_wconf 91' lang='lat' dir='ltr'>p.</span> <span class='ocrx_word' id='word_1_125' title='bbox 1059 1100 1143 1137; x_wconf 90' lang='grc'><strong>337.</strong></span> <span class='ocrx_word' id='word_1_126' title='bbox 1162 1099 1211 1135; x_wconf 92' lang='grc' dir='ltr'>Α.</span> <span class='ocrx_word' id='word_1_127' title='bbox 1231 1100 1288 1147; x_wconf 91' lang='lat' dir='ltr'>(p.</span> <span class='ocrx_word' id='word_1_128' title='bbox 1309 1100 1368 1138; x_wconf 83' lang='lat'>38.</span> <span class='ocrx_word' id='word_1_129' title='bbox 1391 1099 1452 1135; x_wconf 90' lang='lat' dir='ltr'>ed.</span> <span class='ocrx_word' id='word_1_130' title='bbox 1473 1099 1601 1145; x_wconf 88' lang='lat' dir='ltr'>Goth.)</span> 
     </span>
     <span class='ocr_line' id='line_1_16' title="bbox 155 1153 1602 1205; baseline 0.002 -16"><span class='ocrx_word' id='word_1_131' title='bbox 155 1165 230 1189; x_wconf 90' lang='lat' dir='ltr'>non</span> <span class='ocrx_word' id='word_1_132' title='bbox 266 1153 424 1190; x_wconf 88' lang='lat' dir='ltr'>debebat</span> <span class='ocrx_word' id='word_1_133' title='bbox 457 1158 587 1190; x_wconf 88' lang='lat' dir='ltr'>contra</span> <span class='ocrx_word' id='word_1_134' title='bbox 616 1155 839 1201; x_wconf 72' lang='lat' dir='ltr'>optImorum</span> <span class='ocrx_word' id='word_1_135' title='bbox 871 1154 985 1190; x_wconf 89' lang='lat' dir='ltr'>codd.</span> <span class='ocrx_word' id='word_1_136' title='bbox 1025 1156 1280 1191; x_wconf 87' lang='lat' dir='ltr'>auctoritatem</span> <span class='ocrx_word' id='word_1_137' title='bbox 1316 1156 1433 1205; x_wconf 17' lang='lat' dir='ltr'>alteri,</span> <span class='ocrx_word' id='word_1_138' title='bbox 1450 1156 1602 1203; x_wconf 88' lang='lat' dir='ltr'>postha-</span> 
     </span>
     <span class='ocr_line' id='line_1_17' title="bbox 154 1209 1601 1259; baseline 0.002 -13"><span class='ocrx_word' id='word_1_139' title='bbox 154 1212 257 1247; x_wconf 89' lang='lat' dir='ltr'>bere.</span> <span class='ocrx_word' id='word_1_140' title='bbox 276 1230 333 1236; x_wconf 83' lang='lat'><strong>—</strong></span> <span class='ocrx_word' id='word_1_141' title='bbox 353 1209 523 1246; x_wconf 87' lang='lat' dir='ltr'>Ceterum</span> <span class='ocrx_word' id='word_1_142' title='bbox 546 1222 630 1246; x_wconf 90' lang='lat' dir='ltr'>cum</span> <span class='ocrx_word' id='word_1_143' title='bbox 661 1210 793 1246; x_wconf 88' lang='lat' dir='ltr'>Isidori</span> <span class='ocrx_word' id='word_1_144' title='bbox 816 1211 943 1247; x_wconf 89' lang='lat' dir='ltr'>verbis</span> <span class='ocrx_word' id='word_1_145' title='bbox 965 1211 1076 1249; x_wconf 83' lang='lat' dir='ltr'>valde</span> <span class='ocrx_word' id='word_1_146' title='bbox 1098 1212 1349 1256; x_wconf 85' lang='lat' dir='ltr'>conveniunt,</span> <span class='ocrx_word' id='word_1_147' title='bbox 1370 1223 1466 1259; x_wconf 89' lang='lat' dir='ltr'>quae</span> <span class='ocrx_word' id='word_1_148' title='bbox 1488 1213 1601 1249; x_wconf 85' lang='lat' dir='ltr'>refert</span> 
     </span>
     <span class='ocr_line' id='line_1_18' title="bbox 159 1266 1601 1316; baseline 0.002 -13"><span class='ocrx_word' id='word_1_149' title='bbox 159 1266 311 1304; x_wconf 90' lang='lat' dir='ltr'>Solinus</span> <span class='ocrx_word' id='word_1_150' title='bbox 353 1267 536 1315; x_wconf 82' lang='lat' dir='ltr'>Polyhist.</span> <span class='ocrx_word' id='word_1_151' title='bbox 566 1279 598 1303; x_wconf 91' lang='grc'>0.</span> <span class='ocrx_word' id='word_1_152' title='bbox 626 1267 672 1303; x_wconf 90' lang='lat' dir='ltr'>X.</span> <span class='ocrx_word' id='word_1_153' title='bbox 731 1267 907 1303; x_wconf 81' lang='lat' dir='ltr'>Sardinia</span> <span class='ocrx_word' id='word_1_154' title='bbox 934 1272 989 1304; x_wconf 90' lang='lat' dir='ltr'>est</span> <span class='ocrx_word' id='word_1_155' title='bbox 1020 1268 1163 1316; x_wconf 86' lang='lat' dir='ltr'>quidem</span> <span class='ocrx_word' id='word_1_156' title='bbox 1189 1268 1324 1315; x_wconf 79' lang='lat' dir='ltr'>absque</span> <span class='ocrx_word' id='word_1_157' title='bbox 1352 1269 1601 1316; x_wconf 81' lang='lat' dir='ltr'>serpentibus,-</span> 
     </span>
     <span class='ocr_line' id='line_1_19' title="bbox 153 1323 1603 1372; baseline 0.001 -12"><span class='ocrx_word' id='word_1_158' title='bbox 153 1324 222 1360; x_wconf 88' lang='lat' dir='ltr'>sed</span> <span class='ocrx_word' id='word_1_159' title='bbox 238 1323 338 1370; x_wconf 87' lang='lat' dir='ltr'>quod</span> <span class='ocrx_word' id='word_1_160' title='bbox 354 1323 435 1360; x_wconf 86' lang='lat' dir='ltr'>aliis</span> <span class='ocrx_word' id='word_1_161' title='bbox 463 1324 550 1360; x_wconf 88' lang='lat' dir='ltr'>locis</span> <span class='ocrx_word' id='word_1_162' title='bbox 567 1333 723 1370; x_wconf 81' lang='lat' dir='ltr'>serpens</span> <span class='ocrx_word' id='word_1_163' title='bbox 754 1327 824 1368; x_wconf 88' lang='lat' dir='ltr'>est,</span> <span class='ocrx_word' id='word_1_164' title='bbox 857 1324 926 1360; x_wconf 88' lang='lat' dir='ltr'>hoc</span> <span class='ocrx_word' id='word_1_165' title='bbox 948 1325 1105 1372; x_wconf 79' lang='lat' dir='ltr'>solifuqa</span> <span class='ocrx_word' id='word_1_166' title='bbox 1127 1324 1282 1361; x_wconf 84' lang='lat' dir='ltr'>Sardois</span> <span class='ocrx_word' id='word_1_167' title='bbox 1309 1327 1432 1372; x_wconf 80' lang='lat' dir='ltr'>aqris,</span> <span class='ocrx_word' id='word_1_168' title='bbox 1463 1327 1603 1362; x_wconf 84' lang='lat' dir='ltr'>animal</span> 
     </span>
     <span class='ocr_line' id='line_1_20' title="bbox 147 1379 1601 1428; baseline 0.001 -12"><span class='ocrx_word' id='word_1_169' title='bbox 147 1381 396 1428; x_wconf 76' lang='lat' dir='ltr'>perexiquum</span> <span class='ocrx_word' id='word_1_170' title='bbox 415 1381 601 1428; x_wconf 79' lang='lat' dir='ltr'>simileque</span> <span class='ocrx_word' id='word_1_171' title='bbox 619 1381 770 1416; x_wconf 87' lang='lat' dir='ltr'>araneis</span> <span class='ocrx_word' id='word_1_172' title='bbox 788 1379 928 1427; x_wconf 81' lang='lat' dir='ltr'>forma.</span> <span class='ocrx_word' id='word_1_173' title='bbox 949 1401 1004 1406; x_wconf 93' lang='lat'><strong>—</strong></span> <span class='ocrx_word' id='word_1_174' title='bbox 1044 1381 1143 1426; x_wconf 83' lang='lat' dir='ltr'>Huic</span> <span class='ocrx_word' id='word_1_175' title='bbox 1163 1382 1386 1428; x_wconf 79' lang='lat' dir='ltr'>incommodo</span> <span class='ocrx_word' id='word_1_176' title='bbox 1407 1383 1548 1425; x_wconf 81' lang='lat' dir='ltr'>accedit</span> <span class='ocrx_word' id='word_1_177' title='bbox 1568 1387 1601 1419; x_wconf 85' lang='lat' dir='ltr'>et</span> 
     </span>
     <span class='ocr_line' id='line_1_21' title="bbox 154 1436 1600 1485; baseline 0.001 -12"><span class='ocrx_word' id='word_1_178' title='bbox 154 1436 269 1473; x_wconf 87' lang='lat' dir='ltr'>herba</span> <span class='ocrx_word' id='word_1_179' title='bbox 285 1436 484 1482; x_wconf 70' lang='lat' dir='ltr'>Santonici,</span> <span class='ocrx_word' id='word_1_180' title='bbox 503 1446 598 1484; x_wconf 84' lang='lat' dir='ltr'>quae</span> <span class='ocrx_word' id='word_1_181' title='bbox 620 1438 658 1472; x_wconf 89' lang='lat' dir='ltr'>in</span> <span class='ocrx_word' id='word_1_182' title='bbox 683 1437 848 1483; x_wconf 83' lang='lat' dir='ltr'>defluviis</span> <span class='ocrx_word' id='word_1_183' title='bbox 865 1437 1052 1485; x_wconf 79' lang='lat' dir='ltr'>fontaneis</span> <span class='ocrx_word' id='word_1_184' title='bbox 1063 1439 1237 1485; x_wconf 82' lang='lat' dir='ltr'>provenit</span> <span class='ocrx_word' id='word_1_185' title='bbox 1248 1438 1389 1485; x_wconf 72' lang='lat' dir='ltr'>lar-qius</span> <span class='ocrx_word' id='word_1_186' title='bbox 1407 1440 1511 1475; x_wconf 84' lang='lat' dir='ltr'>iusto.</span> <span class='ocrx_word' id='word_1_187' title='bbox 1541 1439 1600 1475; x_wconf 84' lang='lat' dir='ltr'>Ea</span> 
     </span>
     <span class='ocr_line' id='line_1_22' title="bbox 153 1492 1604 1543; baseline 0.001 -13"><span class='ocrx_word' id='word_1_188' title='bbox 153 1495 188 1530; x_wconf 90' lang='lat' dir='ltr'>si</span> <span class='ocrx_word' id='word_1_189' title='bbox 204 1493 322 1530; x_wconf 84' lang='lat' dir='ltr'>edulio</span> <span class='ocrx_word' id='word_1_190' title='bbox 338 1492 464 1540; x_wconf 87' lang='lat' dir='ltr'>fuerit,</span> <span class='ocrx_word' id='word_1_191' title='bbox 488 1494 711 1530; x_wconf 75' lang='lat' dir='ltr'>vescentibus</span> <span class='ocrx_word' id='word_1_192' title='bbox 729 1503 860 1530; x_wconf 87' lang='lat' dir='ltr'>nervos</span> <span class='ocrx_word' id='word_1_193' title='bbox 882 1494 1075 1540; x_wconf 80' lang='lat' dir='ltr'>contrahit,</span> <span class='ocrx_word' id='word_1_194' title='bbox 1095 1496 1191 1531; x_wconf 88' lang='lat' dir='ltr'>rictu</span> <span class='ocrx_word' id='word_1_195' title='bbox 1209 1505 1278 1530; x_wconf 85' lang='lat' dir='ltr'>ora</span> <span class='ocrx_word' id='word_1_196' title='bbox 1296 1495 1442 1540; x_wconf 82' lang='lat' dir='ltr'>diducit,</span> <span class='ocrx_word' id='word_1_197' title='bbox 1471 1499 1521 1540; x_wconf 87' lang='lat' dir='ltr'>ut,</span> <span class='ocrx_word' id='word_1_198' title='bbox 1540 1497 1604 1543; x_wconf 87' lang='lat' dir='ltr'>qui</span> 
     </span>
     <span class='ocr_line' id='line_1_23' title="bbox 154 1550 1598 1597; baseline 0.002 -12"><span class='ocrx_word' id='word_1_199' title='bbox 154 1554 305 1586; x_wconf 86' lang='lat' dir='ltr'>mortem</span> <span class='ocrx_word' id='word_1_200' title='bbox 323 1553 507 1597; x_wconf 79' lang='lat' dir='ltr'>oppetunt,</span> <span class='ocrx_word' id='word_1_201' title='bbox 528 1551 622 1586; x_wconf 86' lang='lat' dir='ltr'>velut</span> <span class='ocrx_word' id='word_1_202' title='bbox 639 1550 833 1587; x_wconf 81' lang='lat' dir='ltr'>ridentium</span> <span class='ocrx_word' id='word_1_203' title='bbox 851 1550 952 1597; x_wconf 80' lang='lat' dir='ltr'>facie</span> <span class='ocrx_word' id='word_1_204' title='bbox 974 1553 1167 1588; x_wconf 84' lang='lat' dir='ltr'>intereant.</span> <span class='ocrx_word' id='word_1_205' title='bbox 1182 1571 1239 1576; x_wconf 91' lang='lat'>—</span> <span class='ocrx_word' id='word_1_206' title='bbox 1272 1551 1407 1587; x_wconf 84' lang='lat' dir='ltr'>Fontes</span> <span class='ocrx_word' id='word_1_207' title='bbox 1426 1561 1517 1588; x_wconf 86' lang='lat' dir='ltr'>sane</span> <span class='ocrx_word' id='word_1_208' title='bbox 1535 1563 1598 1588; x_wconf 91' lang='lat' dir='ltr'>ca-</span> 
     </span>
     <span class='ocr_line' id='line_1_24' title="bbox 154 1606 1598 1654; baseline 0.002 -12"><span class='ocrx_word' id='word_1_209' title='bbox 154 1607 218 1643; x_wconf 85' lang='lat' dir='ltr'>lidi</span> <span class='ocrx_word' id='word_1_210' title='bbox 234 1609 269 1642; x_wconf 90' lang='lat' dir='ltr'>et</span> <span class='ocrx_word' id='word_1_211' title='bbox 286 1606 454 1642; x_wconf 85' lang='lat' dir='ltr'>salubres</span> <span class='ocrx_word' id='word_1_212' title='bbox 469 1607 606 1653; x_wconf 81' lang='lat' dir='ltr'>aliquot</span> <span class='ocrx_word' id='word_1_213' title='bbox 621 1607 710 1642; x_wconf 91' lang='lat' dir='ltr'>locis</span> <span class='ocrx_word' id='word_1_214' title='bbox 724 1607 970 1653; x_wconf 86' lang='lat' dir='ltr'>effervescunt</span> <span class='ocrx_word' id='word_1_215' title='bbox 975 1623 986 1648; x_wconf 90' lang='lat'><em>;</em></span> <span class='ocrx_word' id='word_1_216' title='bbox 1002 1627 1058 1633; x_wconf 84' lang='lat'>—-</span> <span class='ocrx_word' id='word_1_217' title='bbox 1091 1607 1169 1644; x_wconf 86' lang='lat' dir='ltr'>Sed</span> <span class='ocrx_word' id='word_1_218' title='bbox 1173 1609 1242 1654; x_wconf 85' lang='lat' dir='ltr'>qui</span> <span class='ocrx_word' id='word_1_219' title='bbox 1263 1609 1376 1644; x_wconf 87' lang='lat' dir='ltr'>oculis</span> <span class='ocrx_word' id='word_1_220' title='bbox 1397 1608 1598 1653; x_wconf 87' lang='lat' dir='ltr'>medentur,</span> 
     </span>
     <span class='ocr_line' id='line_1_25' title="bbox 153 1662 1597 1711; baseline 0.001 -11"><span class='ocrx_word' id='word_1_221' title='bbox 153 1666 189 1700; x_wconf 87' lang='lat' dir='ltr'>et</span> <span class='ocrx_word' id='word_1_222' title='bbox 206 1663 448 1710; x_wconf 76' lang='lat' dir='ltr'>coarquendis</span> <span class='ocrx_word' id='word_1_223' title='bbox 465 1664 585 1700; x_wconf 86' lang='lat' dir='ltr'>valent</span> <span class='ocrx_word' id='word_1_224' title='bbox 600 1662 760 1710; x_wconf 79' lang='lat' dir='ltr'>furibus.</span> <span class='ocrx_word' id='word_1_225' title='bbox 811 1662 908 1698; x_wconf 91' lang='lat' dir='ltr'>Nam</span> <span class='ocrx_word' id='word_1_226' title='bbox 927 1664 1089 1711; x_wconf 84' lang='lat' dir='ltr'>quisquis</span> <span class='ocrx_word' id='word_1_227' title='bbox 1111 1667 1342 1700; x_wconf 87' lang='lat' dir='ltr'>sacramento</span> <span class='ocrx_word' id='word_1_228' title='bbox 1362 1668 1510 1711; x_wconf 82' lang='lat' dir='ltr'>raptum</span> <span class='ocrx_word' id='word_1_229' title='bbox 1532 1675 1597 1701; x_wconf 86' lang='lat' dir='ltr'>ne-</span> 
     </span>
     <span class='ocr_line' id='line_1_26' title="bbox 151 1718 1596 1768; baseline 0.001 -12"><span class='ocrx_word' id='word_1_230' title='bbox 151 1723 233 1768; x_wconf 79' lang='lat' dir='ltr'>qat,</span> <span class='ocrx_word' id='word_1_231' title='bbox 265 1720 403 1756; x_wconf 87' lang='lat' dir='ltr'>lumina</span> <span class='ocrx_word' id='word_1_232' title='bbox 433 1721 538 1767; x_wconf 86' lang='lat' dir='ltr'>aquis</span> <span class='ocrx_word' id='word_1_233' title='bbox 565 1722 736 1755; x_wconf 87' lang='lat' dir='ltr'>attrectat</span> <span class='ocrx_word' id='word_1_234' title='bbox 743 1734 754 1759; x_wconf 86' lang='lat'><em>;</em></span> <span class='ocrx_word' id='word_1_235' title='bbox 783 1718 847 1755; x_wconf 88' lang='lat' dir='ltr'>ubi</span> <span class='ocrx_word' id='word_1_236' title='bbox 861 1721 1071 1766; x_wconf 75' lang='lat' dir='ltr'>periurium</span> <span class='ocrx_word' id='word_1_237' title='bbox 1096 1731 1169 1756; x_wconf 90' lang='lat' dir='ltr'>non</span> <span class='ocrx_word' id='word_1_238' title='bbox 1200 1723 1254 1756; x_wconf 88' lang='lat' dir='ltr'>est</span> <span class='ocrx_word' id='word_1_239' title='bbox 1261 1748 1271 1765; x_wconf 89' lang='lat'>,</span> <span class='ocrx_word' id='word_1_240' title='bbox 1301 1721 1419 1756; x_wconf 84' lang='lat' dir='ltr'>cernit</span> <span class='ocrx_word' id='word_1_241' title='bbox 1446 1722 1596 1757; x_wconf 82' lang='lat' dir='ltr'>clarius.</span> 
     </span>
     <span class='ocr_line' id='line_1_27' title="bbox 154 1774 1597 1827; baseline 0 -14"><span class='ocrx_word' id='word_1_242' title='bbox 154 1775 198 1813; x_wconf 86' lang='lat' dir='ltr'>Si</span> <span class='ocrx_word' id='word_1_243' title='bbox 206 1774 370 1824; x_wconf 82' lang='lat' dir='ltr'>perfidia</span> <span class='ocrx_word' id='word_1_244' title='bbox 390 1776 534 1820; x_wconf 88' lang='lat' dir='ltr'>abnuit,</span> <span class='ocrx_word' id='word_1_245' title='bbox 555 1776 731 1823; x_wconf 79' lang='lat' dir='ltr'>deteqitur</span> <span class='ocrx_word' id='word_1_246' title='bbox 747 1775 898 1823; x_wconf 82' lang='lat' dir='ltr'>facinus</span> <span class='ocrx_word' id='word_1_247' title='bbox 916 1778 1104 1821; x_wconf 87' lang='lat' dir='ltr'>coecitate,</span> <span class='ocrx_word' id='word_1_248' title='bbox 1127 1780 1162 1812; x_wconf 90' lang='lat' dir='ltr'>et</span> <span class='ocrx_word' id='word_1_249' title='bbox 1180 1779 1311 1827; x_wconf 82' lang='lat' dir='ltr'>captus</span> <span class='ocrx_word' id='word_1_250' title='bbox 1330 1777 1444 1812; x_wconf 87' lang='lat' dir='ltr'>oculis</span> <span class='ocrx_word' id='word_1_251' title='bbox 1461 1777 1597 1813; x_wconf 88' lang='lat' dir='ltr'>admis-</span> 
     </span>
     <span class='ocr_line' id='line_1_28' title="bbox 153 1831 1596 1880; baseline 0.001 -12"><span class='ocrx_word' id='word_1_252' title='bbox 153 1843 236 1870; x_wconf 86' lang='lat' dir='ltr'>sum</span> <span class='ocrx_word' id='word_1_253' title='bbox 258 1833 414 1870; x_wconf 87' lang='lat' dir='ltr'>tenebris</span> <span class='ocrx_word' id='word_1_254' title='bbox 434 1833 588 1880; x_wconf 81' lang='lat' dir='ltr'>fatetur.</span> <span class='ocrx_word' id='word_1_255' title='bbox 628 1832 693 1868; x_wconf 92' lang='lat' dir='ltr'>His</span> <span class='ocrx_word' id='word_1_256' title='bbox 718 1832 853 1868; x_wconf 91' lang='lat' dir='ltr'>Isidori</span> <span class='ocrx_word' id='word_1_257' title='bbox 877 1836 913 1868; x_wconf 90' lang='lat' dir='ltr'>et</span> <span class='ocrx_word' id='word_1_258' title='bbox 934 1831 1054 1869; x_wconf 90' lang='lat' dir='ltr'>Solini</span> <span class='ocrx_word' id='word_1_259' title='bbox 1075 1833 1199 1870; x_wconf 88' lang='lat' dir='ltr'>verbis</span> <span class='ocrx_word' id='word_1_260' title='bbox 1223 1837 1300 1868; x_wconf 85' lang='lat' dir='ltr'>tum</span> <span class='ocrx_word' id='word_1_261' title='bbox 1321 1833 1414 1869; x_wconf 86' lang='lat' dir='ltr'>inter</span> <span class='ocrx_word' id='word_1_262' title='bbox 1435 1845 1495 1878; x_wconf 83' lang='lat' dir='ltr'>se,</span> <span class='ocrx_word' id='word_1_263' title='bbox 1521 1838 1596 1870; x_wconf 90' lang='grc'><strong>111111</strong></span> 
     </span>
     <span class='ocr_line' id='line_1_29' title="bbox 155 1887 1598 1937; baseline -0.001 -10"><span class='ocrx_word' id='word_1_264' title='bbox 155 1901 240 1927; x_wconf 87' lang='grc'><strong>011111</strong></span> <span class='ocrx_word' id='word_1_265' title='bbox 260 1889 383 1927; x_wconf 89' lang='lat' dir='ltr'>Servii</span> <span class='ocrx_word' id='word_1_266' title='bbox 400 1889 611 1926; x_wconf 87' lang='lat' dir='ltr'>testimonio</span> <span class='ocrx_word' id='word_1_267' title='bbox 633 1889 680 1925; x_wconf 89' lang='lat' dir='ltr'>de</span> <span class='ocrx_word' id='word_1_268' title='bbox 703 1887 878 1932; x_wconf 82' lang='lat' dir='ltr'>Sallustio</span> <span class='ocrx_word' id='word_1_269' title='bbox 900 1890 1146 1936; x_wconf 85' lang='lat' dir='ltr'>comparatis,</span> <span class='ocrx_word' id='word_1_270' title='bbox 1169 1889 1280 1934; x_wconf 88' lang='lat' dir='ltr'>satis,</span> <span class='ocrx_word' id='word_1_271' title='bbox 1302 1890 1454 1937; x_wconf 90' lang='lat' dir='ltr'>opinor,</span> <span class='ocrx_word' id='word_1_272' title='bbox 1476 1891 1598 1926; x_wconf 86' lang='lat' dir='ltr'>eluce-</span> 
     </span>
     <span class='ocr_line' id='line_1_30' title="bbox 153 1945 1598 1994; baseline 0 -11"><span class='ocrx_word' id='word_1_273' title='bbox 153 1947 206 1984; x_wconf 87' lang='lat' dir='ltr'>bit</span> <span class='ocrx_word' id='word_1_274' title='bbox 225 1951 422 1994; x_wconf 81' lang='lat' dir='ltr'>utrumque</span> <span class='ocrx_word' id='word_1_275' title='bbox 446 1957 507 1982; x_wconf 90' lang='lat' dir='ltr'>res</span> <span class='ocrx_word' id='word_1_276' title='bbox 542 1945 692 1993; x_wconf 89' lang='lat' dir='ltr'>quidem</span> <span class='ocrx_word' id='word_1_277' title='bbox 720 1956 743 1981; x_wconf 85' lang='lat' dir='ltr'>a</span> <span class='ocrx_word' id='word_1_278' title='bbox 772 1945 907 1981; x_wconf 88' lang='lat' dir='ltr'>Nostro</span> <span class='ocrx_word' id='word_1_279' title='bbox 936 1950 1160 1982; x_wconf 86' lang='lat' dir='ltr'>memoratas</span> <span class='ocrx_word' id='word_1_280' title='bbox 1189 1950 1362 1982; x_wconf 84' lang='lat' dir='ltr'>accurate</span> <span class='ocrx_word' id='word_1_281' title='bbox 1383 1945 1598 1990; x_wconf 87' lang='lat' dir='ltr'>tradidisse,</span> 
     </span>
     <span class='ocr_line' id='line_1_31' title="bbox 156 2002 1014 2050; baseline -0.003 -10"><span class='ocrx_word' id='word_1_282' title='bbox 156 2005 356 2040; x_wconf 90' lang='lat' dir='ltr'>verborum</span> <span class='ocrx_word' id='word_1_283' title='bbox 377 2014 469 2039; x_wconf 88' lang='lat' dir='ltr'>vero</span> <span class='ocrx_word' id='word_1_284' title='bbox 489 2013 622 2050; x_wconf 87' lang='lat' dir='ltr'>parum</span> <span class='ocrx_word' id='word_1_285' title='bbox 642 2003 861 2039; x_wconf 87' lang='lat' dir='ltr'>retinentem</span> <span class='ocrx_word' id='word_1_286' title='bbox 884 2002 1014 2038; x_wconf 84' lang='lat' dir='ltr'>fuisse.</span> 
     </span>
    </p>

    <p class='ocr_par' dir='ltr' id='par_1_7' title="bbox 151 2057 1653 2729">
     <span class='ocr_line' id='line_1_32' title="bbox 267 2057 1597 2106; baseline -0.001 -10"><span class='ocrx_word' id='word_1_287' title='bbox 267 2060 329 2096; x_wconf 89' lang='lat' dir='ltr'>Fr.</span> <span class='ocrx_word' id='word_1_288' title='bbox 349 2063 383 2099; x_wconf 85' lang='lat'>3.</span> <span class='ocrx_word' id='word_1_289' title='bbox 427 2058 548 2106; x_wconf 89' lang='lat' dir='ltr'>[Cort.</span> <span class='ocrx_word' id='word_1_290' title='bbox 568 2071 607 2106; x_wconf 89' lang='lat' dir='ltr'>p.</span> <span class='ocrx_word' id='word_1_291' title='bbox 635 2062 717 2099; x_wconf 84' lang='lat'>957.</span> <span class='ocrx_word' id='word_1_292' title='bbox 756 2059 867 2096; x_wconf 89' lang='lat' dir='ltr'>Debr.</span> <span class='ocrx_word' id='word_1_293' title='bbox 889 2059 941 2103; x_wconf 96' lang='lat' dir='ltr'>II,</span> <span class='ocrx_word' id='word_1_294' title='bbox 963 2061 1021 2098; x_wconf 79' lang='lat'>28.</span> <span class='ocrx_word' id='word_1_295' title='bbox 1043 2077 1102 2087; x_wconf 87' lang='lat'>·—·</span> <span class='ocrx_word' id='word_1_296' title='bbox 1146 2058 1259 2095; x_wconf 86' lang='lat' dir='ltr'>Deest</span> <span class='ocrx_word' id='word_1_297' title='bbox 1287 2057 1389 2106; x_wconf 87' lang='lat' dir='ltr'>apud</span> <span class='ocrx_word' id='word_1_298' title='bbox 1415 2058 1597 2096; x_wconf 85' lang='lat' dir='ltr'>Ger1.·ed.</span> 
     </span>
     <span class='ocr_line' id='line_1_33' title="bbox 156 2114 1600 2163; baseline -0.001 -10"><span class='ocrx_word' id='word_1_299' title='bbox 156 2117 245 2153; x_wconf 88' lang='lat' dir='ltr'>mai.</span> <span class='ocrx_word' id='word_1_300' title='bbox 264 2136 321 2143; x_wconf 92' lang='lat'><strong>—</strong></span> <span class='ocrx_word' id='word_1_301' title='bbox 361 2117 423 2152; x_wconf 87' lang='lat' dir='ltr'>ed.</span> <span class='ocrx_word' id='word_1_302' title='bbox 445 2117 532 2152; x_wconf 90' lang='lat' dir='ltr'>min.</span> <span class='ocrx_word' id='word_1_303' title='bbox 559 2117 636 2151; x_wconf 91' lang='lat' dir='ltr'>Inc.</span> <span class='ocrx_word' id='word_1_304' title='bbox 657 2118 715 2154; x_wconf 86' lang='lat'>78.</span> <span class='ocrx_word' id='word_1_305' title='bbox 736 2127 774 2163; x_wconf 92' lang='lat' dir='ltr'>p.</span> <span class='ocrx_word' id='word_1_306' title='bbox 793 2118 881 2161; x_wconf 82' lang='lat'>239,</span> <span class='ocrx_word' id='word_1_307' title='bbox 910 2116 993 2160; x_wconf 84' lang='grc'>24.]</span> <span class='ocrx_word' id='word_1_308' title='bbox 1040 2115 1242 2151; x_wconf 74' lang='lat' dir='ltr'>Ichnusam</span> <span class='ocrx_word' id='word_1_309' title='bbox 1262 2116 1452 2162; x_wconf 88' lang='lat' dir='ltr'>antiquum</span> <span class='ocrx_word' id='word_1_310' title='bbox 1473 2114 1600 2155; x_wconf 84' lang='lat' dir='ltr'>Sardi-</span> 
     </span>
     <span class='ocr_line' id='line_1_34' title="bbox 155 2171 1599 2220; baseline -0.001 -10"><span class='ocrx_word' id='word_1_311' title='bbox 155 2174 240 2210; x_wconf 84' lang='lat' dir='ltr'>niae</span> <span class='ocrx_word' id='word_1_312' title='bbox 261 2183 398 2208; x_wconf 89' lang='lat' dir='ltr'>nomen</span> <span class='ocrx_word' id='word_1_313' title='bbox 420 2172 639 2210; x_wconf 83' lang='lat' dir='ltr'>a&#39;Sallustio</span> <span class='ocrx_word' id='word_1_314' title='bbox 661 2176 906 2208; x_wconf 83' lang='lat' dir='ltr'>memoratum</span> <span class='ocrx_word' id='word_1_315' title='bbox 927 2172 1063 2215; x_wconf 87' lang='lat' dir='ltr'>fuisse,</span> <span class='ocrx_word' id='word_1_316' title='bbox 1086 2172 1195 2207; x_wconf 81' lang='lat' dir='ltr'>facile</span> <span class='ocrx_word' id='word_1_317' title='bbox 1219 2171 1416 2220; x_wconf 85' lang='lat' dir='ltr'>intelliget,</span> <span class='ocrx_word' id='word_1_318' title='bbox 1448 2172 1509 2219; x_wconf 86' lang='lat' dir='ltr'>qui</span> <span class='ocrx_word' id='word_1_319' title='bbox 1531 2172 1599 2209; x_wconf 91' lang='lat' dir='ltr'>So-</span> 
     </span>
     <span class='ocr_line' id='line_1_35' title="bbox 154 2227 1598 2275; baseline 0 -9"><span class='ocrx_word' id='word_1_320' title='bbox 154 2231 218 2267; x_wconf 90' lang='lat' dir='ltr'>lini</span> <span class='ocrx_word' id='word_1_321' title='bbox 239 2229 357 2265; x_wconf 89' lang='lat' dir='ltr'>verba</span> <span class='ocrx_word' id='word_1_322' title='bbox 377 2228 556 2275; x_wconf 82' lang='lat' dir='ltr'>Polyhist.</span> <span class='ocrx_word' id='word_1_323' title='bbox 576 2240 609 2264; x_wconf 91' lang='lat' dir='ltr'>c.</span> <span class='ocrx_word' id='word_1_324' title='bbox 631 2228 677 2263; x_wconf 93' lang='lat' dir='ltr'>X.</span> <span class='ocrx_word' id='word_1_325' title='bbox 733 2228 947 2264; x_wconf 85' lang='lat' dir='ltr'>Sardiniam</span> <span class='ocrx_word' id='word_1_326' title='bbox 964 2228 1068 2275; x_wconf 81' lang='lat' dir='ltr'>apud</span> <span class='ocrx_word' id='word_1_327' title='bbox 1092 2227 1278 2264; x_wconf 84' lang='lat' dir='ltr'>Timaeum</span> <span class='ocrx_word' id='word_1_328' title='bbox 1299 2228 1526 2272; x_wconf 73' lang='lat' dir='ltr'>Sandaliotin</span> <span class='ocrx_word' id='word_1_329' title='bbox 1548 2228 1598 2267; x_wconf 79' lang='lat' dir='ltr'>le-</span> 
     </span>
     <span class='ocr_line' id='line_1_36' title="bbox 151 2284 1653 2335; baseline -0.002 -12"><span class='ocrx_word' id='word_1_330' title='bbox 151 2288 289 2335; x_wconf 75' lang='lat' dir='ltr'>qimus,</span> <span class='ocrx_word' id='word_1_331' title='bbox 311 2284 570 2321; x_wconf 80' lang='lat' dir='ltr'>Ichnusam</span> <span class='ocrx_word' id='word_1_332' title='bbox 601 2285 726 2331; x_wconf 81' lang='lat' dir='ltr'>apud</span> <span class='ocrx_word' id='word_1_333' title='bbox 753 2284 986 2331; x_wconf 80' lang='lat' dir='ltr'>Crispum,</span> <span class='ocrx_word' id='word_1_334' title='bbox 1012 2295 1095 2320; x_wconf 90' lang='lat' dir='ltr'>cum</span> <span class='ocrx_word' id='word_1_335' title='bbox 1126 2284 1261 2320; x_wconf 88' lang='lat' dir='ltr'>Isidori</span> <span class='ocrx_word' id='word_1_336' title='bbox 1281 2285 1384 2330; x_wconf 89' lang='lat' dir='ltr'>loco,</span> <span class='ocrx_word' id='word_1_337' title='bbox 1406 2284 1455 2321; x_wconf 90' lang='lat' dir='ltr'>ad</span> <span class='ocrx_word' id='word_1_338' title='bbox 1473 2285 1533 2320; x_wconf 90' lang='lat' dir='ltr'>Fr.</span> <span class='ocrx_word' id='word_1_339' title='bbox 1552 2284 1598 2328; x_wconf 91' lang='lat' dir='ltr'>II,</span> <span class='ocrx_word' id='word_1_340' title='bbox 1651 2303 1653 2305; x_wconf 90' lang='lat'>·</span> 
     </span>
     <span class='ocr_line' id='line_1_37' title="bbox 153 2339 1598 2388; baseline -0.002 -10"><span class='ocrx_word' id='word_1_341' title='bbox 153 2348 188 2382; x_wconf 80' lang='lat'>2.</span> <span class='ocrx_word' id='word_1_342' title='bbox 213 2343 347 2388; x_wconf 87' lang='lat' dir='ltr'>allato,</span> <span class='ocrx_word' id='word_1_343' title='bbox 378 2341 585 2378; x_wconf 89' lang='lat' dir='ltr'>contulerit.</span> <span class='ocrx_word' id='word_1_344' title='bbox 629 2341 802 2387; x_wconf 88' lang='lat' dir='ltr'>Imperite</span> <span class='ocrx_word' id='word_1_345' title='bbox 831 2341 942 2387; x_wconf 82' lang='lat' dir='ltr'>igitur</span> <span class='ocrx_word' id='word_1_346' title='bbox 964 2339 1181 2377; x_wconf 85' lang='lat' dir='ltr'>Gerlachius</span> <span class='ocrx_word' id='word_1_347' title='bbox 1203 2342 1287 2377; x_wconf 88' lang='lat' dir='ltr'>Vol.</span> <span class='ocrx_word' id='word_1_348' title='bbox 1313 2341 1371 2377; x_wconf 90' lang='lat' dir='ltr'>III.</span> <span class='ocrx_word' id='word_1_349' title='bbox 1390 2352 1430 2388; x_wconf 92' lang='lat' dir='ltr'>p.</span> <span class='ocrx_word' id='word_1_350' title='bbox 1452 2342 1510 2380; x_wconf 91' lang='lat'>77.</span> <span class='ocrx_word' id='word_1_351' title='bbox 1530 2352 1598 2387; x_wconf 91' lang='lat' dir='ltr'>pro</span> 
     </span>
     <span class='ocr_line' id='line_1_38' title="bbox 155 2396 1598 2447; baseline -0.004 -9"><span class='ocrx_word' id='word_1_352' title='bbox 155 2400 327 2447; x_wconf 76' lang='lat' dir='ltr'>Crispum</span> <span class='ocrx_word' id='word_1_353' title='bbox 354 2410 377 2435; x_wconf 91' lang='lat' dir='ltr'>a</span> <span class='ocrx_word' id='word_1_354' title='bbox 401 2397 531 2436; x_wconf 87' lang='lat' dir='ltr'>Solino</span> <span class='ocrx_word' id='word_1_355' title='bbox 559 2397 739 2443; x_wconf 86' lang='lat' dir='ltr'>scriptum</span> <span class='ocrx_word' id='word_1_356' title='bbox 771 2396 961 2433; x_wconf 89' lang='lat' dir='ltr'>contendit</span> <span class='ocrx_word' id='word_1_357' title='bbox 991 2396 1255 2445; x_wconf 79' lang='lat' dir='ltr'>Chrysippum,</span> <span class='ocrx_word' id='word_1_358' title='bbox 1289 2401 1327 2434; x_wconf 83' lang='lat' dir='ltr'>ut</span> <span class='ocrx_word' id='word_1_359' title='bbox 1354 2398 1390 2433; x_wconf 90' lang='lat' dir='ltr'>in</span> <span class='ocrx_word' id='word_1_360' title='bbox 1413 2397 1598 2433; x_wconf 88' lang='lat' dir='ltr'>nonnullis</span> 
     </span>
     <span class='ocr_line' id='line_1_39' title="bbox 154 2453 1600 2502; baseline -0.003 -9"><span class='ocrx_word' id='word_1_361' title='bbox 154 2456 382 2493; x_wconf 87' lang='lat' dir='ltr'>editionibus</span> <span class='ocrx_word' id='word_1_362' title='bbox 403 2458 482 2499; x_wconf 86' lang='lat' dir='ltr'>est,</span> <span class='ocrx_word' id='word_1_363' title='bbox 506 2464 731 2502; x_wconf 86' lang='lat' dir='ltr'>quamquam</span> <span class='ocrx_word' id='word_1_364' title='bbox 760 2458 860 2489; x_wconf 89' lang='lat' dir='ltr'>recte</span> <span class='ocrx_word' id='word_1_365' title='bbox 884 2453 1010 2490; x_wconf 88' lang='lat' dir='ltr'>statuit</span> <span class='ocrx_word' id='word_1_366' title='bbox 1037 2453 1299 2501; x_wconf 83' lang='lat' dir='ltr'>Fragmentum</span> <span class='ocrx_word' id='word_1_367' title='bbox 1325 2465 1349 2490; x_wconf 88' lang='grc'><strong>3</strong></span> <span class='ocrx_word' id='word_1_368' title='bbox 1367 2453 1541 2490; x_wconf 82' lang='lat' dir='ltr'>Carrione</span> <span class='ocrx_word' id='word_1_369' title='bbox 1565 2457 1600 2489; x_wconf 87' lang='lat' dir='ltr'>et</span> 
     </span>
     <span class='ocr_line' id='line_1_40' title="bbox 154 2507 1598 2560; baseline -0.002 -11"><span class='ocrx_word' id='word_1_370' title='bbox 154 2513 396 2560; x_wconf 89' lang='lat' dir='ltr'>sequentibus</span> <span class='ocrx_word' id='word_1_371' title='bbox 424 2511 577 2548; x_wconf 86' lang='lat' dir='ltr'>editorr.</span> <span class='ocrx_word' id='word_1_372' title='bbox 607 2511 661 2546; x_wconf 91' lang='grc'>510</span> <span class='ocrx_word' id='word_1_373' title='bbox 687 2511 924 2546; x_wconf 85' lang='grc'><strong>0011511111111111</strong></span> <span class='ocrx_word' id='word_1_374' title='bbox 952 2510 1058 2546; x_wconf 83' lang='lat' dir='ltr'>inde</span> <span class='ocrx_word' id='word_1_375' title='bbox 1084 2509 1249 2548; x_wconf 86' lang='lat' dir='ltr'>Ichnusa</span> <span class='ocrx_word' id='word_1_376' title='bbox 1278 2507 1524 2557; x_wconf 76' lang='lat' dir='ltr'>appellata</span> <span class='ocrx_word' id='word_1_377' title='bbox 1552 2511 1598 2546; x_wconf 88' lang='lat' dir='ltr'>ab</span> 
     </span>
     <span class='ocr_line' id='line_1_41' title="bbox 153 2565 1599 2613; baseline -0.004 -7"><span class='ocrx_word' id='word_1_378' title='bbox 153 2570 332 2606; x_wconf 87' lang='lat' dir='ltr'>orationis</span> <span class='ocrx_word' id='word_1_379' title='bbox 347 2568 596 2607; x_wconf 85' lang='lat' dir='ltr'>Sallustianae</span> <span class='ocrx_word' id='word_1_380' title='bbox 613 2567 733 2604; x_wconf 78' lang='lat' dir='ltr'>forma</span> <span class='ocrx_word' id='word_1_381' title='bbox 747 2567 899 2603; x_wconf 89' lang='lat' dir='ltr'>multum</span> <span class='ocrx_word' id='word_1_382' title='bbox 917 2566 1146 2613; x_wconf 88' lang='lat' dir='ltr'>discrepare.</span> <span class='ocrx_word' id='word_1_383' title='bbox 1183 2567 1236 2603; x_wconf 90' lang='lat' dir='ltr'>De</span> <span class='ocrx_word' id='word_1_384' title='bbox 1252 2565 1400 2612; x_wconf 85' lang='lat' dir='ltr'>antiquo</span> <span class='ocrx_word' id='word_1_385' title='bbox 1416 2565 1599 2601; x_wconf 86' lang='lat' dir='ltr'>Ichnusae</span> 
     </span>
     <span class='ocr_line' id='line_1_42' title="bbox 152 2621 1599 2662; baseline -0.003 0"><span class='ocrx_word' id='word_1_386' title='bbox 152 2626 302 2662; x_wconf 91' lang='lat' dir='ltr'>nomine</span> <span class='ocrx_word' id='word_1_387' title='bbox 324 2625 414 2662; x_wconf 88' lang='lat' dir='ltr'>vide</span> <span class='ocrx_word' id='word_1_388' title='bbox 435 2625 545 2661; x_wconf 88' lang='lat' dir='ltr'>etiam</span> <span class='ocrx_word' id='word_1_389' title='bbox 565 2624 688 2660; x_wconf 90' lang='lat' dir='ltr'>locum</span> <span class='ocrx_word' id='word_1_390' title='bbox 708 2623 921 2661; x_wconf 88' lang='lat' dir='ltr'>Aristotelis</span> <span class='ocrx_word' id='word_1_391' title='bbox 945 2622 991 2659; x_wconf 91' lang='lat' dir='ltr'>de</span> <span class='ocrx_word' id='word_1_392' title='bbox 1014 2623 1187 2660; x_wconf 86' lang='lat' dir='ltr'>Mirabill.</span> <span class='ocrx_word' id='word_1_393' title='bbox 1206 2622 1374 2659; x_wconf 88' lang='lat' dir='ltr'>Auscult.</span> <span class='ocrx_word' id='word_1_394' title='bbox 1401 2624 1481 2660; x_wconf 89' lang='lat'>100.</span> <span class='ocrx_word' id='word_1_395' title='bbox 1504 2621 1599 2658; x_wconf 75' lang='lat' dir='ltr'>infra</span> 
     </span>
     <span class='ocr_line' id='line_1_43' title="bbox 152 2676 1598 2729; baseline -0.006 -9"><span class='ocrx_word' id='word_1_396' title='bbox 152 2683 202 2720; x_wconf 86' lang='lat' dir='ltr'>ad</span> <span class='ocrx_word' id='word_1_397' title='bbox 221 2683 283 2718; x_wconf 88' lang='lat' dir='ltr'>Fr.</span> <span class='ocrx_word' id='word_1_398' title='bbox 304 2681 354 2727; x_wconf 89' lang='grc' dir='ltr'>ΙΙ,</span> <span class='ocrx_word' id='word_1_399' title='bbox 375 2684 412 2721; x_wconf 83' lang='grc'>7.</span> <span class='ocrx_word' id='word_1_400' title='bbox 433 2682 654 2729; x_wconf 88' lang='lat' dir='ltr'>ascriptum,</span> <span class='ocrx_word' id='word_1_401' title='bbox 680 2683 715 2716; x_wconf 89' lang='grc'>01</span> <span class='ocrx_word' id='word_1_402' title='bbox 736 2683 944 2717; x_wconf 87' lang='lat' dir='ltr'>ceterorum</span> <span class='ocrx_word' id='word_1_403' title='bbox 967 2680 1192 2727; x_wconf 79' lang='lat' dir='ltr'>scrIptorum</span> <span class='ocrx_word' id='word_1_404' title='bbox 1212 2679 1314 2716; x_wconf 88' lang='lat' dir='ltr'>locos</span> <span class='ocrx_word' id='word_1_405' title='bbox 1337 2676 1387 2714; x_wconf 85' lang='lat' dir='ltr'>ad</span> <span class='ocrx_word' id='word_1_406' title='bbox 1405 2677 1467 2714; x_wconf 91' lang='lat' dir='ltr'>Fr.</span> <span class='ocrx_word' id='word_1_407' title='bbox 1488 2677 1519 2714; x_wconf 95' lang='lat' dir='ltr'>II</span> <span class='ocrx_word' id='word_1_408' title='bbox 1533 2706 1542 2722; x_wconf 90' lang='lat'>,</span> <span class='ocrx_word' id='word_1_409' title='bbox 1563 2682 1598 2716; x_wconf 87' lang='grc'>2.</span> 
     </span>
    </p>
   </div>
   <div class='ocr_carea' id='block_1_4' title="bbox 155 2738 343 2776">
    <p class='ocr_par' dir='ltr' id='par_1_8' title="bbox 155 2738 343 2776">
     <span class='ocr_line' id='line_1_44' title="bbox 155 2738 343 2776; baseline -0.011 0"><span class='ocrx_word' id='word_1_410' title='bbox 155 2738 343 2776; x_wconf 83' lang='lat' dir='ltr'>laudatos.</span> 
     </span>
    </p>
   </div>
  </div>
 </body>
</html>
