1774 3002
479 177 809 215 HISTORIARUM
836 176 1148 214 FRAGMENTA.
1208 178 1295 214 LIB.
1327 179 1354 214 I.
1581 172 1637 215 51

140 310 185 347 18
198 301 360 349 bricam
378 301 586 362 praedam
611 315 772 347 venum
799 302 876 347 aut
895 301 1014 350 dono
1034 301 1194 347 datam.
1250 301 1311 347 At
1329 299 1517 347 obiectat
1535 300 1639 347 mihi

195 386 506 447 possessiones
533 399 590 431 ex
621 383 747 430 bonIs
772 383 1143 444 proscriptorum3
1182 385 1300 446 quod
1331 383 1505 446 quidem
1533 398 1639 429 sce-

195 470 335 516 lerum
357 469 476 516 illius
501 469 574 515 vel
599 482 852 516 maxumum
877 469 965 522 est,
999 481 1090 512 non
1117 482 1186 513 me
1211 482 1356 528 neque
1375 480 1638 528 quemquam

196 553 389 600 omnium
409 553 517 599 satis
535 555 678 598 tutum
693 549 857 607 fuisse,
881 549 919 595 si
939 552 1057 596 recte
1079 550 1337 597 faceremus.
1381 551 1530 611 Atque
1549 551 1638 606 illa,

195 650 308 698 quae
326 638 419 682 tum
439 634 669 682 sormidIne
692 636 910 681 mercatus
930 647 1042 690 sum,
1065 633 1221 693 pretio,
1250 633 1398 680 soluto
1420 634 1528 688 iure,
1552 633 1641 679 do-

193 759 338 798 bricam
347 761 533 811 praedam
550 749 673 798 autem
694 771 739 796 ne
758 763 847 807 puta
865 771 932 807 pro
953 759 1115 806 qualibet
1134 758 1198 794 vili
1219 757 1362 806 praeda
1379 757 1515 796 dictam
1537 770 1638 803 esse,

195 817 265 855 sed
283 819 376 866 ¹quia
395 818 520 856 Sullae
543 819 580 854 in
601 819 662 854 illo
687 818 785 853 bello
809 815 912 852 haud
932 815 1092 863 exiguae
1122 820 1249 863 partes
1280 816 1447 861 suerunt;
1479 816 1528 852 cl'.
1557 817 1639 852 Plu-

194 874 313 911 tarch.
335 875 372 910 in
392 875 510 911 Mario
532 887 566 911 c.
585 878 646 913 25.
666 876 726 912 26.
746 893 802 898 -—
831 873 901 908 Pro
923 872 1068 917 datam,
1093 871 1194 919 quod
1214 883 1344 908 omnes
1366 871 1479 908 codd.
1502 876 1638 917 tenent,

194 931 322 968 Douza
341 930 579 980 scribendum
597 931 742 979 putavit
762 929 869 975 data,
906 929 1085 976 ignorans
1116 927 1374 976 praedicatum
1402 939 1477 965 non
1505 929 1639 976 ubique

195 998 278 1023 cum
299 987 465 1024 subiecto
487 997 716 1035 congruere,
741 985 810 1022 sed
832 995 946 1032 saepe
967 985 1050 1021 eius
1062 982 1294 1021 'substantivi
1307 1014 1315 1029 ,
1341 985 1442 1032 quod
1462 985 1500 1020 in
1522 996 1638 1033 appo-

195 1044 328 1080 sitione
350 1042 470 1079 autin
501 1042 728 1080 secundaria
757 1042 1017 1078 enunciatione
1053 1045 1130 1087 est,
1167 1041 1448 1089 grammaticam
1483 1043 1639 1078 formam

195 1099 325 1146 sequi3
346 1099 392 1137 er.
414 1099 511 1148 Nep.
529 1097 711 1135 Themist.
742 1110 776 1135 c.
797 1097 885 1143 VII,
915 1102 948 1137 5.
1007 1096 1163 1134 Illorum
1195 1097 1356 1134 urbem
1384 1101 1425 1134 ut
1451 1109 1639 1148 propu·
1686 1116 1689 1120 ·

191 1155 437 1205 quantulum
464 1157 727 1204 oppositum
748 1164 827 1192 esse
853 1154 1034 1191 barbaris.
1102 1154 1194 1192 Sall.
1230 1154 1381 1202 Fragm.
1417 1154 1444 1199 1,
1479 1158 1546 1199 51,
1581 1158 1639 1194 12.

203 1210 384 1248 Videmini
399 1212 534 1259 intenta
554 1213 674 1249 mala
695 1213 803 1260 quasi
828 1210 1012 1259 fulmen
1037 1215 1167 1259 optare
1193 1220 1233 1247 se
1250 1212 1401 1258 quisque
1422 1221 1470 1248 ne
1490 1212 1612 1248 attin

191 1272 281 1317 yut.
341 1269 389 1304 cf.
412 1259 462 1306 ad
480 1269 562 1319 lug.
594 1268 732 1313 XVIII,
770 1272 827 1306 ll.
856 1271 892 1303 et
924 1267 972 1304 ad
1002 1267 1149 1313 LXXV,
1176 1264 1214 1306 6.
1234 1279 1277 1304 ac
1297 1266 1386 1303 vide
1406 1267 1639 1316 Kruegerum

198 1325 246 1360 ‹le
267 1324 422 1362 Attract.
442 1326 551 1373 Ling.
570 1325 649 1361 Lat.
676 1328 711 1368 §-
731 1328 790 1363 23.
811 1335 850 1371 p.
870 1326 916 1363 47
938 1336 1020 1372 sqq.

231 1384 235 1388 '
309 1383 345 1424 ς.
373 1385 431 1421 18.
488 1382 537 1418 At
553 1381 706 1418 obiectat
729 1380 833 1426 mihi)
890 1381 944 1416 De
975 1393 1045 1417 usu
1065 1385 1104 1422 a!
1127 1381 1353 1428 particulae,
1384 1391 1456 1428 qua
1486 1382 1639 1419 insertur

197 1437 406 1475 adversarii
426 1438 605 1483 obiectio,
625 1449 661 1474 v.
683 1437 806 1473 Hand.
828 1436 874 1472 de
895 1437 1051 1474 Particc.
1073 1437 1153 1473 Lat.
1175 1437 1261 1472 Vol.
1283 1437 1312 1472 1.
1332 1448 1370 1484 p.
1390 1441 1471 1476 432.
1498 1458 1555 1464 —
1584 1439 1638 1475 De
1663 1480 1669 1486 l

196 1494 387 1542 particulis
403 1506 478 1531 non
504 1514 553 1521 —
576 1503 693 1541 neque
714 1505 752 1529 v.
774 1492 823 1529 ad
847 1492 927 1529 Cat.
948 1505 982 1530 c.
1001 1493 1084 1538 LII,
1109 1496 1145 1532 6.
1174 1513 1229 1519 -
1259 1493 1486 1531 faceremus
1511 1495 1640 1532 Douza

197 1553 324 1586 censet
358 1555 421 1587 aut
450 1561 519 1598 pro
544 1550 758 1598 fecissemus
779 1549 918 1586 dictum
948 1561 1055 1595 esse,
1092 1553 1155 1587 aut
1178 1550 1329 1586 omnino
1349 1561 1397 1587 ex
1426 1552 1640 1589 coniectura

198 1607 248 1642 ita
266 1605 379 1642 scribi
400 1606 561 1655 debere,
583 1607 621 1642 In
637 1600 793 1654 utroque
815 1600 953 1651 salsus;
979 1606 1235 1654 imperfectum
1256 1607 1356 1642 enim·
1376 1608 1640 1655 cogitationem

197 1663 310 1698 refert
328 1662 378 1698 ad
400 1662 491 1699 illud
508 1668 651 1710 tempus
663 1692 672 1707 ,
693 1674 763 1710 quo
782 1661 904 1699 adhuc
924 1662 1106 1711 ayendum
1126 1666 1210 1700 erat
1217 1678 1228 1704 ;
1255 1663 1303 1699 cf.
1325 1662 1375 1700 ad
1390 1664 1471 1712 lug.
1493 1677 1527 1701 c.
1546 1665 1638 1709 LIX,

196 1721 232 1756 3.
252 1719 289 1755 et
308 1718 492 1768 LXXXII,
514 1722 550 1758 3.
582 1718 752 1756 Ceterum
771 1720 888 1756 verba
909 1720 944 1755 si
964 1724 1063 1756 recte
1079 1719 1290 1768 faceremus
1309 1719 1382 1756 hoc
1405 1721 1638 1772 significant:

199 1776 231 1811 si
252 1776 298 1812 ab
319 1775 490 1813 emendis
510 1770 933 1824 proscriptorum—bonis
954 1777 1104 1813 omnino
1132 1777 1418 1815 abstineremus.
1449 1798 1504 1803 —
1535 1779 1639 1824 Quae

199 1835 402 1879 sequuntur
424 1844 492 1880 pro
513 1833 617 1869 varia
638 1833 924 1880 interpungendi
944 1834 1086 1870 ratione
1108 1834 1214 1870 varIe
1231 1834 1276 1869 ab
1296 1833 1502 1871 editoribus
1524 1836 1641 1881 expli-

200 1892 343 1925 cantur.
395 1889 490 1926 Nam
510 1890 710 1935 Wassius,
732 1888 876 1926 Cottius
889 1919 899 1934 ,
921 1894 957 1925 et
973 1890 1093 1927 Faber
1114 1889 1176 1926 ed.
1193 1894 1225 1928 1.
1246 1890 1495 1937 scripserunt:
1518 1902 1641 1935 „mer-

0 1945 1 1998 l
199 1947 303 1980 catus
330 1956 433 1993 sum,
455 1947 577 1993 pretio
597 1946 732 1991 soluto,
752 1946 831 1981 iure
856 1940 1016 1982 dominis
1036 1950 1159 1983 tamen
1181 1946 1375 1982 restituof‘
1423 1947 1641 1984 Gerlachius

201 2000 239 2035 in
258 2000 319 2037 ed.
342 2001 429 2036 mai.
451 2001 563 2037 habet
583 2001 898 2048 quemadmodum
917 2002 1127 2039 edidimus:
1153 2006 1366 2046 „mercatus
1384 2014 1486 2048 sum,
1506 2005 1640 2050 pretio,

0 2023 2 2106 l
200 2056 315 2092 soluto
334 2056 433 2102 iure,
466 2056 625 2110 domInis
655 2061 778 2093 tamen
800 2058 995 2094 restituo.“
1054 2059 1094 2094 In
1131 2057 1350 2108 Commentt.
1382 2070 1473 2095 vero
1507 2071 1547 2107 p.
1580 2063 1641 2101 60.

203 2112 410 2157 imprObata
430 2111 502 2148 hac
523 2114 666 2149 ratIone
689 2113 743 2149 sic
765 2118 892 2150 censet
913 2114 1273 2162 interpungendum:
1310 2119 1522 2159 „mercatus
1544 2128 1640 2160 sum,

196 2168 316 2215 pretio
333 2168 465 2217 soluto,
485 2170 587 2214 iure,
612 2169 781 2206 dominis
795 2174 919 2206 tamen
943 2172 1145 2215 restituo“;
1176 2181 1332 2222 eamque
1362 2173 1563 2209 verborum
1587 2173 1642 2209 di-

203 2223 435 2260 stinctionem
468 2228 504 2262 et
532 2225 612 2273 ipse
648 2226 684 2262 in
720 2226 781 2262 ed.
810 2227 899 2262 min.
932 2231 969 2263 et
990 2226 1149 2264 Orellius
1172 2223 1371 2275 expressit.
1428 2229 1486 2265 Ex
1507 2230 1641 2276 quibus

203 2281 422 2317 lectionibus
443 2293 508 2317 cur
526 2282 646 2330 prima
668 2286 704 2318 et
727 2283 832 2319 tertia
854 2283 949 2320 falsa
976 2284 1023 2320 sit
1042 2284 1174 2331 paucis
1202 2283 1383 2320 dicemus.
1440 2285 1535 2321 Nam
1566 2287 1642 2333 pri-

205 2347 304 2372 mum
326 2337 442 2374 verba
455 2340 576 2385 pretio
594 2339 707 2376 soluto
727 2338 776 2375 ad
795 2343 979 2377 mercatus
997 2350 1078 2378 sum
1101 2341 1218 2376 relata
1236 2351 1392 2388 prorsus
1414 2342 1535 2378 otiosa
1558 2347 1642 2379 sunt

205 2396 241 2428 et
264 2403 385 2440 paene
406 2394 548 2441 inepta,
571 2406 683 2442 quum
708 2407 829 2443 neque
847 2397 1098 2444 perspiciatur
1125 2408 1198 2444 quo
1221 2397 1379 2433 consilio
1405 2398 1640 2444 adiiciantur,

207 2453 243 2484 et
261 2450 344 2496 ipsa
361 2447 544 2489 mercatus
570 2461 650 2488 sum
670 2451 783 2488 dictio
812 2453 929 2489 soluti
951 2454 1060 2501 pretii
1093 2454 1281 2489 notionem
1316 2455 1484 2491 involvat
1493 2466 1505 2500 ;
1541 2455 1641 2503 quod

0 2486 6 2645 ι
208 2505 424 2542 Gerlachius
462 2509 583 2543 autem
617 2507 724 2553 dicit,
755 2509 914 2546 sortasse
949 2510 995 2546 iis
1029 2511 1154 2547 verbis
1194 2511 1340 2555 caveri,
1385 2521 1432 2546 ne
1467 2512 1642 2560 speciosa

208 2563 343 2609 emptio
364 2563 650 2610 intelligeretur,
671 2572 746 2601 non
766 2567 951 2613 reputavit
962 2566 1012 2602 V.
1031 2566 1073 2602 D.
1097 2566 1238 2603 Sullam
1263 2566 1476 2604 vendendis
1503 2569 1642 2605 civium

0 2648 6 2683 ἰ
206 2619 314 2655 bonis
341 2623 570 2656 numeratam
596 2623 794 2667 pecum'um
826 2623 1076 2669 quaesivisse.
1147 2622 1239 2659 Tum
1275 2634 1349 2659 non
1388 2628 1489 2671 patet
1521 2629 1641 2661 utrum

196 2675 287 2728 ‚iure
311 2675 463 2712 dominis
482 2675 782 2724 coniungendum
805 2679 872 2724 sit,
909 2684 947 2715 ut
967 2680 1144 2727 Wassio,
1183 2678 1304 2716 Cortio
1340 2684 1376 2716 et
1408 2681 1575 2729 Zumptio
1605 2682 1641 2716 in

206 2730 357 2768 Annall.
378 2734 471 2769 critt.
491 2732 616 2769 Berol.
636 2744 672 2769 a.
694 2736 797 2772 1834.
817 2728 924 2770 T.'11.
944 2747 982 2782 p.
1002 2739 1084 2774 312.
1105 2735 1262 2783 placuit,
1295 2747 1342 2772 an
1363 2738 1445 2773 iure
1464 2737 1513 2773 ad
1534 2739 1641 2773 resti-

208 2790 267 2822 tuo
286 2789 418 2824 referri
440 2788 592 2833 debeat,
615 2794 652 2825 ut
670 2790 789 2826 Faber
808 2792 947 2826 censet.
1007 2792 1126 2839 Atque
1147 2791 1238 2827 illud
1260 2792 1411 2838 quidem
1434 2794 1545 2828 latine
1567 2792 1643 2829 dici

1311 2844 1375 2884 4*
