1774 3002
512 205 839 247 HISTORIARUM
867 203 1180 243 FRAGMENTA.
1237 203 1326 240 LIB.
1353 204 1380 239 1.
1609 197 1665 241 75

228 335 398 381 cedere.
441 332 549 379 Nam
577 332 651 378 ubi
681 330 821 377 malos
858 328 1051 390 praemia
1087 329 1353 389 sequuntur,
1387 326 1503 372 haud
1539 326 1666 374 facile

175 434 220 483 ψ
233 418 463 480 quisquam
491 414 683 477 gratuito
714 415 855 460 bonus
880 414 960 459 est.
996 412 1069 458 An
1086 410 1371 470 exspectatiS,
1402 411 1505 457 dum
1531 426 1667 457 exer-

227 501 315 547 citu
345 514 500 547 rursus
529 499 704 544 admoto
739 499 857 544 ferro
892 498 1023 556 atque
1059 495 1231 540 flamma
1268 494 1420 540 urbem
1460 493 1667 539 invadat?

227 585 346 646 quod
373 583 511 630 multo
545 581 728 642 propius
762 582 831 626 est
856 579 911 625 ab
942 594 1017 634 eo,
1049 592 1138 639 quo
1166 576 1325 638 agitat,
1362 579 1503 632 statu,
1534 592 1666 638 quam

229 683 286 714 ex
316 682 423 728 pace
456 668 498 712 et
535 664 768 723 concordia
796 662 851 708 ad
881 677 1001 708 arma
1036 661 1200 715 civilia,
1239 673 1352 721 quae
1391 659 1464 706 ille
1497 661 1666 706 advor-

229 750 335 798 sum‘
364 749 510 797 divina
548 751 592 795 et
626 748 815 794 humana
853 743 998 791 omnia
1035 745 1169 804 cepit,
1206 758 1295 789 non
1330 758 1412 803 pro
1455 758 1557 799 sua,
1593 746 1668 790 aut

227 891 373 936 potest;
410 886 511 934 apud
531 886 675 922 Livium
708 887 828 920 autem
853 883 970 918 verba
996 882 1089 918 velue
1113 884 1244 926 iniecta
1262 881 1364 917 rabie
1387 892 1461 916 non
1485 882 1669 928 pertinent

230 945 279 982 ad
299 943 584 992 praecedentia,
613 940 682 977 sed
701 938 750 976 ad
771 950 817 975 ea
837 949 933 985 quae
963 941 1187 984 sequuntur,
1219 938 1292 974 hoc
1320 947 1455 974 sensu:
1485 938 1580 974 velut
1602 938 1667 985 fu-

230 1011 317 1038 rore
327 1002 492 1048 percitos
513 999 565 1035 ad
585 1008 694 1033 arma
711 997 840 1033 ituros.
867 1013 925 1020 —
954 995 1024 1030 Pro
1038 998 1241 1042 sequuntur
1263 993 1482 1030 Gerlachius
1504 998 1542 1029 et
1564 994 1678 1030 Orel-⁴

210 1058 301 1094 ·lius
320 1068 368 1093 ex
388 1057 473 1092 Vat.
495 1060 527 1094 1.
549 1058 633 1092 et2.
655 1053 886 1099 scripserunt
904 1055 1091 1094 secuntur,
1116 1061 1228 1097 quam
1249 1051 1404 1086 formam
1422 1050 1452 1085 F
1453 1050 1669 1087 rotscherus

229 1125 376 1161 quoque
404 1111 454 1148 ad
480 1110 631 1156 Quintil.
659 1108 706 1153 X,
726 1114 760 1148 1,
784 1112 815 1146 1.
843 1107 1037 1154 probavit3
1069 1107 1137 1143 sed
1164 1118 1277 1154 quum
1308 1117 1491 1152 nusquam
1520 1108 1558 1143 in
1589 1106 1671 1144 Sal·

229 1170 328 1207 lustii
355 1168 548 1204 codicibus
578 1166 690 1202 huius
719 1164 925 1210 scripturae
956 1164 1118 1210 vestigia
1137 1167 1303 1207 exstent,
1335 1173 1561 1199 consensum
1585 1175 1668 1200 cum

229 1226 363 1263 ceteris
394 1225 487 1261 locis
518 1221 747 1260 servandum
775 1220 1001 1268 putavimus.
1050 1220 1102 1255 De
1132 1220 1293 1256 dictione
1320 1220 1404 1267 ipsa
1434 1231 1471 1255 v.
1491 1220 1541 1256 ad
1562 1219 1670 1257 Catil.

230 1294 265 1319 c.
285 1282 376 1325 LIV,
396 1284 433 1320 6.
451 1293 491 1328 p.
505 1283 585 1319 289.
623 1278 732 1315 Caes.
752 1277 793 1313 B.
811 1277 854 1313 G.
874 1277 901 1318 Ι,
917 1278 954 1314 4.
971 1280 1004 1314 1.
1023 1275 1247 1314 Damnatum
1257 1286 1419 1324 poenam
1438 1278 1542 1324 sequi
1557 1287 1669 1324 opor-

230 1338 359 1382 rebat,
384 1342 423 1374 ut
444 1338 521 1385 iyni
547 1338 789 1372 cremaretur.
830 1353 880 1359 —
921 1332 1084 1370 Gratuita
1116 1334 1141 1369 i.
1162 1345 1199 1369 e.
1228 1333 1308 1370 sine
1332 1333 1524 1380 praemio;
1560 1344 1596 1369 v.
1620 1333 1669 1369 ad

231 1394 337 1433 Catil.
354 1393 452 1439 XVI,
470 1397 507 1432 3.
1472 1422 1482 1429 .

341 1454 375 1495 s.
396 1455 449 1489 lo.
506 1448 564 1486 An
579 1447 812 1495 expectatis.)
869 1445 924 1481 Ea
943 1445 1003 1481 vis
1021 1448 1078 1481 est
1097 1456 1147 1481 an
1163 1443 1382 1492 particulae,
1401 1449 1441 1482 ut
1464 1446 1671 1494 interroga-

233 1509 391 1551 tionem,
410 1506 460 1542 ad
489 1506 666 1542 omissam
690 1504 842 1539 alteram
869 1501 1123 1549 interrogandi
1144 1506 1287 1548 partem
1312 1505 1564 1548 spectantem,
1586 1514 1669 1539 cum

232 1564 352 1600 ironia
369 1563 524 1606 inserat,
552 1572 626 1608 qua
645 1560 859 1607 propositae
880 1558 1085 1594 sententiae
1107 1558 1246 1595 veritas
1265 1558 1526 1605 confirmetur,
1553 1559 1670 1596 altera

232 1625 408 1667 tanquam
442 1618 543 1656 inani
576 1622 613 1653 et
649 1615 743 1652 falsa
781 1614 975 1661 occupata.
1033 1615 1182 1650 Plenior
1206 1615 1317 1662 igitur
1341 1615 1520 1651 orationis
1550 1616 1670 1651 forma

230 1676 326 1713 haec
347 1679 424 1712 est:
446 1675 562 1712 hocne
579 1673 676 1710 vobis
700 1681 825 1709 verum
843 1671 994 1716 videtur,
1013 1682 1063 1707 an
1083 1672 1304 1718 exspectatis
1324 1675 1392 1708 etc.
1449 1672 1591 1708 Pariter
1616 1672 1671 1708 in-

233 1734 289 1769 fra
302 1736 335 1776 S.
358 1734 413 1770 14.
469 1731 538 1768 An
554 1729 683 1776 Lepidi
699 1728 874 1764 mandata
892 1729 1034 1764 animos
1052 1731 1220 1764 movent?
1241 1728 1344 1775 prior
1365 1728 1668 1776 interrogationis

232 1800 321 1836 pars
336 1787 548 1836 supplenda
567 1789 634 1822 est.
690 1785 745 1821 De
769 1784 842 1821 hoc
872 1795 922 1820 an
945 1784 1150 1831 particulae
1172 1796 1243 1820 usu
1268 1785 1474 1833 luculenter
1494 1784 1673 1821 disseruit

233 1845 400 1882 Handius
426 1845 474 1881 de
502 1843 655 1880 Particc.
684 1842 759 1877 Lat.
779 1841 863 1876 Vol.
884 1841 910 1876 I.
938 1852 974 1888 p.
994 1842 1062 1879 341
1093 1851 1147 1887 sq.
1168 1844 1204 1875 et
1227 1853 1262 1887 p.
1276 1842 1360 1884 347,
1385 1842 1416 1877 7.
1442 1842 1490 1877 cs.
1512 1841 1673 1877 Gramm.

233 1903 292 1938 lat.
316 1905 430 1937 nostr.
449 1904 481 1944 s.
504 1902 584 1944 133,
603 1902 637 1937 ὃ.
658 1898 694 1935 d.
711 1909 747 1945 p.
763 1898 830 1935 437
851 1897 1111 1944 sq.—Verba
1121 1898 1287 1934 exercitu
1307 1906 1442 1933 rursus
1462 1897 1608 1934 admoto
1625 1897 1672 1933 de

234 1959 350 1993 altero
370 1956 501 2003 Lepidi
524 1955 721 1991 ad'urbem
740 1963 922 1997 accessu,
942 1963 1053 1999 quem
1074 1964 1121 1987 ex
1140 1953 1344 1999 longinquo
1367 1953 1596 1997 minabatur,
1619 1954 1673 1989 in-

234 2012 436 2060 telligenda
476 2022 562 2047 esse
599 2008 828 2045 ostendimus
861 2008 899 2044 in
937 2008 1208 2044 introductione
1248 2008 1297 2044 ad
1324 2007 1423 2044 hanc
1453 2010 1671 2046 orationem.

235 2070 437 2115 Perperam
466 2067 576 2114 igitur
601 2065 730 2101 Douza
757 2074 801 2100 ac
822 2063 968 2100 Cottius
998 2064 1181 2110 Lepidum
1209 2068 1296 2101 tunc
1316 2064 1476 2111 primum
1494 2076 1580 2102 cum
1609 2077 1674 2102 ex-

236 2125 351 2160 ercitu
369 2123 571 2159 advenisse
592 2124 766 2165 statuunt,
784 2130 918 2157 rursus
942 2119 991 2156 ad
1012 2119 1150 2156 Cinnae
1166 2132 1209 2156 ac
1229 2121 1338 2157 Marii
1356 2121 1533 2168 impetum
1554 2123 1592 2158 in
1612 2134 1672 2159 ur-

235 2183 318 2217 bem
328 2180 482 2216 Romam
498 2180 634 2215 sactmn
654 2178 869 2222 referentes,
890 2187 1000 2224 quem
1021 2187 1184 2213 errorem
1206 2177 1376 2214 refellere
1393 2188 1468 2214 non
1482 2190 1579 2225 opus
1600 2183 1672 2215 est.

234 2256 292 2263 —-
309 2235 469 2272 Invadat
488 2239 544 2272 est
569 2235 606 2270 in
626 2234 713 2269 Vat.
734 2238 766 2272 1.
787 2236 823 2271 2.
844 2237 901 2278 et,
922 2236 1098 2280 quantum
1118 2234 1253 2270 coniici
1272 2237 1416 2281 potest,
1448 2235 1560 2272 etiam
1581 2236 1619 2271 in
1638 2239 1672 2274 3.

235 2292 381 2329 Invadit
401 2292 523 2339 igitur,
542 2290 642 2338 quod
657 2289 803 2326 Cottius
823 2293 859 2325 et
883 2289 1103 2326 Gerlachius
1124 2291 1161 2326 in
1179 2290 1239 2326 ed.
1265 2291 1350 2326 mai.
1370 2290 1496 2335 habet,
1521 2302 1597 2327 non
1613 2303 1673 2328 so-

236 2350 312 2384 lum
343 2347 514 2384 codicum
542 2347 770 2389 ¹auctoritate
801 2346 1030 2390 destituitur,
1065 2346 1136 2383 sed
1167 2347 1278 2383 etiam
1311 2348 1578 2394 grammaticae
1615 2360 1672 2384 re-

235 2408 389 2452 pugnat,
413 2404 500 2450 quia
521 2403 621 2439 urbis
640 2403 787 2440 invasio
802 2413 877 2439 non
896 2413 985 2438 vere
1007 2403 1107 2439 sacta
1124 2403 1269 2448 dicitur,
1291 2403 1360 2439 sed
1376 2414 1424 2439 ex
1444 2405 1672 2451 cogitatione

238 2464 390 2498 senatus
420 2469 604 2506 suspensa
632 2463 708 2503 est3
747 2459 795 2495 ct'.
824 2459 966 2506 Zumpt.
988 2459 1150 2495 Gramm.
1175 2460 1256 2495 Lat.
1285 2471 1320 2495 c.
1340 2460 1406 2503 78,
1437 2464 1492 2498 10.
1531 2463 1564 2503 ς.
1591 2462 1674 2499 575.

238 2528 275 2564 p.
295 2519 377 2555 489.
401 2515 463 2552 ed.
487 2515 579 2551 VIII.
600 2514 719 2551 Hand.
747 2514 795 2551 de
813 2515 1076 2551 Particc..Latt.
1097 2516 1183 2551 Vol.
1202 2515 1256 2559 ΙΙ,
1278 2527 1317 2562 p.
1346 2518 1427 2554 319.
1487 2516 1591 2560 Quae
1614 2529 1673 2553 se-

238 2577 397 2620 quuntur
421 2571 536 2608 verba
556 2570 652 2617 quod
671 2571 779 2607 multo
797 2591 852 2596 ——
880 2570 933 2607 ad
949 2582 1057 2607 arma
1077 2572 1214 2614 civilia,
1250 2582 1273 2606 a
1296 2571 1424 2607 Douza
1453 2576 1489 2607 et
1515 2571 1672 2610 Wassio

235 2639 304 2676 pro
323 2626 614 2675 corruptissimis
628 2625 753 2674 habita
772 2631 810 2662 et
820 2632 976 2674 prorsus
999 2628 1141 2663 insulse
1167 2627 1672 2674 tentata,‘expeditissimum

241 2695 392 2720 sensum
412 2684 550 2720 habent
576 2682 697 2718 hunc-z
729 2682 778 2719 ad
801 2683 903 2729 quod
921 2683 1066 2719 facinus
1082 2694 1180 2719 nunc
1199 2683 1308 2730 (quia
1329 2694 1413 2719 cum
1433 2685 1600 2720 exercitu
1617 2685 1672 2720 in·

240 2741 330 2783 stat)
353 2741 467 2776 multo
498 2738 644 2775 facilius
663 2738 773 2774 etiam
798 2741 920 2786 potest
937 2739 1136 2786 progredi,
1160 2750 1268 2786 quam
1299 2743 1409 2775 antea
1438 2751 1486 2776 ex
1503 2751 1599 2787 pace
1622 2739 1673 2776 ad

237 2795 457 2833 seditionem
495 2804 722 2844 progressus
760 2797 826 2832 est.
889 2793 1003 2834 Recte
1044 2796 1143 2834 enim
1171 2794 1316 2837 Cortius
1355 2795 1451 2832 vidit
1483 2800 1674 2833 auctorem
