1774 3002
467 133 799 173 HISTORIARUM
825 130 1139 170 FRAGMENTA.
1194 133 1282 169 LIB.
1310 134 1354 170 11.
1529 130 1611 173 145

302 262 372 304 33.
429 258 677 319 Antequam
701 271 915 318 egressus
942 256 1167 312 Sertorius
1186 257 1405 303 instruere
1430 272 1611 318 pugnae

164 355 288 389 suos.

302 428 371 471 34.
429 422 639 469 Titurium
666 423 860 484 legatum
887 437 984 467 cum
1021 421 1275 469 cohortibus
1308 422 1396 468 XV
1426 422 1469 468 in
1503 422 1611 469 Cel-

165 507 318 552 tiberia
347 506 530 552 hiemem
560 521 696 568 agere
727 505 854 551 iussit
883 505 1206 565 praesidentem
1230 504 1391 551 socios.

300 593 368 635 35.
421 589 476 634 Hi
501 590 686 635 saltibus
717 588 941 648 occupatis
966 587 1339 633 Termestinorum
1369 603 1507 649 agros
1535 589 1610 635 in-

166 685 342 728 vasere,
373 672 663 735 frumentique
695 687 752 718 ex
780 672 928 732 inopia
962 670 1089 732 gravi
1121 671 1256 716 satias
1287 671 1414 716 facta.

166 804 276 856 δειρα
296 813 530 852 vocarentur,
551 813 653 856 patet
674 819 809 844 nomen
832 808 934 844 urbis
956 810 1001 844 ab
1022 807 1115 854 ipsis
1136 806 1269 842 incolis
1292 811 1510 854 usurpatum
1532 809 1607 846 Ga-

166 863 227 898 dir
249 864 388 908 fuisse,
419 865 518 901 unde
539 866 696 901 Romani
725 865 845 902 Gades
876 865 1133 900 recen-unu—
1174 862 1273 907 Quid
1302 873 1461 900 narrans
1490 865 1611 903 Sallu-

168 921 262 955 stius
282 919 448 957 Tartessi
466 923 690 957 mentionem
712 922 861 966 fecerit,
882 930 1107 967 quamquam
1129 919 1204 955 dici
1225 930 1300 955 non
1321 924 1462 966 potest,
1484 926 1608 958 tamen

166 980 307 1011 certum
333 976 483 1014 videtur
509 977 622 1014 huius
649 979 752 1014 urbis
773 977 1162 1015 commemorationem
1187 976 1225 1010 in
1247 975 1403 1012 Sertorii
1426 979 1538 1014 rebus
1558 980 1611 1014 lo-

166 1042 251 1067 cum
263 1031 456 1069 habuisse.
491 1025 728 1078 Debrossius,
749 1034 812 1080 qui
833 1033 905 1069 hoc
920 1033 1183 1080 Fragmentum
1206 1032 1354 1068 duobus
1370 1034 1464 1070 locis
1483 1034 1531 1079 (1,
1550 1039 1608 1073 50.

166 1091 203 1122 et
220 1087 274 1135 11,
297 1091 383 1134 10.)
409 1089 596 1134 exhibuit,
627 1091 752 1137 priore
771 1091 854 1126 loco
883 1090 920 1125 in
947 1090 1160 1126 narratione
1187 1087 1235 1124 de
1258 1087 1412 1125 foedere
1432 1102 1516 1126 cum
1539 1090 1611 1127 Ga·

167 1142 301 1180 diuinis
321 1145 419 1182 sacto
441 1147 578 1182 lectum
599 1147 716 1183 fuisse
736 1147 953 1192 alucinatur‚
974 1147 1118 1182 socium
1136 1145 1310 1181 stultitiae
1330 1150 1461 1183 nactus
1483 1147 1610 1183 Gerla-

166 1199 292 1236 chium
310 1200 395 1237 Vol.
415 1202 475 1238 ΠΙ.
496 1214 534 1249 p.
556 1204 615 1242 ⁷9.

247 1275 253 1280 ·
277 1257 339 1293 Fr.
357 1260 419 1297 33.
446 1257 570 1304 [Cort.
587 1271 626 1306 p.
645 1261 728 1298 957.
779 1258 875 1294 Gerl.
897 1258 959 1294 ed.
980 1258 1068 1294 mai.
1089 1258 1140 1301 ΙΙ,
1160 1260 1195 1296 8.
1217 1258 1279 1294 ed.
1299 1259 1390 1294 min.
1412 1259 1462 1304 ΙΙ,
1483 1262 1543 1298 35.
1567 1271 1606 1306 p.

165 1315 246 1358 m,
268 1316 327 1352 13.
369 1314 480 1351 Debr.
501 1315 545 1360 ΙΙ,
565 1317 643 1360 22]
691 1317 812 1352 Locus
835 1317 957 1350 exaltat
977 1314 1079 1361 apud
1099 1315 1210 1350 Arus.
1230 1326 1266 1361 p.
1287 1316 1372 1353 237.
1392 1316 1498 1352 Lind.
1538 1317 1608 1352 Pro

166 1378 344 1415 messus,
365 1371 466 1417 quod
484 1371 763 1408 Lindemannus
785 1383 808 1407 e
827 1371 912 1407 cod.
935 1370 1031 1406 Gud.
1053 1370 1182 1414 edidit,
1204 1371 1240 1406 in
1259 1370 1427 1407 Sallustii
1449 1371 1535 1408 edd.
1552 1377 1610 1409 est

165 1434 365 1471 regressum.
387 1427 700 1473 quemadmodum
720 1428 832 1463 habet
851 1426 938 1463 cod.
957 1427 1046 1464 Maii
1068 1427 1244 1463 Ambros.
1279 1426 1487 1471 Instruere,
1508 1429 1610 1475 quod

166 1481 203 1515 in
222 1485 379 1528 utroque
399 1483 485 1518 cod.
505 1488 582 1532 est,
612 1483 777 1520 Sallustii
798 1483 963 1526 editores
981 1486 1167 1518 mutarunt
1186 1484 1226 1519 in
1244 1485 1460 1523 instruent,-
1482 1485 1552 1520 sed
1571 1486 1609 1521 in

168 1537 324 1583 abrupta
345 1542 381 1574 et
400 1549 556 1585 prorsus
579 1541 740 1576 obscura
761 1541 947 1576 sententia
968 1539 1059 1575 nihil
1077 1543 1202 1586 potest
1222 1539 1270 1575 de
1290 1541 1492 1576 verborum
1514 1546 1610 1578 stru-

167 1596 272 1628 ctura
292 1595 476 1631 constitui.
937 1631 940 1633 ,

279 1649 338 1685 Fr.
356 1653 415 1689 34.
457 1651 593 1696 [Deest
620 1652 722 1698 apud
749 1651 867 1699 θοι-1.,
897 1652 996 1688 Gerl.
1018 1651 1081 1687 ed.
1108 1652 1194 1687 mai.
1218 1655 1254 1687 et
1274 1652 1384 1687 Debr.
1404 1672 1459 1698 —,
1507 1653 1607 1690 Gerl.

168 1704 229 1740 ed.
250 1706 336 1741 min.
355 1701 408 1752 Π,
427 1711 486 1745 50.
512 1719 550 1754 p.
569 1711 660 1752 203,
680 1709 739 1752 2.]
793 1709 919 1744 Verba
944 1709 1085 1754 primus
1117 1707 1234 1744 edidit
1255 1708 1533 1745 Lindemannus
1561 1721 1608 1746 ex

168 1760 253 1796 cod.
277 1761 371 1798 Gud.
389 1764 565 1800 Arusiani
594 1776 630 1810 p.
651 1768 733 1802 252.
780 1765 834 1800 De
853 1765 1001 1800 Metello
1029 1765 1090 1811 agi
1114 1765 1151 1799 in
1174 1765 1354 1811 Hispania
1374 1771 1504 1801 contra
1524 1765 1604 1802 Ser-

169 1818 302 1853 torium
322 1820 458 1855 bellum
484 1825 639 1867 gerente
654 1821 703 1856 'in
730 1826 905 1867 promptu
921 1825 1003 1864 est;
1034 1821 1213 1856 incertum
1238 1832 1348 1865 vero,
1382 1832 1606 1868 quamquam

169 1882 243 1907 non
267 1874 526 1921 improbabile,
551 1876 731 1912 Titurium
751 1877 912 1912 eundem
934 1888 1042 1920 esse,
1075 1877 1137 1922 qui
1159 1881 1290 1922 postea
1313 1876 1486 1913 Caesaris
1507 1879 1607 1924 lega-

170 1932 229 1963 tus
249 1930 286 1964 in
313 1929 431 1966 Gallia
457 1942 498 1966 re
522 1933 621 1967 male
641 1936 748 1978 gesta
767 1934 896 1978 periit;
929 1934 977 1970 cf.
1008 1932 1116 1968 Caes.
1141 1932 1182 1966 B.
1204 1932 1246 1967 G.
1270 1933 1326 1979 V,
1352 1936 1532 1971 26—38.
1553 1951 1600 1956 —

170 1982 411 2030 Praesidere,
432 1987 533 2031 quod
559 1987 620 2023 hic
642 1992 678 2022 et
706 1988 765 2022 Fr.
794 1988 861 2031 ΙΙΙ,
881 1989 939 2026 76.
968 1988 1154 2033 significat
1174 1989 1288 2022 tutari
1313 1988 1396 2025 sive
1418 1991 1609 2035 praesidio

171 2049 269 2083 esse,
299 2039 496 2076 Sallustius
517 2043 659 2087 primus
681 2043 827 2078 videtur
855 2055 938 2079 cum
964 2044 1183 2079 accusativo
1204 2044 1466 2090 coniunxisse,
1498 2057 1607 2095 quem

172 2106 301 2131 casum
332 2095 482 2133 Tacitus
507 2098 610 2134 illum
640 2103 790 2135 secutus
822 2099 1050 2147 frequentius
1080 2103 1262 2145 usurpa13
1294 2101 1342 2136 er.
1369 2101 1520 2138 Annall.
1543 2103 1607 2145 lv,

172 2155 214 2195 5,
236 2155 271 2188 l.
312 2150 386 2190 lta
397 2153 504 2188 liam
523 2157 677 2201 utroque
694 2157 794 2191 mari
809 2155 905 2191 duae
926 2157 1063 2191 classes
1082 2154 1264 2192 Misenum
1282 2157 1388 2203 apud
1403 2162 1439 2194 el
1458 2157 1599 2195 Raven-

171 2218 258 2242 nam
278 2209 633 2254 praesidebant.
651 2230 709 2238 —
756 2211 845 2247 ibid.
867 2223 899 2247 c.
923 2213 989 2256 72,
1011 2214 1048 2249 3.
1094 2210 1213 2248 Haud
1236 2214 1451 2258 spernenda
1477 2217 1606 2251 civium

172 2264 422 2311 sociorumque
439 2275 572 2301 manus
589 2267 734 2303 litora
751 2266 894 2303 Oceani
906 2267 1234 2314 praesidebat.
1255 2289 1312 2293 —

284 2320 345 2355 Fr.
368 2323 428 2358 35.
467 2320 589 2366 [Cort.
606 2333 646 2368 p.
665 2326 746 2362 966.
789 2323 887 2359 Gerl.
911 2324 973 2359 ed.
999 2325 1088 2359 mai.
1108 2323 1167 2369 111,
1188 2327 1244 2362 13,
1274 2324 1335 2360 ed.
1355 2325 1448 2360 min.
1468 2325 1527 2371 111,
1545 2329 1606 2365 87.

171 2386 211 2421 p.
230 2378 311 2420 223,
331 2379 389 2414 28.
425 2376 535 2413 Debr.
556 2377 616 2422 ΙΙΙ,
637 2380 711 2423 23.]
746 2379 870 2416 Verba
890 2384 1038 2416 exstant
1057 2380 1159 2426 apud
1179 2380 1276 2415 Non.
1299 2381 1341 2425 ΙΙ,
1363 2383 1446 2420 791.
1466 2392 1502 2427 p.
1524 2383 1606 2425 172,

172 2435 228 2470 ΙΙ.
250 2432 389 2468 Mercu
379 2460 389 2477 ,
412 2434 474 2479 qui
497 2443 611 2479 quum
630 2446 678 2471 ea
697 2446 744 2470 ex
761 2437 921 2472 secundo
941 2437 1033 2471 Hist.
1057 2437 1149 2472 libro
1170 2436 1310 2482 laudet,
1339 2447 1414 2472 non
1434 2438 1604 2485 intelligi-

172 2491 250 2532 tur,
277 2497 343 2523 cur
363 2487 531 2525 Sallustii
553 2489 716 2526 editores
738 2492 775 2526 in
792 2494 936 2528 tertium
953 2492 1217 2528 transtulerint.
1235 2510 1292 2517 —-
1327 2494 1407 2528 Pro
1426 2493 1467 2528 lu·
1483 2494 1521 2529 in
1541 2494 1605 2529 ali-

173 2547 262 2588 quot
283 2544 393 2580 Nonii
411 2544 522 2580 codd.
545 2549 602 2580 est
619 2547 669 2590 in,
691 2546 792 2592 quod
812 2547 977 2584 Sallustii
997 2558 1082 2583 esse
1101 2558 1175 2582 non
1196 2549 1315 2594 potuit
1329 2550 1605 2585 constructione

172 2599 283 2644 plane
302 2611 505 2646 perversa;
528 2601 733 2637 Meroen-ius
751 2604 910 2639 coniecit
926 2604 1003 2648 his,
1025 2614 1106 2652 *quo
1118 2630 1127 2647 ‚
1150 2608 1188 2639 ut
1206 2604 1244 2639 in
1263 2615 1304 2639 re
1324 2605 1484 2649 incerta,
1514 2605 1603 2641 nihil

173 2654 370 2691 lucramur.
390 2675 447 2682 —
488 2657 559 2692 Pro
580 2658 768 2704 occupatis
788 2658 1092 2696 Termestinorum
1117 2659 1192 2694 duo
1214 2659 1327 2695 codd.
1352 2661 1460 2696 Nonii
1483 2666 1604 2696 tenent

171 2715 370 2757 occupatus
396 2716 515 2749 tamen
541 2717 799 2759 externorum,
824 2723 922 2751 unus
949 2716 1136 2762 occupatis
1165 2714 1478 2758 Titiana-inarum,
1508 2727 1605 2752 unus

229 2791 392 2817 sutus-ri
421 2793 556 2818 mnu.
1278 2780 1333 2821 10
