1774 3002
641 39 651 58 Ι

463 152 794 192 HlsromARuu
820 146 1129 194 FRAGMENTA.
1176 153 1263 190 Lm.
1289 154 1331 190 11.
1555 148 1651 192 129-

264 306 270 310 -
330 280 395 323 11.
452 277 599 337 Capys
639 275 954 337 Campaniam,
975 277 1174 323 Helenus
1208 277 1530 333 Macedoniam,
1564 278 1634 323 alii

191 362 437 407 Sardiniam
461 359 718 421 [secundum
746 358 1028 419 Sallustium]
1052 362 1298 406 tenuerunt.

332 447 399 490 12.
422 474 424 477 v
452 443 659 497 Tarrhos.
750 436 753 438 ’
1610 484 1617 489 ,

315 528 412 590 113.
455 524 549 570 Sed>
569 525 653 585 ipsi
682 526 827 570 ferunt
859 527 1032 570 taurum
1057 539 1114 570 ex
1143 537 1306 586 grege,
1339 540 1469 586 quem
1498 539 1637 586 prope

195 607 339 654 littora
370 608 554 668 regebat
582 606 722 666 Corsa
744 607 919 653 nomine
944 608 1085 668 Ligus
1114 595 1282 654 mulier.

231 771 244 774 ’”
272 767 275 770 “
308 772 440 810 Fr212
478 771 598 817 [Cort.
618 782 657 817 p.
681 764 786 809 1004.
809 771 908 808 Gerl.
929 771 990 807 ed.
1010 773 1098 808 ma'i.
1118 773 1196 808 Ine.
1212 775 1271 812 48.
1295 772 1356 809 ed.
1377 773 1465 808 min.
1481 773 1558 808 Inc.
1579 775 1639 811 22.

197 826 346 875 1³:237,
368 833 426 867 15.
465 828 575 864 Debr.
605 827 647 869 Π.
674 828 750 872 47.]
809 827 913 863 Hanc
937 827 1133 864 Sardiniae
1161 830 1291 865 urbem
1318 830 1376 866 bis
1403 827 1529 866 laudat
1551 829 1641 864 Pro-

196 886 266 921 bus
285 884 330 929 11,
354 889 398 930 1,
416 886 477 923 44.
498 887 534 919 et
552 883 603 927 H,
627 887 665 928 1,
689 887 749 921 50.
762 895 800 930 p.
823 886 905 922 123.
927 888 964 919 et
984 887 1063 922 129.
1086 885 1148 920 ed.
1170 885 1278 921 Lind.
1318 885 1462 922 Nomen
1482 885 1639 931 pluralis

199 940 341 976 numeri
357 939 423 976 l'uit
442 939 602 987 Tar-rbi,
622 943 661 974 ut
681 949 729 974 ex
749 944 905 986 utroque
926 941 1009 976 loco
1028 944 1150 987 patet3
1175 941 1343 978 Tar-rhos
1365 941 1464 976 enim
1485 952 1640 977 accusa-

198 996 298 1033 tivus
321 1001 399 1041 est,
433 1006 508 1032 non
536 995 805 1039 nominativus,
843 1000 880 1031 ut
902 1000 1030 1032 censet
1049 997 1265 1033 Mannertus
1292 997 1429 1044 Geogr.
1453 997 1586 1033 Graec.
1606 1001 1642 1032 et

197 1052 306 1088 Rom.
343 1053 431 1088 Vol.
457 1052 537 1090 DL*
554 1052 594 1087 P.
618 1051 662 1086 ΙΙ.
699 1063 738 1097 p.
763 1053 845 1089 504.
874 1055 909 1088 et
938 1051 1119 1088 Cellarius
1146 1053 1232 1089 Not.
1264 1053 1352 1090 Orb.
1379 1054 1467 1089 Ant.
1496 1053 1582 1089 Vol.
1612 1053 1640 1089 Ι.

200 1120 239 1155 p.
262 1110 343 1147 773.
367 1108 428 1144 ed.
449 1108 502 1152 11;
533 1117 757 1154 quamquam
779 1107 838 1142 ille
859 1110 954 1144 bene
976 1109 1127 1145 coniicit
1145 1108 1243 1145 hanc
1270 1111 1399 1146 urbem
1421 1107 1495 1144 non
1518 1108 1641 1145 diver-

200 1176 281 1200 sam
308 1165 425 1200 ruisse
458 1165 504 1200 ab
537 1174 603 1206 ea,
635 1173 731 1209 quae
767 1174 789 1198 a
815 1164 1027 1200 Ptolemaeo
1056 1165 1123 1210 III,
1158 1168 1203 1209 3,
1231 1169 1267 1204 2.
1309 1165 1456 1201 Tar-rae
1484 1165 1640 1208 dicitur3

201 1232 238 1257 v.
258 1221 490 1256 Mannertum
519 1220 545 1255 l.
565 1220 591 1254 l.
612 1223 648 1254 et
673 1230 712 1265 p.
732 1221 813 1257 485.
872 1219 1042 1256 Ceterum
1068 1232 1143 1257 non
1165 1225 1288 1267 potest
1318 1222 1490 1258 constitui
1519 1225 1641 1258 utrum

200 1277 239 1313 in
258 1278 343 1324 ipsa
362 1277 506 1313 insulae
527 1275 778 1321 descriptione
800 1275 1025 1313 Tarrhorum
1056 1278 1193 1313 mentio
1221 1278 1318 1314 sacta
1349 1278 1419 1322 sit,
1459 1289 1508 1314 an
1534 1279 1641 1314 loeus

198 1336 350 1380 propter
367 1332 501 1379 Lepidi
521 1331 715 1368 tumultum
736 1332 786 1367 ibi
805 1333 1005 1369 excitatum
1023 1337 1252 1369 memoratus
1273 1334 1642 1380 merit.7Debrossius

201 1393 300 1426 certe
330 1389 472 1425 nullum
492 1387 673 1424 historiae
697 1388 947 1424 testimonium
970 1393 1120 1425 secutus
1150 1393 1226 1434 est,
1258 1389 1441 1436 Lepidum
1462 1389 1560 1426 Cosa
1589 1391 1643 1425 t‘u-

202 1446 364 1492 gientem
382 1444 432 1481 ad
451 1443 616 1480 Tarrhos
638 1443 724 1478 navi
746 1445 941 1489 appulisse
958 1455 1129 1484 narrans.

250 1533 256 1538 .
312 1501 374 1537 Fr.
395 1503 452 1539 13:
501 1498 616 1544 [Cort.
641 1510 681 1545 p·
701 1502 784 1538 958.
821 1500 928 1536 ..Gerl
957 1498 1019 1536 ed.
1048 1502 1138 1537 mai.
1157 1501 1211 1549 II,
1240 1505 1300 1540 15.
1322 1501 1384 1537 ed.
1404 1502 1495 1537 min.
1523 1501 1576 1546 Π,
1604 1503 1643 1539 4.

202 1569 241 1604 p.
266 1559 366 1605 m,
385 1558 422 1596 ¹1.
456 1555 647 1599 Debr.11,
690 1556 767 1600 40.]
825 1557 1008 1601 Quoniam
1029 1557 1196 1604 Lepidus
1227 1568 1325 1599 cum
1346 1558 1412 1602 iis,
1428 1558 1511 1604 qui
1536 1568 1643 1595 suam

203 1623 375 1650 caussam
405 1612 523 1649 secuti
550 1615 673 1655 erant,
707 1613 821 1649 rebus
853 1612 890 1648 in
910 1612 1017 1649 ltalia
1041 1614 1139 1649 male
1162 1613 1403 1658 cedentibus,
1432 1613 1642 1651 Sardiniam

205 1668 313 1705 simul
344 1672 381 1704 et
400 1668 591 1705 Corsicam
625 1673 898 1714 occupaverat,
928 1668 1129 1706 Sallustius
1146 1669 1315 1706 ,secundi
1346 1670 1430 1706 libri
1459 1671 1565 1708 initio
1595 1669 1642 1705 de

203 1716 314 1762 huius
334 1734 482 1772 quoque
503 1724 648 1760 insulae
669 1724 761 1768 situ,
789 1729 921 1760 natura
945 1729 982 1760 ot
1009 1725 1142 1762 incolis
1164 1726 1355 1762 disseruit.
1412 1726 1540 1763 Verba
1566 1727 1645 1762 lau·

203 1781 308 1817 davit
333 1781 548 1817 Priscianus
566 1779 636 1827 Vl,
662 1783 720 1824 15,
748 1782 809 1818 80.
836 1792 873 1827 p.
899 1782 980 1818 274.
989 1781 1075 1829 NKr
1131 1782 1189 1818 Ex
1209 1781 1345 1818 eodem
1367 1781 1536 1819 Sallustii
1557 1783 1642 1818 loco

204 1838 320 1873 multa
337 1836 544 1883 desumpsit
562 1807 729 1872 Isidorus
748 1836 846 1881 XIV,
865 1839 908 1881 6,
928 1840 985 1875 41.
1020 1838 1081 1873 ῙΠ.
1102 1850 1142 1884 p.
1166 1841 1249 1876 453.
1275 1838 1334 1873 ed.
1356 1838 1544 1882 Lindem„
1574 1837 1644 1879 sed

206 1894 276 1937 ita,
316 1897 356 1928 ut
387 1893 574 1928 nonnullis
601 1891 751 1938 quidem
778 1893 905 1928 verbis
936 1894 1099 1929 servatis
1130 1894 1308 1929 orationis
1342 1894 1496 1930 sormam
1519 1898 1643 1929 tamen

207 1949 435 1991 immutaret,
461 1947 500 1983 id
519 1947 621 1998 quod
637 1958 756 1993 supra
776 1948 849 1983 iam
870 1947 920 1983 ad
937 1949 999 1983 Fr.
1023 1949 1054 1983 Π
1067 1977 1076 1993 ,
1090 1953 1130 1986 2.
1160 1949 1459 1985 observavimus.
1520 1949 1643 1994 Quare

192 2001 346 2051 Isidori
370 2003 485 2044 verba
503 2043 508 2046 ,
527 2014 600 2038 non
631 2003 683 2037 ut'
709 2013 848 2041 novum
873 2002 1136 2050 Fragmentum
1168 2001 1381 2046 exhibenda
1417 2005 1643 2052 putavimus,

209 2057 523 2106 quemadmodum
541 2058 688 2104 priores
708 2057 872 2094 editores
894 2059 1061 2098 fecerunt
1085 2061 1143 2105 (v.
1165 2059 1263 2097 Cort.
1283 2063 1423 2107 p.·958.
1454 2061 1554 2103 Gerl.
1580 2061 1642 2098 ed.

209 2115 295 2151 mai.
323 2114 399 2150 Ine.
418 2115 530 2158 222),
553 2113 623 2150 sed
642 2112 691 2149 ad
705 2114 930 2161 explicanda
954 2119 990 2155 et
1004 2116 1223 2153 illustranda
1239 2128 1298 2162 ea,
1318 2127 1415 2163 quae
1428 2118 1644 2158 Priscianus

211 2170 341 2214 attulit,
364 2170 426 2205 hic
442 2165 695 2210 subiiciemus.
714 2174 716 2176 ’
733 2169 867 2218 Igitur:
895 2169 1099 2216 „Corsicae
1118 2172 1264 2211 insulae
1283 2172 1492 2219 exordium,
1512 2173 1642 2220 inquit,

211 2227 354 2262 incolae
376 2226 533 2272 Ligures
554 2225 747 2270 dederunt,
777 2226 1011 2273 appellantes
1031 2238 1114 2264 eam
1134 2239 1182 2265 ex
1200 2229 1350 2265 nomine
1371 2229 1491 2266 ducis.
1548 2230 1643 2266 Nam

212 2282 397 2329 quaedam
417 2281 532 2318 Corsa
558 2283 701 2318 nomme
715 2281 831 2329 Ligur
848 2283 990 2328 mulier,
1024 2295 1108 2320 cum
1137 2289 1285 2322 taurum
1312 2295 1363 2322 ex
1379 2293 1509 2333 φερε,
1537 2294 1644 2332 quem

204 2347 327 2385 prope
354 2338 473 2373 littora
492 2337 656 2384 reyebat,
684 2341 917 2375 transnatare
938 2340 1084 2381 solitum
1108 2345 1219 2388 atque
1246 2352 1314 2388 per
1334 2341 1530 2378 intervalla
1559 2353 1644 2377 cor-

210 2404 301 2441 pore
334 2399 442 2436 aucto
468 2403 633 2438 remeare
659 2392 825 2439 videret,
862 2397 1018 2442 cupiens
1044 2397 1140 2438 scire
1172 2397 1361 2444 incognita
1389 2396 1458 2434 sibi
1489 2398 1642 2444 pabula,

212 2455 355 2486 taurum
375 2460 397 2485 a
419 2449 553 2484 'ceteris
574 2447 841 2497 digredientem
862 2462 981 2497 usque
1007 2452 1058 2487 ad
1081 2452 1241 2491 insulam
1272 2453 1424 2500 navigio
1446 2457 1645 2500 prosecuta

212 2510 284 2541 est.
344 2504 457 2541 Cuius
480 2515 657 2551 regressu
694 2505 838 2542 insulae
869 2507 1088 2544 fertilitatem
1109 2513 1382 2556 cognoscentes
1399 2510 1556 2557 Ligures
1587 2520 1645 2545 ra-

213 2562 310 2598 tibus
336 2561 385 2597 ibi
406 2560 562 2607 profecti
591 2563 694 2604 sunt,
730 2571 887 2608 eamque
917 2563 1064 2598 nomine
1088 2565 1253 2600 mulieris
1286 2566 1447 2602 auctoris
1478 2570 1514 2601 et
1534 2564 1643 2601 ducis

213 2616 535 2672 appellaverunt}
584 2615 684 2651 Haec
705 2626 927 2663 quamquam
945 2630 1118 2666 magnam
1139 2621 1346 2667 argumenti
1365 2621 1643 2658 similitudinem

213 2672 362 2718 habent,
383 2676 505 2708 tamen
525 2682 599 2707 non
621 2676 780 2717 possunt
802 2672 839 2708 in
858 2684 972 2710 unum
993 2672 1166 2723 conflari,
1188 2675 1290 2726 quod
1309 2676 1534 2725 Debrossius
1558 2678 1645 2712 fecit

214 2727 277 2773 (ΙΙ,
305 2729 402 2773 40.),
433 2728 560 2764 verbis
585 2738 606 2763 a
632 2727 822 2764 Prisciano
860 2729 981 2765 allatis
1017 2730 1111 2766 haee
1135 2731 1268 2770 Isidori
1304 2738 1528 2768 annectens:
1563 2739 1646 2768 'cum

270 2793 437 2819 surusrt
470 2793 607 2817 maon.
848 2820 857 2821 ἶ
1341 2784 1369 2824 9
