1774 3002
164 143 248 184 206
568 123 570 125 ’
649 146 688 183 ο.
721 146 951 186 SALLUsrr
979 147 1130 186 caism

302 273 341 315 7.
394 269 524 315 Parte
549 276 809 331 consumpta
836 272 999 318 relicua
1018 273 1281 319 cadaverum
1305 272 1360 318 ad
1387 273 1607 319 diuturni-

160 354 292 398 tatem
318 367 429 398 usus
465 355 685 400 sallerent.

159 536 253 572 rium
275 536 441 583 Pompeii
466 536 582 582 fuisse
604 537 790 573 coniicere
816 537 928 572 iubet.
975 537 1014 572 In
1035 548 1074 572 re
1097 538 1236 574 incerta
1257 539 1462 584 putaverim
1486 539 1603 586 inglo-

160 593 254 628 rium
292 598 328 628 et
364 603 496 640 parunt
531 593 727 628 honestum
762 593 847 629 belii
880 592 1084 629 Sertoriani
1120 594 1250 640 finem,
1290 606 1362 641 quo
1401 596 1602 642 Pompeius

159 653 282 686 tamen
303 653 342 684 ut
362 648 669 696 splendidissimo
699 650 948 697 gloriabatur,
982 650 1159 687 Sallustio
1185 651 1266 687 eius
1290 652 1492 687 vanitatem
1514 663 1600 699 per-

156 705 364 753 stringendi
402 706 595 742 materiem
630 707 865 753 praebuisse.
913 707 1036 743 Possit
1065 711 1189 743 tamen
1223 709 1333 744 etiam
1369 709 1524 755 cogitari
1555 708 1602 744 de

157 761 311 798 Sertorii
333 763 482 807 litteris,
511 774 605 826 quas
623 764 838 811 Pompeius,
866 774 888 799 a
906 764 1095 811 Perperna
1118 765 1188 800 sibi
1213 765 1368 809 oblatas,
1397 776 1470 811 quo
1489 765 1600 801 animi

156 819 425 866 magnitudinis
448 819 613 866 speeiem
635 820 705 857 sibi
727 819 895 866 adderet,
912 831 986 857 non
1003 822 1118 858 lectas
1139 821 1543 884 combussit;9f.P1ut.
1563 822 1601 858 in

154 876 286 937 Pomp.
317 888 349 913 c.
372 880 431 921 20,
453 881 546 912 extr.
569 868 616 913 Ὁ
637 874 869 940 Περπέννας
886 876 967 914 τῶν
980 874 1208 943 Σερτωρίου
1227 870 1468 941 γραμμάτων
1488 889 1599 928 γεγο-

154 922 232 976 νὼς
246 924 406 995 κύριος
402 928 598 969 ἐδείκνυεν
617 925 820 978 ἐπιστολὰς
834 933 913 970 τῶν
928 929 970 971 έν
980 926 1105 997 Ῥώμῃ
1127 927 1410 972 δυνατωτάτων
1429 924 1600 998 ἀνδρῶν,

153 985 195 1024 οἳ
221 979 270 1025 τὰ
302 982 479 1052 παρόντα
512 988 672 1052 κινῆσαι
702 982 936 1052 βουλόμενοι
954 1002 1166 1055 πραγματα
1187 987 1254 1027 καὶ
1275 990 1527 1055 μεταστῆσοιιτ
1528 982 1602 1054 τὴν

152 1042 351 1082 πολιτείαν
391 1038 560 1083 ἕκαλουν
595 1037 664 1082 τὸν
687 1039 911 1111 Σερτώριον
943 1045 997 1092 εἰς
1024 1039 1201 1084 Ἰταλίαν.
1253 1043 1455 1097 Φοβηθεὶς
1479 1035 1553 1084 οὖν
1578 1059 1600 1084 o

152 1094 364 1164 Πομπήϊος
384 1102 525 1150 ταῦτα,
547 1093 602 1166 μὴ
619 1099 795 1150 μείζονας
810 1096 1017 1167 ἀναστήσῃ
1032 1103 1112 1140 τῶν
1128 1100 1389 1167 πεπαυμένων
1406 1099 1600 1151 πολέμων,

150 1149 221 1194 τόν
234 1169 274 1195 τε
288 1154 526 1222 Περπένναν
546 1151 677 1195 nivens
696 1171 764 1195 και
778 1152 847 1204 τὰς
862 1142 1065 1205 ἐπιστολὰς
1083 1151 1172 1197 οὐδ’
1193 1171 1392 1210 αναγνους
1406 1156 1597 1198 κατέκαυ-

151 1221 230 1251 σεν.
280 1214 334 1251 Ιᾶ.
356 1216 395 1251 in
415 1215 511 1252 Sert.
536 1227 570 1252 e.
591 1219 651 1255 27.
684 1206 764 1261 Τὰς
790 1211 885 1279 μὲνη
889 1208 1091 1261 ε’πιστολας
1119 1212 1270 1262 ἐκείνας
1300 1212 1367 1253 καὶ
1396 1229 1445 1252 τα
1471 1209 1598 1280 γράμ-

150 1282 253 1334 ματα
272 1270 343 1308 τοῦ
361 1268 584 1322 Σερτωρίου
603 1280 840 1336 συναγαγων
859 1283 1015 1309 απαντα
1033 1269 1273 1311 κατέκαυσεν
1294 1266 1382 1310 οὔτε
1387 1263 1600 1335 ἆναγνους

150 1338 239 1364 ουτε
261 1321 420 1373 ἕάσας“
398 1339 553 1392 ετερον·
578 1319 699 1365 αὐτὸν
715 1324 758 1365 δὲ
776 1322 845 1366 τὸν
865 1325 1102 1379 Περπένναν
1122 1321 1222 1367 κατὰ
1240 1341 1356 1379 ταχος
1375 1320 1504 1366 ἀνεῖλε
1524 1341 1597 1377 φο-

149 1380 290 1433 βηθεὶς
315 1376 392 1434 μὴ,
423 1384 502 1422 τῶν
534 1377 741 1433 ὀνομάτων
768 1381 1046 1435 ἐξενεχθέντων
1069 1379 1171 1436 πρός
1198 1398 1329 1434 τινας,
1367 1376 1599 1430 ἀποστάσεις

151 1436 218 1477 καὶ
237 1437 402 1491 ταραχαὶ
425 1437 626 1492 γένωνται.
668 1443 831 1489 Appian.
857 1443 896 1478 Β.
922 1442 1114 1487 C.1,115.

262 1499 323 1534 Fr.
352 1501 387 1538 7.
433 1498 549 1544 [Cort.
580 1510 616 1545 p.
638 1501 722 1537 963.
754 1500 852 1534 Gerl.
884 1499 944 1534 ed.
975 1500 1061 1535 mai.
1088 1499 1147 1544 111,
1171 1503 1227 1538 10.
1258 1499 1318 1535 ed.
1339 1499 1427 1535 min.
1457 1498 1517 1543 111,
1537 1501 1597 1537 86.

148 1565 188 1601 p.
207 1557 289 1601 223,
312 1557 371 1595 27.
399 1555 510 1591 Debr.
533 1555 575 1600 11,
597 1558 655 1594 93.
674 1555 737 1601 IV,
757 1553 830 1604 79.]
877 1556 1057 1592 Priscian.
1077 1556 1124 1601 X,
1143 1559 1177 1600 9,
1198 1559 1257 1595 57.
1286 1567 1324 1602 p.
1346 1558 1428 1594 514.
1447 1555 1512 1591 Kr.
1535 1554 1595 1591 Ad

150 1610 311 1647 eundem
342 1612 465 1647 locum
493 1612 659 1658 respexit
685 1615 796 1648 etiam
825 1612 1027 1649 Diomedes
1049 1624 1086 1660 p.
1108 1614 1190 1651 372.
1213 1612 1383 1658 Putsch.‚
1421 1611 1489 1648 sed
1515 1622 1594 1648 me—

149 1667 301 1703 moriter
320 1668 432 1704 valde
455 1669 636 1704 variatum
660 1668 713 1704 sie
739 1669 871 1704 refert:
902 1669 953 1704 ad
971 1669 1240 1705 diuturnitatem
1260 1678 1350 1705 usus
1368 1669 1510 1715 reliqua
1529 1678 1592 1703 ca-

148 1723 284 1760 davera
304 1725 460 1765 saltere;
489 1724 588 1760 unde
611 1729 711 1772 patet
730 1725 840 1761 etiam
862 1725 995 1761 salsum
1018 1736 1117 1769 esse,
1140 1725 1240 1772 quod
1260 1726 1376 1762 verba
1398 1735 1444 1759 ex
1462 1727 1593 1771 quarto

148 1780 241 1816 libro
262 1780 403 1827 iaudat.
448 1780 508 1817 Ad
530 1779 815 1828 calaguritanos
836 1781 930 1817 haec
952 1785 1124 1828 spectare
1151 1783 1351 1817 multorum
1371 1780 1592 1827 scriptorum

149 1837 359 1882 testimonio
381 1838 665 1884 comprobatum
697 1839 745 1873 es.
768 1838 896 1874 Valer.
918 1838 1020 1874 Max.
1042 1838 1121 1882 Vll,
1143 1840 1178 1881 6,
1198 1840 1235 1876 3.
1260 1841 1375 1874 exter.
1399 1837 1591 1883 Calaquri-

148 1895 243 1940 tani,
270 1905 341 1941 quo
353 1895 656 1942 perseverantius
682 1895 889 1941 interempti
906 1893 1064 1931 Sertorii
1080 1893 1261 1937 emer-ibus
1287 1893 1504 1930 obsidionem
1526 1892 1592 1929 Cn.

147 1949 312 1997 Pompeii
328 1950 557 1998 frustrantes
575 1951 685 1997 fidem
698 1954 950 1999 praestarent,
971 1951 1057 1998 quia
1076 1951 1213 1987 nullum
1233 1951 1306 1986 iam
1327 1949 1430 1986 aliud
1445 1950 1484 1985 in
1502 1948 1593 1985 urbe

146 2015 273 2043 eorum
307 2006 505 2055 supererat
530 2008 685 2052 animal,
721 2018 861 2044 uxores
887 2017 978 2044 suas
1002 2011 1178 2054 natosque
1211 2007 1262 2042 ad
1288 2015 1395 2042 usum
1421 2005 1594 2053 nefariae

147 2063 257 2110 dapis
288 2068 486 2100 verterunt.
534 2063 721 2112 Quoque
749 2065 930 2100 diutius
956 2067 1139 2100 armata
1165 2064 1380 2099 iuventus
1406 2063 1591 2098 viscera

147 2129 233 2156 sua
263 2120 534 2157 visceribus
561 2122 663 2158 suis
693 2122 860 2164 aleret,
902 2120 1130 2168 infelices>
1155 2119 1442 2155 cadaverum
1468 2117 1590 2154 reli—

146 2177 285 2223 quias
314 2177 466 2212 salire
492 2188 584 2213 non
612 2177 856 2214 dubitavit.
908 2176 1017 2214 Oros.
1049 2177 1095 2221 V,
1128 2178 1186 2214 23.
1223 2175 1427 2212 Civitatibus
1453 2174 1592 2211 eunctis

146 2233 242 2269 ultro
262 2243 309 2269 ae
337 2234 416 2269 sine
438 2244 543 2269 mora
570 2243 643 2280 per
664 2233 877 2270 deditionem
905 2234 1065 2279 receptis
1091 2233 1186 2268 duae
1207 2235 1346 2267 tantum
1372 2231 1591 2275 restiterunt,

145 2287 215 2326 hoc
241 2292 294 2326 est
329 2287 475 2325 Uxama
505 2293 540 2325 et
567 2289 780 2336 calaguris,
823 2300 981 2336 quarum
1017 2288 1199 2325 Uxamam
1231 2287 1424 2334 Pompeius
1456 2287 1591 2330 evertit,

75 2379 77 2382 ⁴
148 2344 359 2393 Calagurim
386 2345 570 2392 Afranius
595 2347 671 2392 iuyi
695 2345 878 2381 obsidione
905 2345 1108 2392 confectam
1138 2349 1278 2392 atque
1304 2344 1362 2379 ad
1386 2343 1590 2390 infames

147 2411 281 2439 escas
310 2402 589 2438 miseranda
624 2403 788 2448 inopia
822 2405 1033 2437 coactum
1061 2402 1185 2438 ultima
1212 2401 1324 2436 caede
1353 2399 1590 2445 incendioque

147 2459 287 2495 delevit.
328 2459 426 2494 Flor.
444 2458 504 2503 111,
522 2461 579 2502 22,
600 2460 636 2496 9.
669 2457 716 2493 In
740 2457 946 2494 Romanam
968 2458 1231 2504 fidem‘venere
1251 2456 1360 2492 urbes
1386 2455 1531 2492 Uxama
1555 2457 1591 2488 et

145 2515 341 2562 infame
362 2514 486 2551 nihil
503 2525 593 2551 non
612 2518 818 2560 eaeperta
842 2513 1105 2561 Calayuris.
1153 2513 1274 2551 Strab.
1295 2513 1352 2548 ΙΙΙ.
1373 2523 1411 2559 p.
1434 2514 1511 2550 161.
1530 2527 1587 2535 —

147 2570 290 2608 Sallere
313 2583 380 2618 pro
397 2572 510 2608 salire
528 2575 676 2607 veteres
699 2569 840 2606 dixisse
862 2571 1076 2607 Priscianus
1097 2571 1234 2617 pariter
1255 2573 1363 2615 atque
1384 2566 1584 2604 Diomedes

147 2628 186 2663 ΙΙ.
217 2628 254 2663 11.
285 2627 431 2664 idoneis
462 2628 642 2674 exemplis
671 2626 938 2663 demonstrant.
979 2646 1036 2651 —-
1075 2627 1199 2664 Obiter
1228 2635 1443 2667 monemus,
1484 2622 1585 2670 quod

148 2681 276 2720 Carrio
297 2684 391 2720 libro
411 2685 474 2727 IV,
497 2688 551 2723 11.
575 2683 692 2729 (Cort.
717 2694 755 2729 p.
774 2684 877 2726 981.)
905 2682 1055 2719 exhibet
1075 2683 1336 2730 Fragmentum
1356 2681 1497 2726 reliqua
1518 2689 1585 2714 ca-

144 2739 285 2777 dovera
314 2741 441 2786 salita,
480 2741 527 2776 de
548 2751 620 2787 quo
643 2739 861 2775 Gertaehius
884 2740 967 2774 Vol.
992 2740 1050 2775 ΙΙΙ.
1074 2751 1112 2786 p.
1134 2743 1211 2776 105.
1234 2735 1499 2774 incredibiliter
1519 2746 1585 2771 nu-
