1774 3002
489 113 816 185 nlsToRiARUM
847 144 1160 183 FRAGMENTA.
1219 143 1308 179 LIB.
1338 142 1397 178 ΙΙΙ.
1568 134 1647 179 271

345 274 430 318 79:
465 270 589 316 Unus
623 270 816 317 constitit
840 270 881 316 in
914 284 1027 331 agro
1053 269 1232 315 Lucano
1256 280 1427 327 gnarus
1459 264 1541 310 loci
1565 279 1652 310 no-

212 353 326 399 mine
357 354 579 414 Publipor.

348 442 418 483 80.
470 436 527 481 Et
556 435 711 481 eodem
732 438 928 494 tempore
951 433 1166 479 Lentulus
1194 431 1355 493 duplici
1388 431 1481 477 acie
1510 431 1654 476 locum

214 519 398 575 editum,
426 519 562 564 multo
593 518 811 579 sanguine
843 531 1025 563 suorum
1061 516 1312 571 defensum,
1341 518 1576 575 postquam
1598 528 1656 559 ex

213 655 310 693 cidit.
356 655 466 692 Oros.
487 655 533 701 V,
552 658 613 693 23.
630 663 634 666 ·
649 654 790 691 Deinde
810 655 976 691 consules
998 653 1132 690 Gellius
1151 658 1186 689 et
1203 653 1378 689 Lentulus
1398 652 1576 688 adversm
1595 660 1657 686 eos

213 714 287 756 (sc.
306 714 459 757 servos)
484 722 566 747 cum
597 712 763 748 exercitu
786 713 907 751 msssi,·
938 721 1094 758 quorum
1129 709 1267 747 Gellius
1295 709 1448 746 Crixum
1475 709 1657 744 acerrime

207 773 432 815 puynanlem
444 768 587 815 proelio
606 768 800 815 oppressit.
871 778 884 789 ·

326 825 387 860 Fr.
408 826 465 864 79.
499 823 613 870 [Cort.
632 835 671 871 p.
694 827 774 863 963.
807 823 907 860 Gerl.
928 822 988 858 cd.
1013 823 1101 858 mai.
1121 822 1178 867 111,
1199 826 1232 862 3.
1263 821 1322 857 ed.
1345 823 1433 858 min.
1456 821 1515 866 111,
1536 824 1594 861 70.
1615 832 1654 868 p.

213 885 296 926 220,
319 884 356 920 6.
378 881 487 919 Debr.
508 881 571 924 IV,
588 881 662 925 86.]
720 880 900 916 Priscian.
930 879 992 922 vl,
1008 881 1043 921 9,
1068 881 1128 917 48.
1157 890 1194 926 p.
1215 883 1298 917 251.
1327 879 1413 924 Kr.;
1449 878 1497 914 ad
1519 888 1656 914 nomen

214 937 392 984 Publipor
426 937 592 984 respexit
628 937 738 973 etiam
776 937 918 972 Probus
947 935 1077 971 Institt.
1099 946 1259 983 gramm.
1280 935 1323 979 11,
1350 938 1384 980 1,
1404 938 1464 973 34.
1524 934 1656 982 (Corp.

217 994 379 1030 Gramm.
409 995 475 1030 lat.
498 993 578 1030 Vol.
599 993 627 1029 Ι.
656 1005 694 1040 p.
726 996 806 1032 116.
836 991 1026 1035 Lindem.)
1081 991 1140 1027 Ex
1162 993 1276 1029 verbo
1296 993 1451 1028 constitit
1473 991 1654 1027 coniicias

214 1046 449 1096 Publiporem
479 1060 527 1085 ex
554 1050 670 1096 longa
701 1047 789 1096 iuga
816 1048 853 1084 in
873 1047 1073 1085 Lucaniam
1105 1047 1320 1084 devenisse.
1380 1047 1489 1093 Quod
1511 1049 1542 1084 si
1573 1048 1657 1095 quis

215 1110 300 1153 post
326 1102 424 1142 Crixi
447 1105 593 1142 cladem
614 1107 751 1141 sactum
771 1105 969 1152 putaverit,
1002 1115 1071 1140 nos
1101 1104 1251 1141 habebit
1279 1115 1352 1140 non
1376 1104 1655 1148 dissentientes,

213 1172 439 1210 quamquam
459 1173 528 1210 pro
549 1165 651 1199 certo
672 1161 858 1198 affirmare
876 1162 1003 1198 nolim.
1020 1162 1269 1208 —Perquam
1293 1162 1416 1208 inepte
1437 1160 1657 1198 Gerlachius

215 1219 303 1255 Vol.
324 1218 383 1255 111.
405 1229 444 1266 p.
464 1220 525 1258 84.
549 1218 596 1255 de
614 1218 813 1265 Publipore
846 1218 924 1264 „is,
952 1219 1088 1265 inquit,
1117 1218 1294 1265 reliquias
1319 1218 1560 1265 fugitivorum
1582 1218 1656 1254 col-

212 1275 331 1312 lectas
356 1277 460 1312 trans
490 1275 607 1322 Alpes
640 1273 778 1311 ducere
806 1275 975 1311 voluisse
1004 1275 1253 1320 existimatur,
1284 1274 1353 1311 sed
1380 1275 1418 1310 in
1437 1274 1655 1321 Pompeium

214 1341 262 1366 ex
279 1331 462 1378 Hispania
483 1330 700 1367 redeuntem
726 1330 866 1376 incidit,
887 1341 909 1366 a
932 1343 1004 1378 quo
1025 1341 1160 1367 caesus
1181 1333 1278 1367 est.“
1336 1330 1436 1367 Haec
1466 1330 1656 1377 quomodo

215 1388 318 1424 tertio
337 1387 432 1424 libro
454 1387 596 1423 narrari
619 1388 826 1434 potuerint,
856 1398 929 1434 quo
958 1388 1101 1434 primus
1133 1392 1169 1423 et
1198 1387 1387 1424 secundus
1411 1391 1549 1424 tantum
1570 1387 1656 1423 belli

216 1453 335 1480 annus
358 1443 585 1488 continetur,
621 1454 751 1488 nemo,
784 1443 846 1490 qui
876 1447 1115 1480 sanamente
1144 1447 1220 1490 est,
1249 1444 1439 1492 intelliget.
1499 1443 1577 1481 Sed
1596 1443 1657 1480 his

218 1499 365 1547 ineptiis
385 1510 460 1535 non
481 1503 675 1536 contentus
695 1499 807 1536 homo
832 1492 1046 1536 levissimus
1068 1503 1104 1535 et
1129 1511 1298 1547 prorsus>
1312 1501 1552 1548 nugatorius,
1582 1511 1656 1548 quo

217 1556 270 1592 rei
289 1555 398 1592 fictae
416 1557 583 1592 veritatis
603 1556 768 1603 speciem
798 1555 967 1602 adderet,
991 1556 1040 1592 ad
1060 1555 1251 1593 Ciceronis
1273 1557 1528 1594 anctoritatem
1546 1568 1602 1593 or.
1619 1557 1656 1593 in

216 1612 325 1649 Verr.
344 1612 390 1647 V.
407 1624 438 1649 e.
458 1616 503 1650 15
522 1616 558 1647 et
576 1615 635 1651 16.
654 1617 857 1659 provocat,
884 1623 929 1649 ac
958 1614 1117 1650 lectores
1143 1612 1193 1649 ad
1213 1625 1280 1651 eos
1302 1614 1524 1661 scriptorum
1549 1614 1654 1650 locos

216 1669 384 1715 remittit,
414 1679 509 1715 quos
537 1669 619 1716 ipse
649 1679 688 1716 p.
709 1671 769 1707 31.
801 1669 848 1705 de
879 1663 953 1705 fine
981 1670 1067 1706 belli
1097 1668 1281 1717 Spartacii
1316 1671 1487 1717 contulit,
1521 1671 1656 1718 quibus

217 1725 388 1761 omnibus
410 1734 486 1760 non
503 1726 626 1773 magis
648 1724 696 1761 de
715 1725 912 1773 Publipore
933 1724 1081 1771 dicitur,
1102 1737 1212 1773 quam
1231 1729 1268 1763 in
1279 1727 1404 1774 Ovidii
1425 1727 1591 1764 carmine
1607 1726 1656 1762 de

216 1785 294 1816 arte
313 1781 478 1817 amandi.

292 1883 297 1886 .
330 1837 391 1872 Fr.
413 1841 470 1876 80.
506 1836 618 1883 [Cort.
638 1849 675 1884 p.
697 1839 779 1876 979.
801 1838 901 1874 Gerl.
922 1838 984 1874 ed.
1002 1840 1088 1875 mai.
1109 1840 1167 1884 111,
1183 1843 1240 1879 37.
1263 1840 1323 1883 ed.
1346 1841 1432 1876 min.
1455 1839 1515 1883 ΙΙΙ,
1537 1842 1594 1878 78.
1616 1850 1654 1885 p.

217 1894 300 1937 223,
318 1895 374 1930 14.
402 1893 512 1929 Debr.
530 1893 594 1936 iv,
619 1894 693 1938 ll.]
753 1893 846 1929 Non.
860 1893 957 1938 XIV,
980 1898 1036 1932 11.
1056 1907 1094 1942 p.
1115 1898 1197 1941 538,
1217 1899 1277 1934 32.
1298 1896 1413 1932 Mete.
1431 1895 1552 1931 —El
1570 1899 1656 1930 ante

219 1948 342 1984 eodem
362 1948 400 1993 in
432 1948 598 1985 Sallustii
628 1947 715 1983 edd.
740 1949 821 1984 sine
858 1950 993 1986 idonea
1026 1962 1166 1987 caussa
1199 1952 1379 1988 omissum
1399 1957 1470 1988 est.
1498 1972 1556 1978 —
1582 1952 1655 1987 Pro

221 2003 366 2040 locum
385 2003 516 2040 editum
530 2005 569 2039 in
587 2004 696 2039 Nonii
713 2004 826 2040 codd.
849 2010 1021 2052 corrupte
1037 2007 1170 2054 legitur
1189 2008 1374 2056 lonyum
1395 2009 1539 2053 editum,
1555 2007 1656 2055 quod

221 2063 427 2095 correctum
446 2070 469 2096 a
486 2060 590 2095 Iunio
610 2063 646 2095 et
665 2060 848 2096 Mereero.
861 2061 1129 2109 —Defensum
1161 2074 1181 2098 e
1202 2065 1416 2101 coniectura
1434 2065 1655 2112 scripsimus

219 2123 288 2162 pro
307 2114 492 2163 defensas,
521 2114 623 2162 quod
642 2115 752 2153 Nonii
773 2116 886 2153 codd.
906 2122 1117 2155 constanter
1138 2124 1275 2157 tenent.
1330 2120 1371 2157 Id
1391 2121 1558 2159 Sallustii
1577 2120 1656 2157 edi-

223 2175 322 2207 tores
343 2181 473 2207 omnes
502 2182 634 2218 pamm
653 2174 893 2219 probabiliter
911 2178 1099 2212 mutarunt
1118 2175 1156 2211 in
1177 2176 1402 2225 defendens;
1425 2189 1511 2214 nam
1541 2188 1653 2225 quum

220 2226 399 2274 periodus
426 2238 559 2264 manca
587 2228 651 2272 sit,
678 2230 834 2277 propius
866 2230 1010 2267 accedit
1035 2232 1084 2268 ad
1102 2243 1233 2270 verum
1257 2235 1373 2270 locum
1392 2234 1523 2271 editam
1545 2235 1654 2271 simul

222 2292 306 2319 cum
324 2283 520 2330 participio
538 2284 618 2331 regi
633 2286 762 2332 verbo,
778 2285 879 2333 quod
899 2287 1043 2324 Nonius
1067 2287 1208 2325 addere
1231 2291 1407 2338 neglexit,
1432 2302 1542 2338 quam
1565 2292 1654 2327 sub-

221 2341 420 2377 stantivum
448 2350 533 2376 cum
560 2339 744 2378 adiectivo
772 2342 938 2389 pendere
964 2355 1011 2380 ex
1038 2343 1258 2393 defendens,
1289 2346 1390 2394 quod
1417 2348 1655 2384 coniecturae

221 2395 405 2431 editorum
425 2395 591 2432 debetur.
649 2397 771 2442 Quare
791 2403 974 2436 commate
992 2405 1081 2447 post
1100 2402 1233 2438 editum
1254 2403 1505 2440 distinximus.
1547 2404 1653 2449 Quae

221 2455 425 2499 sequuntur
444 2455 520 2488 tum
537 2462 560 2487 a
579 2452 774 2500 scriptura,
803 2458 879 2491 tum
903 2466 926 2491 a
945 2458 1128 2493 sententia
1147 2459 1374 2506 aliquantum
1394 2460 1531 2496 habent
1555 2460 1653 2496 diffi-

220 2509 379 2550 cultatis.
436 2507 530 2544 Nam
562 2518 657 2555 quae
683 2509 721 2544 in
747 2509 856 2547 Nonii
884 2511 995 2559 codd.
1022 2514 1194 2561 leguntur
1223 2517 1336 2553 verba
1363 2517 1500 2562 astari,
1527 2518 1654 2561 ostar-i,

220 2562 373 2610 hostat-i,
392 2562 539 2609 obstari,
561 2564 716 2618 obstare,
735 2570 909 2614 corrupta
935 2573 1023 2605 sunt
1042 2571 1186 2616 omnia,
1213 2571 1283 2607 sed
1308 2575 1410 2608 certa
1430 2572 1493 2609 via
1515 2572 1653 2609 ducunt

223 2618 272 2656 ad
292 2621 478 2667 oslenwri,
508 2619 609 2667 quod
628 2630 649 2655 e
672 2622 886 2659 coniectura
906 2625 1145 2672 scripsimus,
1174 2627 1314 2664 reiecto
1341 2628 1504 2665 absurdo
1532 2629 1653 2666 Coleri

222 2679 428 2712 commento
452 2674 597 2721 hausti,
621 2675 722 2723 quod
741 2679 874 2715 multas
892 2679 1058 2718 Sallustii
1087 2681 1176 2719 edd.
1214 2683 1369 2728 invasit,
1397 2685 1481 2720 aliis
1503 2685 1655 2721 adstare

221 2732 440 2768 tenentibus.
499 2731 635 2768 Verbis
663 2733 941 2772 obscurioribus
976 2740 1100 2773 autem
1133 2737 1206 2774 hoc
1245 2737 1448 2786 significari
1492 2739 1653 2786 videtur,
