1774 3002
118 137 232 170 XLIV
297 131 419 168 EDIT.
448 131 596 185 EPIST.
626 132 750 171 CRIT.
781 133 846 170 AD
879 132 991 171 ERN.
1018 133 1452 173 WUESTEMANNUM.

118 254 178 293 De
215 255 395 304 naphtha
429 265 618 303 quoque,
657 267 740 304 quo
775 268 880 297 usos
910 257 1016 297 'esse
1043 256 1433 306 Tigranocertorum
1473 258 1631 300 incolas

119 311 342 351 Sallustius
382 311 564 350 narravit
599 318 657 360 (v.
689 312 754 353 Fr.
786 315 854 363 lv,
890 313 952 353 13.
980 326 1021 365 p.
1052 313 1192 362 307.)‚
1231 313 1294 353 bis
1332 315 1476 364 posuit
1510 316 1632 366 Frag-

118 372 300 409 mentum
330 368 439 407 idem
471 369 539 417 lV,
572 367 638 408 83.
670 382 711 420 p.
738 369 834 419 230,
868 371 932 410 19.
964 376 1005 410 et
1025 373 1109 410 Inc.
1127 371 1194 409 77.
1224 382 1266 420 p.
1283 369 1464 420 239‚21.
1509 373 1632 413 Probi

117 425 373 475 grammatici
411 437 452 475 p.
489 424 607 464 1473.
645 426 689 465 Ρ.
722 431 762 466 et
785 427 1029 478 Hieronymi
1058 428 1110 466 ad
1138 427 1294 466 Daniel.
1331 438 1365 467 c.
1400 426 1439 467 3.
1478 428 1628 469 discre-

118 486 265 532 pantes
299 482 506 533 naphthae
544 482 840 532 explicationes
879 489 963 524 tam
999 496 1145 535 parum
1189 484 1296 523 inter
1335 495 1381 524 se
1413 485 1632 526 conciliare

117 540 284 588 valens,
323 544 392 588 ut,
426 550 552 588 quum
586 540 726 589 priore
762 542 856 581 loco
893 542 987 581 oleo
1023 546 1306 591 comparetur,
1339 542 1468 582 altero
1499 543 1632 583 fomes

119 596 292 635 dicatur.
323 619 377 624 ——-
406 595 640 654 Fragmenti
667 598 857 637 Vaticani
888 598 1059 638 extremi
1089 598 1173 646 (Fr.
1205 598 1280 646 Ill,
1312 598 1378 647 77,
1409 598 1498 645 20.)
1525 601 1633 640 lacu-

118 664 269 692 nosum
290 654 428 692 locum
460 664 586 702 quum
602 654 872 704 Kreyssigius
904 655 1059 706 optime
1089 655 1304 705 explesset
1340 655 1420 695 sic:
1450 661 1529 705 „et
1547 661 1633 696 tum

119 714 279 749 matura
306 712 347 749 in
377 713 491 758 ayris
520 714 638 749 erant
664 714 846 751 autumni
867 713 1118 760 frumenta,“
1150 722 1325 761 eamque
1352 711 1632 753 coniecturam

121 766 353 806 testimonio
383 765 705 817 Porphyrionis,
738 769 790 806 ad
815 767 913 808 Hor.
945 769 1050 819 Epp.
1078 768 1125 815 11,
1151 767 1194 816 1,
1230 767 1322 807 140.
1356 780 1408 820 ex
1439 768 1632 809 Sallustio

117 826 300 862 autumni
341 823 550 871 frumenta
604 822 836 873 afferentis,
889 825 1197 872 confirmasset,
1252 824 1493 865 Gerlachius
1544 837 1633 865 eam

119 880 470 928 emendationem,
515 883 562 918 ut
605 891 681 929 par
710 886 819 929 erat,
862 894 903 932 p.
937 881 1039 930 223,
1079 881 1142 920 10.
1179 880 1219 920 in
1258 885 1376 922 textu
1413 883 1633 933 expressit.

119 936 204 976 Sed
235 937 324 977 eius
354 937 414 976 rei
440 937 591 976 obiitus
621 938 921 989 Porphyrionis
951 941 1090 978 locum
1126 949 1270 977 rursus
1306 938 1347 978 in
1378 941 1461 979 Inc.
1491 939 1560 979 87.
1593 951 1632 990 p.

120 993 221 1042 240,
247 994 288 1032 4.
323 994 379 1033 ita
408 993 567 1042 retulit,
600 999 646 1032 ut
682 999 880 1044 appareat
909 1008 993 1035 non
1020 996 1156 1045 ipsum
1186 995 1298 1044 apud
1326 996 1485 1036 Horatii
1513 997 1636 1043 scho-

120 1050 279 1090 liastam
324 1050 498 1100 legisse,
555 1051 633 1089 sed
670 1062 722 1090 ex
764 1052 860 1091 edit.
895 1051 1257 1101 Lunaeburgensis
1293 1051 1633 1103 Fragmentorum

121 1106 342 1158 Spicilegio
379 1119 421 1158 p.
465 1106 558 1146 109.
598 1119 638 1146 n.
671 1107 734 1147 17.
780 1120 873 1148 eum
905 1108 1130 1159 arripuisse
1158 1107 1271 1148 falsis
1303 1108 1469 1158 quidem
1495 1121 1635 1149 nume·
1666 1137 1671 1143 ‚

119 1164 176 1204 ris
206 1168 407 1204 notatum.
466 1163 585 1203 Unde
613 1163 668 1203 illi
693 1165 863 1214 accidit,
893 1170 958 1215 ut,
992 1177 1118 1215 quum
1147 1164 1227 1204 iam
1253 1165 1349 1205 Vol.
1381 1167 1447 1206 ΙΙΙ.
1478 1178 1518 1216 p.
1542 1166 1635 1205 146.

119 1234 159 1260 n.
201 1220 298 1261 229.
341 1221 487 1260 eadem
522 1221 654 1260 verba
682 1221 787 1261 inter
823 1234 934 1262 nova
962 1222 1208 1272 Fragmenta
1237 1228 1495 1272 recenseret,
1536 1223 1635 1273 lepi-

121 1278 292 1318 dissima
319 1277 480 1317 insania
505 1278 608 1318 haec
640 1283 876 1319 annotaret:
908 1311 931 1329 ,‚
953 1281 1050 1320 Vide
1079 1291 1146 1329 ap.
1174 1279 1378 1331 Porphyr.
1407 1281 1460 1320 ad
1489 1281 1632 1320 Horat.

120 1337 195 1385 Ep.
226 1336 262 1383 I,
291 1335 358 1384 10,
384 1335 453 1374 40.
511 1336 594 1375 Sed
619 1337 675 1375 ibi
701 1337 800 1375 haee
829 1338 950 1376 verba
978 1348 1056 1376 non
1091 1339 1295 1375 exstant.“

233 1392 346 1431 Haec
370 1391 515 1441 habui,
543 1392 871 1432 Wuestemanne
901 1392 1076 1444 optime,
1124 1403 1231 1443 quae
1259 1391 1347 1432 Tibi
1373 1393 1424 1432 de
1458 1391 1630 1433 consilio

121 1461 170 1489 ac
200 1449 360 1488 ratione
386 1448 508 1488 huius
540 1448 731 1489 editionis
770 1451 975 1489 narranda
1013 1460 1239 1489 censerem.
1302 1451 1389 1499 Qua
1419 1449 1455 1489 si
1483 1449 1634 1489 iudica-

122 1506 231 1546 veris
260 1506 341 1546 hoc
368 1505 560 1545 effectum
586 1517 703 1555 esse,
741 1511 788 1546 ut
817 1507 931 1546 multi
963 1517 1147 1555 errores,
1179 1517 1203 1545 a
1233 1506 1441 1557 prioribus
1472 1505 1635 1546 editori-

120 1565 199 1603 bus
232 1562 462 1611 commissi,
499 1563 650 1603 sublati
680 1564 780 1612 sint,
815 1564 997 1604 auctoris
1027 1563 1158 1603 verba
1184 1563 1441 1604 emendatius
1482 1563 1634 1613 scripta

122 1632 174 1660 ac
217 1620 472 1671 probabilius
517 1620 742 1670 explicata,
785 1621 964 1671 denique
1004 1621 1129 1661 totius
1166 1620 1327 1671 operis,
1375 1620 1509 1670 qualis
1540 1620 1636 1659 olim

122 1677 218 1726 fuit,
256 1677 397 1727 paullo
430 1677 662 1717 accuratior
700 1677 835 1727 imago
863 1678 1062 1726 exhibita,
1092 1688 1246 1727 operae
1275 1688 1393 1716 meae
1413 1677 1453 1715 in
1486 1688 1536 1716 eo
1568 1688 1638 1715 ne-

122 1734 236 1785 gotio
268 1735 539 1784 exsequendo
563 1733 837 1783 positae-non
863 1746 927 1773 me
954 1733 1195 1784 poenitebit.
1254 1734 1345 1774 Non
1368 1745 1545 1784 possum
1567 1745 1635 1772 au-

121 1797 226 1840 tem,
271 1795 492 1840 antequam
536 1790 744 1830 scribendi
782 1791 906 1830 finem
943 1791 1108 1839 faciam,
1155 1790 1252 1841 quin
1283 1790 1369 1830 Tibi
1409 1789 1637 1840 significem

122 1849 244 1889 valde
274 1859 358 1897 me,
386 1849 483 1888 dum
512 1846 579 1886 hic
611 1847 714 1887 liber
744 1848 853 1898 typis
885 1848 1144 1896 exscribitur,
1176 1847 1406 1887 doctissimi
1431 1845 1638 1886 humanis-

123 1904 299 1955 simique
336 1904 415 1944 viri
454 1904 604 1944 auxilio
641 1915 738 1944 esse
775 1905 971 1944 adiutum.
1038 1906 1077 1944 Is
1117 1909 1182 1944 est
1221 1905 1376 1944 Beatus
1417 1903 1637 1950 Casselius‚

124 1966 270 2002 auctor
306 1961 512 2011 ingeniosi
556 1960 647 2000 libri
681 1962 733 2001 de
762 1963 1057 2013 Magyarorum
1088 1961 1419 2011 antiquitatibus,
1461 1971 1539 1999 nec
1569 1959 1638 1999 mi-

123 2031 202 2060 nus
226 2018 495 2070 plurimarum
525 2029 574 2057 ac
610 2019 917 2058 reconditarum
945 2018 1171 2058 litterarum
1199 2017 1393 2065 scientia,
1426 2027 1549 2066 quam
1579 2016 1638 2055 in·

123 2076 234 2126 genii
262 2076 451 2116 acumine
476 2074 741 2125 conspicuus,
775 2075 843 2125 qui
873 2087 956 2115 non
981 2076 1114 2115 solum
1134 2076 1356 2115 molestum
1382 2074 1637 2124 plagulamm

125 2145 150 2172 a
185 2133 347 2173 mendis
387 2131 698 2185 typographicis
735 2132 1045 2182 purgandarum
1084 2132 1268 2171 laborem
1296 2130 1464 2181 egregia
1497 2131 1637 2169 volun-

125 2194 209 2230 tate
239 2201 288 2228 ac
319 2189 529 2240 diligentia
552 2189 748 2238 suscepit,
776 2189 853 2228 sed
884 2189 1005 2227 etiam
1037 2189 1089 2227 de
1114 2188 1217 2228 locis
1239 2188 1397 2237 aliquot
1424 2187 1637 2227 obscurio-

125 2247 238 2287 ribus
267 2250 352 2286 tam
381 2247 572 2286 sollerter
595 2256 662 2283 me
695 2245 919 2291 admonuit,
949 2250 996 2284 ut
1025 2250 1067 2284 et
1095 2256 1160 2283 me
1189 2244 1324 2294 ipsum
1355 2243 1433 2283 sibi
1464 2243 1639 2284 obstrin-

124 2303 252 2352 xerit,
299 2308 341 2343 et
383 2304 586 2342 lectorum
632 2313 801 2351 quoque
847 2301 1019 2350 gratiam
1061 2301 1138 2341 sibi
1185 2311 1453 2351 comparasse
1498 2304 1640 2350 putan—

128 2361 206 2401 dus
235 2359 300 2400 sit.

239 2418 324 2456 Iam
354 2415 467 2465 vale,
495 2413 550 2454 mi
566 2415 905 2463 Wuestemanne,
934 2426 1084 2465 meque
1109 2411 1248 2454 amare
1277 2424 1419 2464 perge.

246 2533 462 2571 Scribebam
482 2531 619 2568 Erfurti
648 2529 770 2579 pridie
802 2531 928 2567 Nonas
955 2531 1187 2568 Novembres
1218 2527 1466 2566 MDCCCLIII.
