1774 3002
125 136 153 178 8
543 182 545 184 k
618 136 655 172 c,
687 133 918 173 SALLUSTI
951 134 1103 173 clusin

127 262 243 328 picio
271 264 314 307 et
342 261 396 307 M.
426 260 632 306 Marcello
650 260 942 316 ''consulibus‚
974 261 1091 306 omni
1119 259 1260 306 Gallia
1285 260 1348 305 cis
1380 258 1581 305 Rhenum

130 347 262 406 atque
291 344 403 389 inter
423 360 542 390 mare
570 347 770 390 nostrum
801 347 932 406 atque
957 343 1194 400 Oceanum,
1225 343 1307 389 nisi
1327 358 1416 404 qua
1445 357 1472 387 a
1496 357 1584 402 pa-

130 429 306 475 ludibus
343 427 463 473 invia
502 428 606 483 fuit,
646 428 905 487 perdomita.
964 427 1167 490 Optumis
1209 429 1356 473 autem
1385 425 1581 472 moribus

132 596 247 643 stius,
279 595 418 642 inquit,
448 594 485 640 in
506 594 626 640 primo
648 595 835 632 Historiae
858 606 950 632 suae
973 597 1066 632 libro
1094 598 1235 641 atque
1265 594 1311 629 in
1337 593 1448 640 ipso
1477 594 1584 630 eius

132 652 334 689 exordi⁰
365 652 521 694 fatetur,
556 651 667 687 etiam
696 656 803 697 tunc,
837 664 950 699 quum
980 652 1029 688 ad
1059 652 1236 698 consules
1266 661 1289 686 a
1308 650 1461 697 regibus
1483 654 1586 687 esset
1622 653 1626 656 ’

131 710 311 746 translata
331 707 558 755 respublica,
585 712 671 754 post
690 720 850 755 parvum
870 710 1107 746 intervallum
1127 709 1283 744 iniuria-s
1305 706 1530 743 validiorum
1548 711 1586 743 et

132 769 179 803 ob
201 777 266 802 eas
290 764 566 802 discessionem
584 765 706 810 plebis
727 776 749 801 a
768 766 936 812 patribus
960 766 1128 812 aliasque
1151 765 1302 811 inssurbe
1323 763 1584 800 dissensiones

131 823 262 859 fuisse.
286 814 290 817 ’
321 822 416 858 Nam
440 831 551 868 quum
582 823 725 867 optimis
746 822 909 859 moribus·
925 827 960 859 et
989 823 1154 858 maa-ima
1184 820 1382 857 concordia
1403 821 1585 868 populum

130 880 340 916 Romanum
359 879 455 914 inter
474 878 676 914 secundum
698 883 732 915 et
742 882 973 926 postremum
999 879 1128 916 bellum
1158 877 1459 925 Carthaqiniense
1486 888 1588 914 com·

130 939 378 972 memorasset
397 936 524 982 eyisse,
546 946 794 982 caussamque
811 936 924 972 huius
937 937 1024 972 boni
1047 947 1121 972 non
1136 945 1303 971 amorem
1319 934 1493 979 iustitiae,
1516 935 1586 972 sed

131 996 254 1030 stante
276 991 501 1038 Carthagine
531 995 669 1027 metum
700 993 807 1039 pacis
834 993 971 1028 infidae
994 994 1111 1029 fuisse
1135 992 1312 1035 dixisset,
1332 1011 1391 1017 —
1409 993 1585 1038 continuo

133 1049 291 1100 subiecit
311 1048 412 1084 idem
433 1047 632 1085 Sallustius
656 1049 705 1085 At
723 1049 942 1085 ἀιζςαὶνάίαιι
964 1054 1034 1085 etc.
1067 1051 1113 1085 ct.
1136 1048 1250 1084 eund.
1275 1048 1323 1083 ib.
1346 1047 1414 1092 111,
1440 1051 1507 1096 21,
1534 1049 1583 1084 in.

132 1106 199 1142 His
219 1105 439 1142 testimoniis
457 1105 550 1140 inter
573 1115 614 1140 se
632 1106 776 1142 collatis
793 1117 868 1141 non
890 1110 947 1142 est
964 1106 1128 1150 dubium,
1152 1106 1240 1152 quin
1261 1103 1481 1141 Gerlachius
1501 1116 1585 1151 per-

131 1174 262 1210 peram
283 1162 477 1209 scripserit
495 1161 568 1197 nisi
594 1172 714 1209 quae
733 1174 757 1198 a
779 1163 982 1210 paludibus
1008 1163 1104 1211 fuit
1121 1163 1274 1202 invia3
1302 1161 1461 1208 primum
1486 1163 1583 1198 enlm

134 1231 270 1256 sensus
292 1218 451 1254 efficitur
479 1218 592 1254 valde
624 1219 907 1268 incommodus,
947 1231 1060 1267 quum
1081 1220 1279 1255 relativum
1298 1221 1409 1260 lolam
1429 1218 1585 1262 Galliam

133 1277 416 1324 complectatur,
438 1275 545 1311 cuius
566 1276 822 1312 tantummodo
833 1286 933 1324 pars
953 1277 1107 1324 intelligi
1129 1276 1264 1321 debet;
1287 1279 1364 1311 tum
1387 1275 1470 1322 ipsa
1495 1276 1586 1312 scri-

132 1337 265 1381 pturae
297 1332 499 1368 diversitas
529 1332 714 1377 ostendit,
744 1344 818 1380 qua
847 1344 870 1369 a
891 1333 1067 1370 Sallustio
1097 1334 1307 1380 profectum
1333 1342 1432 1368 esse.
1491 1332 1585 1368 Nam

133 1389 235 1437 quod
250 1390 378 1437 plures
394 1388 505 1425 Nonii
525 1389 639 1425 codd.
657 1394 782 1426 tenent
799 1401 889 1438 qua
902 1391 984 1437 pal.
1000 1390 1075 1438 fuit
1093 1394 1156 1426 aut
1173 1401 1246 1438 qua
1259 1388 1486 1437 fuitpalud„
1507 1390 1587 1437 qui·

133 1447 192 1483 vis
213 1447 318 1483 videt
336 1457 409 1494 qua
427 1457 502 1481 non
522 1456 569 1481 ex
587 1457 683 1494 quae
702 1458 746 1492 α,
778 1446 848 1483 sed
868 1457 918 1483 ex
936 1458 1010 1494 qua
1030 1459 1054 1483 a
1075 1451 1195 1483 ortum
1215 1456 1320 1491 esse,
1345 1456 1371 1481 a
1392 1447 1585 1493 praeposi-

135 1504 234 1540 tione
254 1504 318 1539 vel
333 1514 426 1539 casu
444 1504 635 1550 absorpta,
659 1504 719 1539 vel
739 1502 787 1540 de
805 1503 988 1540 industria
1008 1505 1054 1540 ab
1075 1503 1121 1540 iis
1142 1502 1296 1547 omissa,
1327 1502 1390 1549 qui
1405 1504 1488 1539 eius
1507 1503 1584 1539 vim

134 1571 208 1597 non
230 1552 421 1607 caperent.
461 1559 547 1595 Alio
569 1560 681 1595 modo
701 1565 897 1607 peecatum
919 1565 976 1596 est
997 1572 1018 1596 a
1040 1561 1173 1607 scribis
1196 1561 1233 1596 in
1256 1559 1438 1595 Victorini
1459 1559 1585 1604 codd.{

135 1617 197 1664 qui
219 1617 255 1653 in
276 1627 350 1664 qua
373 1616 555 1663 particula
581 1615 717 1653 offensi
739 1617 820 1653 eius
842 1618 925 1653 loeo
949 1627 1044 1664 quae
1066 1620 1292 1664 posuerunt,
1323 1627 1347 1652 α
1366 1616 1513 1653 facilius
1534 1617 1586 1651 se-

134 1678 274 1710 rentes.
335 1672 578 1720 significatur
608 1677 730 1709 autem
751 1673 822 1710 hac
854 1675 1135 1720 praepositione
1161 1674 1282 1721 oriqo,
1310 1672 1408 1709 unde
1431 1673 1589 1720 fluxerit

133 1730 191 1775 id,
225 1729 326 1777 quod
345 1728 521 1765 effectum
543 1729 689 1774 dicitur,
718 1730 903 1766 sententia
922 1732 1089 1778 paullum
1110 1730 1282 1774 diversa,
1304 1729 1336 1766 si
1359 1730 1462 1766 solus
1484 1730 1586 1766 abla-

136 1787 234 1824 tivus
258 1786 428 1834 ponitur,
461 1797 533 1833 quo
556 1786 767 1823 declaratur
788 1786 847 1835 id,
870 1797 947 1834 per
966 1787 1065 1834 quod
1082 1786 1224 1833 aliquid
1244 1785 1425 1832 efficitur3
1445 1787 1495 1822 cs.
1521 1797 1586 1822 an-

137 1847 262 1880 notata
282 1843 332 1879 ad
346 1843 426 1890 lug.
448 1853 482 1878 c.
497 1842 632 1888 XXXI,
654 1846 688 1882 3.
706 1847 742 1887 et
756 1843 880 1879 Hand.
901 1843 949 1880 de
965 1844 1121 1880 Partice.
1139 1844 1233 1879 Latt.
1248 1843 1335 1879 Vol.
1351 1843 1381 1879 1.
1400 1854 1439 1889 p.
1457 1845 1517 1882 29.
1530 1862 1586 1868 ——

135 1901 190 1937 De
206 1899 485 1949 qua-particula
508 1910 544 1935 v.
563 1899 613 1935 ad
633 1900 715 1948 lug.
738 1911 771 1936 c.
791 1900 933 1945 XVIII,
961 1903 997 1938 2.
1017 1912 1056 1947 p.
1079 1903 1160 1938 108.
1189 1900 1251 1936 Fr.
1272 1898 1333 1944 111,
1354 1902 1412 1937 55.
1442 1900 1502 1945 111,
1524 1901 1584 1948 78,

136 1961 194 1996 15.
213 1977 269 1983 —-
318 1957 420 2003 Fuit,
452 1956 553 2004 quod
583 1957 685 2004 apud
703 1957 938 2001 Victorinum
959 1961 1043 1993 ante
1063 1958 1184 2003 invia,
1213 1957 1252 1993 in
1276 1956 1440 2004 vulgatis
1461 1960 1585 1992 autem
1603 1996 1607 1999 ‚

136 2014 245 2050 Nonii
267 2013 543 2060 exemplaribus
574 2018 658 2049 ante
679 2013 880 2061 paludibus
905 2014 1060 2062 legitur,
1091 2014 1308 2050 auctoritate
1329 2012 1472 2050 codicis
1493 2013 1585 2050 anti-

136 2070 306 2118 quissimi
326 2070 374 2105 A.
399 2074 486 2116 post
513 2071 611 2107 invia
631 2071 918 2115 collocavaus,
951 2082 1063 2118 quem
1083 2070 1256 2107 ordinem
1276 2070 1387 2106 etlam
1407 2069 1522 2106 codd.
1545 2082 1582 2108 α.

136 2124 171 2164 δ.
191 2126 430 2174 confirmant,
461 2127 548 2163 licet
573 2126 690 2174 fuerit
712 2126 925 2164 exhibeant.
984 2127 1172 2174 Receptus
1192 2131 1313 2163 autem
1342 2137 1365 2162 a
1385 2126 1581 2163 Gerlachio

134 2185 337 2220 verborum
365 2182 459 2218 ordo
484 2194 559 2219 non
590 2185 710 2220 solum
739 2184 879 2220 idonea
898 2183 1070 2220 codicum
1093 2183 1168 2235 fide
1190 2183 1386 2229 destitutus
1408 2187 1484 2229 est,
1514 2183 1585 2220 sed

136 2241 248 2277 etiam
281 2250 476 2275 numerum
506 2250 627 2286 aeque
655 2251 699 2276 ac
730 2251 863 2276 sonum
890 2240 1075 2287 ingratum
1104 2240 1228 2277 habet.
1251 2260 1301 2267 —-
1347 2239 1584 2288 Respublica,

137 2296 240 2345 quod
258 2296 475 2332 Victorinus
503 2299 625 2342 tenet,
652 2300 856 2344 praeeunte
876 2297 1038 2335 Linkero
1060 2296 1107 2332 de
1129 2296 1219 2334 Sall.
1239 2297 1332 2333 Hist.
1354 2296 1526 2333 Prooem.
1543 2308 1582 2344 p.

134 2357 208 2400 40„
237 2352 425 2390 edidimus
446 2363 515 2400 pro
526 2354 691 2401 populus
710 2353 913 2400 Romanus,
933 2353 1247 2400 quemadmodum
1268 2365 1398 2391 omnes
1418 2353 1582 2390 editores

137 2421 187 2447 ex
200 2409 413 2458 Augustino
431 2409 477 2454 ΙΙ,
501 2412 558 2448 18.
580 2410 686 2455 (nam
706 2410 768 2461 III,
788 2414 846 2448 21.
866 2409 978 2446 habet
994 2409 1199 2455 Romanos)
1219 2411 1462 2457 scripserunt.
1493 2409 1583 2445 Cor-

137 2467 283 2515 ruptela
303 2470 384 2503 orta
405 2477 452 2502 ex
480 2467 647 2503 confusis
669 2465 857 2503 scribendi
877 2466 1112 2514 compendiis
1138 2466 1245 2503 R.·P.
1265 2471 1301 2504 et
1318 2468 1362 2503 P.
1381 2466 1449 2515 R„
1480 2466 1583 2513 quod

138 2525 291 2572 saepius
323 2524 459 2561 sactum
489 2534 575 2560 esse
602 2522 834 2560 ostendimus
866 2523 915 2560 ad
934 2523 1014 2571 Iug.
1033 2522 1155 2569 XXX,
1186 2526 1220 2562 3.
1240 2535 1277 2571 p.
1301 2525 1386 2567 171..
1403 2542 1459 2549 —
1488 2523 1583 2559 Res

137 2581 309 2619 Romana
330 2581 355 2617 i.
376 2591 410 2627 q.
431 2581 577 2621 civitas;
605 2591 643 2617 v.
670 2580 720 2617 ad
739 2579 843 2617 Catil.
861 2579 926 2624 VI,
952 2582 987 2618 3.
1006 2591 1042 2628 p.
1064 2584 1123 2619 32.
1142 2600 1199 2608 -—
1229 2580 1378 2618 servm
1397 2578 1596 2627 ns'ulpt'ae.·t‘u.‹tv

138 2642 176 2675 et
191 2637 246 2675 M.
267 2637 471 2675 Marcellus
490 2638 666 2675 consules
692 2637 839 2674 fuerunt
862 2647 960 2674 anno
981 2648 1015 2673 a.
1037 2636 1122 2675 Chr.
1143 2648 1182 2674 n.
1202 2641 1278 2684 51.›‚
1306 2647 1419 2684 quum
1441 2634 1581 2673 Caesar

137 2695 237 2732 bello
262 2695 337 2732 iam
366 2696 405 2731 in
426 2697 601 2740 octavum
623 2705 759 2731 annum
783 2697 899 2730 tracto
918 2697 1033 2730 totam
1053 2695 1130 2730 sere
1152 2695 1307 2731 Galliam
1326 2693 1580 2730 Romanorum

139 2752 297 2800 imperio
318 2752 488 2789 subiecit.
506 2772 558 2779 —
587 2750 699 2789 Mare
716 2754 883 2789 nostrum
903 2751 927 2787 i.
949 2762 984 2787 e.
1003 2751 1317 2788 mediterraneum
1329 2760 1340 2795 ;
1371 2760 1406 2786 v.
1431 2749 1480 2786 ad
1500 2749 1580 2797 lug.
