1774 3002
161 157 217 198 92
637 159 678 197 C.
715 157 948 198 SALLUSTI
977 157 1130 198 CRISPI
1186 172 1192 175 ·

297 289 365 330 61.
391 284 610 330 .Ττειάἰίυι“
637 285 790 345 fugam
820 283 865 329 in
891 281 1055 330 Oceani
1084 283 1328 345 longinqua
1352 283 1610 345 agitavisse,

160 368 286 414 cuius
321 369 432 414 duas
465 367 634 413 insulas
667 368 939 429 propinquas
976 367 1089 413 inter
1127 383 1178 413 se
1215 369 1260 413 et
1289 367 1442 415 decem
1477 368 1611 414 millia

162 503 273 563 plane
297 500 455 536 illustrat
474 500 694 536 Plutarchus
724 502 759 537 in
783 500 948 538 Sertorio
970 512 1003 537 c.
1029 502 1071 547 7,
1093 500 1191 536 med.
1208 492 1367 544 ’Ἀννιος
1392 496 1435 537 δὲ
1456 489 1540 563 μετ’
1563 493 1610 538 οὗ

160 549 262 594 πολυ
276 556 410 607 παρῆν
426 553 544 593 ναυσί
553 568 593 594 τε
607 556 769 602 πολλαῖς
784 570 852 594 και
866 546 1188 605 πεντακιςχιλίοις
1210 547 1405 605 ὁπλίταις,
1434 549 1532 607 πρὸς
1561 547 1611 594 ὃν
1654 590 1659 591 ⁷

162 610 383 677 ἐπεχείρησε
406 607 478 661 μὲν
496 611 810 677 διαναυμαχεῖν,
851 611 1039 663 καίπερ
1076 608 1324 675 ἐλαφροῖς
1365 609 1452 650 καὶ
1490 604 1612 677 πρὸς

162 664 310 720 τάχος
332 681 386 706 ου
418 662 542 732 πρὸς
575 660 736 719 ἆλκὴν
767 665 1162 731 πεποιημένοις
1177 661 1397 717 σκάφεσι
1424 663 1610 733 χρώμε-

163 739 258 771 νος.
318 719 488 778 Ζεφύρῳ
514 721 558 762 δὲ
576 725 754 791 λαμπρῷ
756 725 827 763 τοῦ
841 721 1037 790 πελάγους
1052 716 1313 777 ἀνισταμένου
1337 722 1405 763 καὶ
1419 718 1469 763 τὰ
1483 718 1610 763 πολλα

161 783 240 820 τῶν
252 781 322 819 τοῦ
335 779 577 848 Σερτωρίου
573 775 754 819 πλοίων“’
734 774 813 820 υπὸ
829 776 1072 846 κουφότητος
1085 779 1233 831 πλαγία
1242 781 1327 826 ταῖς
1341 778 1492 832 ραχίαις
1501 794 1611 833 περι-

162 833 393 890 βάλλοντος,
425 830 544 883 αὐτὸς
558 832 707 889 ὀλίγαις
723 835 867 876 ναυσιν
891 860 941 866 -
969 830 1118 888 ἡμέρας
1133 834 1229 875 δέκα
1243 833 1438 884 ἐπιπόνως
1454 836 1611 889 διεκαρ-

160 892 329 947 τέρησεν.
389 896 546 932 Temere
584 896 694 944 igilur
722 897 947 933 Debrossius
988 899 1024 930 et
1053 900 1184 931 contra
1215 895 1320 932 Gellii
1350 896 1612 940 testimonium,

163 965 236 1001 quo
249 954 369 1000 primi
388 953 467 989 libri
490 952 587 988 haec
611 953 729 989 fuisse
752 953 945 997 dicuntur,
969 954 1086 989 verba
1110 952 1147 987 in
1168 953 1312 988 tertium
1331 952 1537 996 transtulit,
1568 963 1613 988 ac

163 1010 210 1046 de
236 1009 391 1057 perditis
412 1008 632 1045 Mithridatis
658 1010 829 1054 navibus,
847 1009 935 1045 dum
958 1008 1136 1055 Cyzicum
1159 1008 1317 1052 obsidet,
1341 1009 1614 1055 interpretatur,

163 1067 263 1114 quod
283 1077 423 1103 vanum
444 1065 621 1101 iudicium
644 1065 862 1102 Gerlachius
888 1065 971 1100 Vol.
988 1065 1047 1105 111.
1067 1077 1104 1111 p.
1127 1066 1184 1102 74.
1210 1065 1368 1111 repetiit,
1390 1065 1500 1101 simul
1521 1065 1617 1101 aliae

164 1124 211 1160 de
231 1123 395 1167 navibus,
417 1133 491 1157 non
514 1122 561 1158 de
580 1122 751 1169 scaphis,
775 1126 814 1158 ut
837 1121 976 1158 Gellius
1000 1133 1042 1157 ac
1062 1121 1206 1157 Nonius
1229 1121 1390 1166 tradunt,
1408 1122 1616 1169 intelligen-

164 1180 252 1219 dum
292 1191 379 1216 esse
419 1179 665 1215 contendens.
725 1179 830 1215 Idem
849 1178 885 1214 in
906 1177 968 1213 ed.
991 1178 1081 1213 min.
1105 1178 1372 1224 Fragmentum
1404 1178 1542 1214 rectius
1566 1177 1617 1214 ad

162 1237 323 1285 primum
363 1236 495 1275 librum
536 1240 571 1271 et
611 1235 661 1271 ad
693 1235 846 1272 Sertorii
886 1247 948 1272 res
974 1235 1115 1278 retulit,
1157 1234 1225 1269 sed
1244 1235 1342 1270 falso
1368 1234 1416 1270 de
1435 1234 1547 1271 huius
1568 1245 1616 1270 ex

164 1292 396 1330 Mauretania
423 1292 459 1327 in
483 1293 712 1328 Lusitaniam
736 1293 858 1329 reditu
880 1293 1035 1340 capiens
1057 1291 1180 1326 multis
1203 1291 1437 1338 Fragmentis
1462 1295 1616 1338 postpo-

165 1352 257 1394 suit,
283 1360 379 1396 quae
402 1348 452 1384 ad
473 1360 535 1385 res
559 1350 682 1387 serius
703 1356 831 1396 gestas
851 1350 1050 1397 pertinent.
1072 1365 1130 1372 -—
1152 1346 1406 1384 Incertum
1440 1357 1532 1384 onus
1561 1352 1617 1383 est

164 1406 266 1454 quod
284 1417 360 1442 non
381 1410 483 1442 certo
498 1407 581 1442 loco
602 1407 709 1452 quasi
731 1405 845 1443 fixum
860 1407 1124 1451 immotumque
1143 1408 1285 1449 manet,
1310 1404 1380 1440 sed
1399 1404 1514 1440 modo
1543 1404 1618 1440 huc

164 1463 279 1499 modo
300 1463 387 1499 illuc
407 1467 580 1498 movetur
601 1464 667 1507 (cf.
685 1462 714 1498 F
716 1474 745 1507 ιζ.
769 1464 815 1498 ΙΙΙ
831 1492 839 1508 ,
861 1463 953 1507 24),
977 1472 1087 1509 quem
1111 1472 1264 1497 sensum
1285 1461 1481 1507 sequentia
1501 1462 1619 1497 verba

164 1520 375 1556 accuratius
421 1519 625 1555 declarant.
692 1518 810 1563 Quum
835 1540 891 1544 —
923 1521 1127 1567 agitaverat
1167 1516 1386 1554 Gerlachius
1432 1529 1480 1553 ex
1514 1528 1617 1553 more

159 1579 313 1624 priscae
332 1576 482 1623 linguae
505 1576 644 1611 dictum
669 1581 831 1623 censet‚-
849 1577 946 1612 sacili
975 1586 1066 1612 sane
1088 1585 1204 1621 opera
1224 1574 1438 1622 explicandi
1469 1575 1619 1621 negotio

165 1634 377 1669 defunctus.
438 1632 634 1668 Indieativi
662 1643 710 1667 ex
745 1644 857 1679 quum
890 1633 1073 1679 particula
1101 1631 1300 1677 pendentis
1322 1632 1399 1667 vim
1418 1631 1620 1667 illustravi-

163 1701 247 1726 mus
267 1689 317 1725 ad
337 1690 417 1736 lug.
436 1700 468 1724 c.
494 1688 573 1734 cll,
596 1692 629 1726 5.
650 1700 688 1735 p.
708 1691 792 1727 547.
833 1690 881 1725 cf.
906 1689 1068 1725 Gramm.
1105 1688 1169 1723 lat.
1206 1691 1322 1723 nostr.
1352 1690 1386 1729 S.
1421 1689 1502 1732 147,
1526 1689 1560 1724 4.
1584 1688 1621 1723 b.

166 1746 249 1782 Not.
271 1750 314 1790 2,
336 1757 372 1782 c.
392 1756 430 1791 p.
457 1747 539 1783 509.

278 1803 340 1838 Fr.
360 1804 418 1840 61.
471 1801 587 1847 [Cort.
626 1812 663 1848 p.
695 1804 787 1839 1008
819 1805 856 1836 et
882 1803 964 1839 998.
1007 1800 1114 1837 Gerl.
1139 1798 1201 1834 ed.
1227 1798 1314 1834 mai.
1343 1800 1418 1836 Ine.
1443 1801 1510 1838 135
1530 1803 1566 1835 et
1583 1803 1620 1837 2.

165 1858 227 1895 ed.
241 1859 337 1896 -min,
359 1859 396 1903 Ι,
418 1860 465 1896 86
485 1862 522 1894 et
540 1860 599 1897 87.
620 1869 658 1905 p.
681 1860 767 1902 196,
789 1861 855 1896 24.
878 1857 990 1893 Debr.
1013 1857 1064 1901 II,
1088 1856 1162 1900 12]
1221 1856 1387 1891 Priorem
1408 1856 1620 1902 Fragmenti

164 1920 309 1963 partem
331 1914 510 1960 (traditur
527 1934 583 1941 -—-
606 1915 820 1962 ayitavssse)
843 1914 1000 1951 Servius
1021 1912 1134 1949 habet
1152 1912 1203 1948 ad
1221 1912 1328 1959 Virg.
1349 1912 1446 1948 Aen.
1469 1911 1520 1954 H,
1539 1914 1621 1950 640.

165 1977 202 2008 et
219 1973 348 2020 paullo
368 1971 523 2007 liberius
545 1970 723 2007 mutatam
742 1970 844 2007 Acro
870 1970 920 2006 ad
944 1970 1071 2006 Horat.
1086 1968 1208 2015 Epod.
1231 1971 1296 2012 16,
1315 1970 1385 2013 42;
1409 1968 1552 2004 relicua
1571 1969 1622 2004 le-

166 2035 302 2077 guntur
325 2027 427 2075 apud
446 2027 607 2063 Nonium
629 2027 702 2072 IX,
724 2039 761 2074 p.
778 2030 867 2072 495,
885 2030 945 2066 33.
969 2023 1097 2070 Mero„
1119 2028 1292 2071 corrupte
1314 2025 1376 2060 vel
1394 2028 1540 2072 quarto,
1561 2025 1624 2062 vel

165 2097 282 2131 nono,
308 2086 368 2122 vel
387 2084 578 2120 undecimo
600 2085 697 2120 libro
721 2085 908 2120 attributa.
939 2084 1138 2129 Utriusque
1162 2082 1233 2118 loci
1255 2082 1371 2118 verba
1391 2081 1624 2126 cohaesisse,

166 2142 270 2189 quod
294 2142 439 2187 primus
455 2140 686 2177 Debrossius
708 2140 823 2185 vidit,
842 2140 911 2176 sed
933 2141 1092 2182 frustra,
1114 2139 1154 2174 fit
1175 2139 1269 2174 solet
1287 2138 1327 2173 in
1346 2148 1387 2173 re
1407 2139 1528 2182 bona,
1551 2148 1626 2173 non

112 2240 115 2243 ¹
166 2199 287 2235 solum
314 2197 562 2244 grammatica
582 2192 770 2232 structura
790 2197 928 2244 optime
946 2194 1159 2243 procedens
1179 2194 1372 2241 probabile
1391 2194 1535 2238 reddit,
1557 2193 1626 2231 sed

166 2254 379 2292 certissime
400 2254 537 2298 probat
557 2251 747 2288 Plutarchi
771 2254 900 2295 locus,
933 2255 1107 2288 accurate
1133 2262 1179 2286 ex
1201 2249 1377 2287 Sallustio
1408 2262 1625 2298 expressus,

167 2322 304 2359 quem,
326 2309 414 2355 quia
435 2311 514 2355 tum
538 2308 587 2344 ad
606 2308 868 2345 illustrandam
890 2311 967 2344 tum
986 2307 1036 2343 ad
1058 2306 1331 2343 emendandam
1351 2307 1449 2344 hanc
1471 2307 1519 2343 de
1541 2306 1627 2344 Ser-

168 2368 262 2405 torio
283 2366 538 2402 narrationem
559 2365 680 2409 valet,
702 2369 815 2400 totum
837 2375 1084 2411 apponemus.
1144 2364 1295 2411 Legitur
1316 2363 1354 2399 iri
1369 2364 1517 2402 Sertor.
1539 2373 1572 2398 c.
1588 2366 1624 2401 8.

170 2414 433 2470 Διεκβᾶλλων
454 2411 541 2458 τὸν
542 2418 790 2471 Γαδειραῖον
807 2412 1002 2487 πορθμὸν
1013 2415 1056 2456 ἐν
1063 2417 1182 2486 δεξιᾷ
1203 2419 1284 2464 τοῖς
1303 2410 1412 2465 ἐκτὸς
1426 2411 1628 2483 ἐπιβάλλει

168 2480 239 2529 τῆς
268 2473 454 2541 Ἰβηρίας.
512 2468 723 2514 Ἐνταῦθα
752 2475 895 2513 ναῦται
925 2471 1026 2521 τινὲς
1055 2468 1360 2538 ἐντυγχάνουσιν
1387 2487 1515 2539 avve»,
1538 2470 1628 2512 νέον

94 2567 99 2573 ,
173 2532 225 2573 ἐκ
258 2534 357 2572 τῶν
381 2524 720 2570 Ἀτλαντικῶν
749 2525 916 2581 νήσων
948 2524 1301 2579 ἀναπεπλευκότες,
1331 2529 1385 2568 αἳ
1420 2529 1511 2568 δυο
1543 2526 1629 2579 μὲν

174 2587 294 2639 εἰσὶ,
336 2589 498 2652 λεπτῷ
534 2582 829 2627 παντάπασι
869 2588 1081 2640 πορθμῷ
1120 2580 1502 2651 διαιρούμεναι,
1540 2600 1626 2636 μυ-

178 2647 323 2699 ρίους
351 2636 390 2683 δ
426 2635 679 2711 ἆπέχουσι
706 2637 905 2695 Λιβυης
931 2642 1203 2693 σταδίους,
1232 2639 1316 2680 καὶ
1344 2635 1626 2706 ὀνομαζον·

178 2716 258 2742 ται
282 2694 443 2740 Μακα
455 2713 564 2752 ρων
612 2695 802 2752 ’Όμβροις
819 2696 862 2738 δὲ
879 2714 1074 2765 χρωμεναι
1093 2699 1259 2765 μετρίοις
1285 2697 1478 2764 σπανίως,
1509 2713 1557 2737 τα
1586 2694 1630 2736 δὲ

180 2760 343 2800 πλεῖστα
364 2753 562 2808 πνεύμασι
583 2758 777 2808 μαλακοῖς
806 2753 875 2795 καὶ
904 2750 1157 2810 δροσοβόλοις
1189 2769 1236 2795 ου
1262 2749 1388 2804 μόνον
1412 2748 1538 2807 ἆροῦν
1562 2750 1631 2793 καὶ
