1774 3002
516 164 847 204 mSToRIARtm
874 160 1186 203 FRAGMENTA.
1243 163 1335 200 LIB.
1364 164 1393 200 Ι.
1620 154 1677 202 85

232 291 345 337 sidio
369 291 476 346 sint,
497 301 765 349 operamque
784 288 910 344 dent,
941 301 998 334 ne
1024 285 1135 349 quid
1152 284 1401 348 respublica
1417 285 1675 332 vdetrimenti

234 373 388 433 capiat.

370 457 438 500 52.
490 454 623 514 Apud
654 453 873 499 Mutinam.

369 539 438 582 53.
492 536 703 596 Lepidum
739 535 1031 596 poenitentem
1060 533 1226 579 consili.

372 623 439 668 54.
496 619 637 691 Cosa..

236 739 436 803 ῥισθεῖσα,
457 744 860 803 κατωρθωκότος
882 745 1003 788 ἄνευ
1021 745 1177 801 μάχης
1195 741 1282 786 τὸν
1300 744 1522 799 πόλεμον
1541 764 1577 788 κ.
1593 764 1625 788 τ.
1642 751 1679 789 λ.

237 812 318 848 Liv.
338 812 435 858 Epit.
454 811 532 848 xc.
572 810 625 846 M.
648 809 807 854 Brutus,
829 810 893 856 qm·
915 809 1138 856 Cisalpmam
1160 807 1316 844 Galliam
1338 807 1534 854 obtinebat,
1562 819 1587 844 a
1612 808 1678 848 en.

223 866 412 916 ‘Pompeio
436 869 578 905 occisus
596 870 662 904 est.
703 866 827 901 Valer.
847 866 945 903 Max.
970 866 1039 909 Vl,
1060 869 1102 908 2,
1121 868 1156 903 8.

343 938 413 973 Fr.
432 941 492 976 53.
529 935 652 986 [Cort.
675 948 712 982 p.
736 938 821 974 953.
858 935 955 971 Gerl.
975 934 1037 970 ed.
1058 935 1144 970 mai.
1169 935 1205 979 1,
1225 938 1284 972 23.
1323 934 1383 970 ed.
1404 935 1494 971 min.
1513 935 1541 978 1,
1560 937 1621 974 56.
1641 947 1681 982 p.

242 995 420 1036 190‚.14.>
448 993 606 1042 'DebrffiL
627 994 688 1030 84.
708 996 745 1026 et
765 992 809 1035 11,
831 993 906 1036 46.]
956 991 1081 1027 Verba
1101 990 1270 1026 laudavit
1290 990 1436 1027 Charis.
1458 990 1519 1026 ΙΙΙ.
1539 1002 1578 1037 p.
1601 995 1682 1030 150.

239 1049 408 1086 Lindem.
437 1050 502 1096 (p.
530 1050 615 1087 224
633 1048 784 1084 Putsch.
796 1049 812 1091 )
842 1051 992 1094 propter
1022 1047 1210 1082 insolitum
1223 1049 1414 1094 poenitere
1433 1047 1538 1084 verbi
1560 1059 1682 1091 usum,

241 1105 289 1142 de
316 1116 391 1152 quo
410 1117 449 1142 v.
467 1116 563 1152 quae
584 1104 747 1140 diximus
767 1103 817 1140 ad
843 1104 926 1151 lug.
946 1115 977 1140 c.
999 1102 1100 1147 CIV,
1127 1107 1162 1141 5.
1189 1114 1228 1149 p.
1247 1106 1351 1148 568„
1381 1104 1465 1140 coll.
1486 1103 1683 1151 Spalding.

241 1161 292 1199 ad
311 1161 462 1206 Quintil.
484 1161 555 1205 IX,
576 1164 620 1204 3,
645 1165 711 1204 12,
734 1161 796 1207 qui
819 1159 1035 1198 Sallustium
1051 1160 1168 1195 refert
1187 1160 1323 1196 alieubi
1344 1159 1487 1196 dixisse
1504 1170 1681 1208 nonpoe-

239 1219 414 1254 nitwrum.
458 1218 690 1264 Quamquam
709 1221 833 1253 autem
853 1217 1034 1253 incertum
1056 1219 1126 1260 est,
1148 1216 1255 1252 cuius
1280 1216 1334 1251 rei
1353 1216 1537 1262 Lepidum
1557 1217 1686 1262 poeni-

241 1274 363 1318 tuerit,
387 1278 512 1310 tamen
533 1285 607 1309 non
628 1284 783 1319 prorsus
803 1274 944 1310 absone
964 1273 1157 1313 coniicias
1178 1283 1277 1316 eum,
1299 1271 1427 1308 audito
1448 1273 1550 1308 Bruti
1571 1273 1686 1318 exitu,

241 1331 388 1367 consilii
401 1330 503 1367 urbis
520 1329 748 1366 &vadendae
761 1330 1005 1376 poenituisse.
1036 1328 1115 1365 Sed
1128 1332 1206 1364 utut
1220 1333 1290 1372 est,
1310 1333 1410 1364 certe
1426 1330 1463 1364 in
1478 1329 1551 1365 hac
1565 1329 1687 1365 Histo-

242 1387 380 1422 riarum
397 1391 516 1434 parte,
538 1397 612 1432 qua
631 1389 759 1421 auctor
779 1386 827 1421 de
848 1386 960 1421 irritis
979 1384 1109 1430 Lepidi
1131 1386 1325 1420 conatibus
1345 1385 1435 1431 egit,
1456 1385 1574 1421 verba
1591 1386 1688 1421 lecta

243 1444 401 1479 luerunt.
440 1441 550 1487 Quod
572 1452 797 1488 quamquam
816 1442 927 1477 etiam
947 1441 1170 1481 Debtossius
1195 1445 1295 1476 recte
1315 1442 1453 1485 sensit,
1474 1446 1598 1476 tamen
1616 1442 1691 1478 sibi
1762 1427 1766 1429 μ

245 1503 451 1545 temperare
471 1509 547 1533 non
565 1497 702 1544 potuit,
728 1498 817 1544 quin
836 1497 971 1533 eadem
991 1497 1083 1533 libro
1105 1497 1274 1533 secundo
1294 1498 1525 1544 ineptissime
1547 1502 1691 1544 repete·

245 1558 323 1599 ret,
352 1548 537 1601 Lepidum
554 1553 722 1600 fingens,
753 1565 867 1600 quum
885 1554 1012 1597 uxori,
1041 1553 1212 1589 adulterii
1241 1554 1460 1598 convictae,
1489 1553 1687 1600 repudium

245 1611 424 1655 misisset,
443 1613 576 1657 postea
596 1610 679 1646 eius
693 1611 780 1646 faeti
801 1609 913 1646 valde
933 1610 1188 1657 poenituisse3
1211 1621 1307 1656 quae
1322 1610 1520 1646 hariolatio
1536 1621 1691 1656 perver-

247 1667 398 1704 sissima
413 1667 659 1713 explicatione
674 1666 703 1702 F
704 1667 887 1713 ragmenti
908 1667 936 1711 1,
957 1668 1014 1704 40.
1030 1666 1169 1702 nititur.
1206 1666 1692 1715 NihilominusGerlaehius

247 1724 287 1760 in
306 1722 368 1759 ed.
391 1723 482 1759 min.
497 1722 558 1759 his
575 1722 808 1769 Fragmentis
831 1723 1037 1759 coniunctis
1052 1722 1244 1759 Debrossii
1266 1723 1487 1766 sententiam
1507 1724 1615 1769 sequi
1636 1723 1694 1759 vi-

249 1779 374 1825 detur,
402 1790 451 1814 ne
476 1778 550 1815 hoe
568 1778 718 1826 quidem
740 1784 957 1824 assecutus,
989 1778 1225 1824 Sallustium,
1254 1779 1286 1815 si
1314 1789 1355 1814 re
1374 1790 1467 1815 vera
1495 1779 1542 1814 de
1561 1779 1694 1826 Lepidi

247 1846 419 1872 moerore
438 1846 487 1871 ex
505 1835 662 1882 repudio
684 1835 812 1871 uxoris
832 1839 940 1882 capto
961 1837 1120 1882 egisset,
1146 1844 1228 1870 eam
1248 1845 1327 1871 rem
1348 1846 1424 1871 non
1441 1835 1514 1871 nisi
1533 1836 1694 1872 secundo

199 1918 207 1921 >
249 1892 343 1928 libro
356 1893 526 1938 proferre
541 1892 731 1938 potuisse3
751 1892 800 1927 cf.
816 1892 1002 1928 Plutarch.
1019 1892 1057 1927 in
1071 1892 1236 1938 Pompei.
1258 1903 1292 1927 c.
1311 1894 1366 1929 16.
1382 1892 1411 1927 F
1414 1893 1483 1927 lor.
1501 1891 1563 1937 111,
1582 1895 1642 1938 23,
1661 1893 1699 1930 7.

251 1948 342 1983 Ptin.
355 1948 407 1983 H.
428 1948 473 1984 N.
494 1947 581 1992 VH,
601 1950 659 1985 36.

363 2017 422 2052 Fr.
442 2018 500 2054 54.
549 2013 672 2063 [Cort.
697 2027 732 2062 p.
755 2018 855 2054 1006.
899 2017 997 2052 Gerl.
1018 2016 1079 2052 ed.
1102 2018 1190 2052 mai.
1213 2016 1286 2052 lne.
1305 2018 1366 2055 88.
1396 2016 1456 2053 ed.
1475 2018 1565 2054 min.
1586 2018 1619 2064 Ι,
1638 2020 1696 2057 60.

252 2073 364 2109 Debr.
383 2073 421 2118 1,
441 2073 525 2117 92]
570 2071 725 2108 Unicum
745 2073 988 2117 vocabulum,
1016 2084 1038 2108 a
1062 2072 1195 2109 Servio
1217 2072 1267 2108 ad
1285 2073 1392 2121 Virg.
1414 2074 1510 2110 Aen.
1532 2073 1588 2120 X,
1613 2077 1694 2113 168.

254 2124 445 2165 servatum
467 2128 548 2163 sine
568 2128 649 2164 libri
674 2129 881 2173 mentione,
909 2127 1012 2164 haud
1031 2128 1246 2176 impeditam
1264 2128 1376 2166 habet
1396 2130 1695 2177 explicationem.

255 2183 420 2233 Lepidus
451 2185 549 2220 enim
569 2184 734 2230 undique
753 2195 922 2231 pressus,
944 2196 992 2220 ex
1011 2195 1086 2220 una
1107 2190 1212 2231 parte
1230 2185 1369 2231 Catulo,
1390 2197 1438 2222 ex
1457 2188 1572 2223 altera
1591 2187 1699 2223 Pom-

257 2242 342 2288 peio
363 2241 544 2286 instante,
574 2241 702 2278 Cosam
724 2252 764 2276 se
785 2242 938 2287 recepit,
962 2242 1184 2277 maritimum
1200 2242 1367 2278 Etruriae
1383 2240 1579 2290 oppidum,
1599 2242 1699 2279 unde

258 2297 382 2344 paullo
405 2300 492 2342 post
510 2297 548 2332 in
576 2296 789 2333 Sardiniam
819 2298 934 2344 fugin
968 2292 1013 2333 cs.
1039 2297 1149 2334 Rutil.
1176 2299 1298 2334 Itiner.
1318 2299 1353 2343 I,
1379 2302 1448 2338 295
1477 2310 1559 2345 sqq.
1599 2298 1702 2335 Inter

258 2356 466 2390 castrorum
482 2354 627 2400 veslifia
644 2363 764 2389 sermo
782 2355 916 2390 retexit
929 2353 1113 2391 Sardoam
1127 2354 1264 2402 Lepido
1272 2357 1544 2403 praecaepitante
1555 2355 1698 2403 fuyam.

261 2410 384 2446 Litore
410 2407 573 2456 nemque
588 2409 701 2446 Oosae
721 2414 894 2457 coynatos
922 2410 1058 2458 depulit
1074 2411 1211 2456 hostes,
1249 2411 1424 2448 Virtutem
1445 2411 1565 2448 Catuli
1580 2411 1701 2448 Roma

259 2468 385 2502 secuta
405 2465 520 2500 duc-12³.
571 2466 638 2501 Iul.
660 2465 907 2512 Exsuperant.
930 2477 963 2502 c.
987 2467 1049 2502 w.
1089 2466 1138 2503 In
1166 2467 1345 2503 Etruriae
1369 2469 1486 2504 liuore
1513 2470 1703 2504 comm’sso

253 2521 399 2570 proelio
415 2525 588 2567 coeperat
601 2520 759 2568 Lepidus
771 2532 851 2559 esse
864 2525 1036 2571 superior
1045 2533 1122 2570 per
1132 2528 1314 2559 amatam
1328 2524 1594 2567 mammerti,
1611 2533 1707 2571 quae

261 2578 344 2615 odio
364 2586 491 2612 rerum
513 2575 751 2613 Sullanarum
767 2588 808 2615 se
820 2578 951 2627 Lepidi
961 2579 1133 2628 partubus
1155 2580 1375 2627 applicaret.
1417 2579 1493 2617 Sed
1509 2579 1706 2628 Pompeius

261 2635 309 2670 de
325 2633 447 2669 Gallia
461 2632 608 2669 rediens
620 2639 678 2658 ’-
695 2633 873 2682 fugientes
891 2636 969 2672 eius
982 2637 1171 2686 copiasne
1183 2646 1223 2672 se
1236 2637 1463 2684 implicantes
1475 2636 1706 2684 festinatione

263 2688 474 2736 formidinis
493 2690 543 2724 ita
551 2691 766 2736 prostravit,
784 2694 824 2727 ui
836 2693 976 2728 maiore
990 2702 1143 2729 numero
1151 2693 1321 2739 privatus
1334 2694 1374 2729 in
1390 2692 1602 2729 Sardiniam
1617 2702 1703 2728 con-

265 2745 425 2793 fuqerei.
446 2745 499 2781 De
516 2744 636 2781 Cosae
657 2746 731 2782 situ
749 2746 848 2783 edito
868 2752 1050 2795 portuque
1071 2752 1280 2796 opportuno
1302 2750 1347 2786 οἱ.
1368 2750 1549 2785 Mannerti
1570 2749 1706 2798 Geogr.
