1774 3002
518 119 849 158 msronuumm
878 117 1191 157 FRAGMENTA.
1250 116 1337 153 Lm.
1367 115 1429 153 111.
1598 107 1683 153 2⁶3

236 250 280 293 et
303 259 492 306 propere
513 247 699 291 nanctus
732 243 936 290 idoneum
961 256 1019 287 ex
1047 239 1231 300 captivis
1259 239 1414 285 ducem
1448 235 1684 282 Picentinis

238 329 396 376 deinde
425 326 629 374 Eburinis
662 323 781 386 iugis
819 323 1018 371 occultus
1046 323 1102 369 ad
1132 321 1260 368 Naris
1294 321 1517 374 Lucanas,
1549 321 1682 380 atque

239 412 339 458 inde
363 410 501 471 prima
535 409 632 455 luce
668 407 866 468 pervenit
892 406 947 452 ad
979 406 1095 451 Anni
1122 405 1304 459 Forum,
1337 402 1505 464 ignaris
1534 401 1682 447 culto-

240 571 374 609 milites
392 570 526 619 partim
548 569 583 604 in
605 567 902 615 supplementum
923 565 1088 610 additos,
1108 564 1244 612 partim
1264 572 1313 598 ex
1336 563 1466 598 morbo
1488 564 1680 598 recreatos

239 626 429 672 denotari,
458 626 565 662 facile
596 623 796 670 intelliges.
835 622 1039 659 KREYSS.
1062 643 1117 648 —
1148 620 1301 656 Adesset
1329 618 1354 654 i.
1386 629 1421 654 e.
1451 620 1582 654 rursus
1608 618 1680 655 sibi

237 685 401 728 evastaret,
423 693 460 718 v.
481 681 544 719 ad.
566 681 646 732 lug.
669 691 703 716 c.
724 680 765 724 L,
784 682 820 718 4.
843 691 881 726 p.
901 682 984 718 283.
1022 676 1223 714 Bimardus
1246 675 1360 711 habet
1378 673 1580 711 ADESSE.

350 742 547 787 augeretur
577 746 751 774 numerus
778 736 878 772 lectis
904 736 1009 779 virts)
1040 733 1132 771 Cod.
1161 733 1248 768 Vat.
1275 729 1569 768 AUGER.TUR
1599 730 1681 768 NU-

238 792 691 833 MERUSLECTISUIR..
704 802 715 836 3
750 791 951 828 Bimardus
981 788 1274 827 AUGER.TUR
1292 786 1492 824 NUMERO
1516 785 1680 824 SELEC-

238 852 313 890 TIS
339 851 440 888 UlR.
455 878 464 886 .
487 851 613 886 Verba
639 847 802 892 codicis,
832 850 863 884 si
893 846 1069 884 discedas
1098 847 1145 882 ab
1168 843 1341 881 evanidis
1368 843 1500 879 litteris
1517 843 1548 879 E
1566 847 1604 879 et
1621 841 1679 887 IS,

237 920 306 956 per
327 919 369 944 se
391 911 482 943 satis
502 907 615 954 plana
632 904 877 952 Kreyssigius
899 905 994 940 salso
1014 902 1064 938 ad
1079 901 1275 938 Vatinium
1297 901 1431 944 retulit,
1452 900 1583 936 nescio
1605 910 1680 946 quo

239 975 365 1002 errore
394 964 432 1000 in
458 973 540 999 eam
571 961 786 1008 opinionem
818 960 964 997 delatus
996 962 1194 1007 auom-etur
1225 958 1365 1005 pariter
1399 959 1510 1003 atque
1538 955 1683 992 adesset

237 1020 403 1068 pendere
425 1031 472 1055 ex
485 1019 706 1066 priusquam
725 1017 920 1064 particula,
953 1027 997 1053 ac
1020 1016 1121 1052 lectis
1140 1014 1230 1051 viris
1251 1011 1455 1060 significari
1481 1013 1594 1048 robur
1616 1022 1682 1047 ex·

238 1078 376 1115 orcitus
404 1075 611 1112 Variniani.
648 1074 827 1110 Neutrum
854 1073 935 1109 fieri
966 1075 1101 1119 potest.
1138 1070 1233 1106 Nam
1257 1069 1368 1106 verba
1389 1072 1589 1116 augeretur
1607 1079 1676 1105 nu-

238 1143 361 1170 merus
380 1133 492 1177 ,lectis
511 1132 598 1167 viri-s
622 1141 668 1166 ex
691 1129 754 1166 ubi
768 1129 954 1177 pendent,
975 1127 1222 1176 Spartaciquc
1253 1124 1451 1161 consilium
1473 1123 1678 1168 declarant,

238 1201 304 1226 cur
331 1200 422 1226 suos
443 1188 556 1224 vellet
580 1187 617 1223 in
644 1186 807 1222 laxiores
827 1196 941 1233 agros
962 1185 1158 1232 magisque
1179 1182 1380 1230 pecuarios
1399 1180 1545 1228 egredi.
1585 1181 1679 1218 Huic

238 1246 339 1283 finali
364 1244 568 1282 sententiae
581 1271 591 1289 ‚
620 1253 667 1278 ex
686 1242 766 1288 ubi,
797 1243 822 1278 i.
844 1253 879 1277 e.
902 1245 942 1278 ut
962 1242 1034 1286 ubi,
1056 1249 1256 1287 suspensa,
1277 1238 1495 1285 interposita
1515 1241 1573 1274 est
1590 1240 1682 1274 tem-

238 1303 379 1350 poralis
406 1300 617 1336 enunciatio
645 1309 713 1345 per
733 1300 956 1345 priusquam
984 1298 1097 1334 illata.
1135 1296 1239 1332 Lecti
1259 1296 1332 1331 viri
1350 1298 1473 1330 autem
1497 1304 1574 1329 non
1595 1298 1681 1329 sunt

239 1359 353 1394 robur
378 1358 584 1399 exercitus,
621 1354 689 1390 sed
720 1355 821 1391 servi
852 1353 988 1398 validi,
1023 1352 1165 1388 strenui
1194 1351 1300 1386 etad
1324 1349 1571 1398 pugnandum
1590 1351 1678 1397 apti,

241 1426 335 1461 quos
356 1413 559 1460 Spartacus
580 1411 756 1457 sperabat
779 1421 827 1446 ex
847 1410 1001 1449 cultiore
1025 1413 1062 1444 et
1080 1408 1202 1455 magis
1223 1407 1404 1454 pecuaria
1426 1407 1582 1454 regione
1607 1406 1681 1442 sre-

242 1474 397 1517 quentes
425 1468 475 1505 ad
506 1479 547 1505 se
577 1470 831 1503 conventuros
858 1476 901 1501 ac
926 1476 1079 1502 suorum
1107 1474 1303 1500 numerum
1332 1466 1518 1499 aucturus.
1572 1462 1679 1507 Quae

242 1537 355 1574 quum
375 1526 426 1562 ita
449 1527 533 1569 sint,
554 1527 656 1571 patet
676 1527 764 1570 post
782 1523 870 1559 viris
888 1533 964 1558 non
983 1532 1098 1568 posse
1121 1524 1305 1556 commate
1325 1519 1554 1567 interpungi,
1577 1518 1680 1565 quod

243 1582 328 1618 lecit
365 1581 631 1628 Kreyssigius,
670 1590 714 1615 ac
748 1579 863 1624 multo
899 1579 1008 1625 peius
1051 1575 1289 1613 Gerlachium
1323 1586 1473 1612 omnem
1500 1575 1679 1612 omisisse

242 1638 598 1685 interpunctionem,
628 1636 736 1682 quasi
758 1645 832 1671 uno
856 1639 982 1670 tenore
1005 1634 1132 1670 omnia
1156 1631 1420 1676 decurrerent,
1444 1631 1515 1668 sed
1534 1631 1678 1668 maiore

242 1706 338 1742 opus
358 1704 444 1730 esse
465 1692 714 1736 distinctione,
739 1702 814 1738 qua
833 1692 1050 1738 sequentia,
1079 1690 1215 1737 quibus
1235 1688 1365 1725 moniti
1384 1684 1592 1725 continetur
1615 1699 1679 1724 ex-

242 1751 397 1795 secutio,
418 1761 441 1786 a
458 1750 598 1786 monito
620 1749 702 1795 ipso
726 1747 999 1795 disiungantur.
1040 1746 1145 1782 Hanc
1171 1745 1282 1782 totius
1307 1745 1380 1781 loci
1403 1745 1584 1781 rationem
1604 1744 1677 1780 iam

241 1811 486 1854 perspexerat
506 1806 640 1850 Maius,
657 1808 693 1840 et
717 1807 802 1840 ante
820 1803 921 1840 hunc
943 1803 1164 1840 Garatonius
1184 1801 1235 1838 ad
1255 1799 1332 1837 Cic.
1355 1810 1391 1847 p.
1410 1801 1546 1838 Flacco
1570 1811 1604 1835 c.
1620 1803 1677 1839 13.

243 1863 329 1899 Vol.
352 1862 448 1899 VIll.
478 1874 516 1908 p.
538 1864 638 1905 182,
667 1870 891 1907 quamquam
914 1861 947 1896 is
973 1859 1077 1895 haud
1105 1858 1216 1895 dubie
1248 1868 1381 1893 manca
1410 1857 1555 1893 codicis
1584 1856 1680 1893 scri-

243 1923 352 1965 ptura
373 1918 549 1954 seductus
572 1927 640 1963 pro
661 1919 859 1963 augeretur
877 1925 1052 1952 numerus
1083 1914 1232 1960 scripsit
1261 1917 1420 1960 anyetur
1445 1922 1621 1957 numero,
1644 1916 1681 1948 et

245 1984 375 2010 rursus
399 1977 485 2019 post
508 1972 744 2019 eyrediantur
766 1971 897 2007 salsam
920 1971 1088 2007 semicoli
1108 1969 1444 2016 interpunctionem
1462 1969 1605 2016 posuit.

357 2029 531 2072 nanctus)
559 2028 612 2063 Ita
637 2026 723 2063 cod.
744 2027 829 2062 Vat.
868 2027 946 2063 Hoc
979 2028 1025 2063 ab
1054 2026 1199 2063 editore
1234 2025 1453 2062 Divionensi
1482 2025 1520 2061 in
1547 2028 1680 2061 nocuas

248 2091 384 2122 temere
418 2088 595 2120 mutatum
629 2087 698 2119 est.
751 2081 927 2119 Similiter
960 2083 998 2118 in
1034 2082 1120 2119 cod.
1152 2081 1315 2119 vindob.
1349 2081 1445 2118 Livii
1474 2081 1584 2125 XLII,
1616 2083 1677 2119 48.

246 2146 413 2186 nanctus,
430 2139 554 2186 XLIII,
574 2142 630 2178 16.
649 2140 774 2176 nancti
790 2143 886 2184 sunt,
909 2143 945 2175 et
963 2138 1090 2184 XLIV,
1100 2143 1137 2177 5.
1157 2139 1301 2174 nanctis
1319 2138 1466 2184 legitur.
1474 2135 1678 2178 KREYSS.

248 2211 286 2236 v.
315 2207 430 2244 supra
460 2195 510 2232 ad
539 2196 600 2231 Fr.
634 2195 692 2240 ΙΙΙ,
718 2199 777 2234 41.
795 2214 853 2220 —
881 2197 952 2232 Pro
974 2195 1141 2232 idoneum
1161 2204 1212 2231 ex
1231 2195 1383 2242 captivis
1400 2194 1548 2238 ducem,
1579 2192 1680 2240 quod

248 2254 334 2290 cod.
365 2252 450 2289 Vat.
476 2252 647 2299 praebet,
675 2251 873 2288 Bimardus
901 2252 1014 2288 habet
1036 2252 1202 2293 idoneum
1221 2254 1256 2286 ec
1273 2251 1412 2286 caninis
1430 2250 1558 2290 ὠκεῖς,-
1579 2249 1681 2286 simi-

247 2311 329 2347 liter
354 2307 632 2345 Freinshemius
659 2308 807 2345 ἰαοηεοε
833 2317 884 2344 ex
909 2307 1061 2344 callibus
1081 2308 1204 2344 duces.
1225 2306 1281 2331 —'-
1308 2305 1528 2351 Pie-emm,
1551 2305 1681 2343 demde

247 2363 422 2403 Ebur-inis
448 2365 540 2411 iugis:
563 2364 672 2400 lectio
690 2367 754 2415 ‘est
769 2364 855 2400 eod.
871 2365 955 2400 Vat.
999 2363 1198 2400 Bimardus
1219 2362 1322 2399 dedit
1337 2366 1373 2397 et
1387 2363 1539 2398 centim's
1553 2361 1682 2397 deinde

247 2422 352 2460 Ebur
365 2422 423 2457 πίε
441 2421 553 2467 iuvit,-
566 2439 621 2445 —
649 2420 869 2457 Garatonius
891 2421 916 2456 Ι.
938 2421 962 2456 l.
974 2419 1183 2463 Picentinis,
1207 2420 1339 2455 deinde
1357 2418 1559 2454 Ebur-ianae
1575 2418 1680 2465 iuqi&

247 2479 301 2515 De
328 2477 400 2513 hoc
429 2477 511 2512 loco
535 2475 751 2513 Gerlachius
771 2477 858 2512 Vol.
882 2476 942 2512 III.
970 2487 1008 2522 p.
1036 2478 1117 2514 141.
1146 2476 1273 2521 multa,
1298 2478 1338 2511 ut
1366 2475 1480 2520 solet,
1504 2477 1678 2521 nugatur.

250 2534 410 2571 Primum
435 2531 538 2579 quod
562 2531 744 2568 Eburiuos
762 2532 879 2568 Plinio
910 2536 1002 2568 teste
1029 2532 1074 2567 H.
1096 2532 1140 2568 N.
1162 2531 1221 2575 111,
1242 2535 1299 2569 15.
1322 2532 1361 2567 in
1381 2530 1498 2566 media
1518 2530 1681 2566 Lucania

251 2591 367 2627 ruisse
390 2589 499 2632 dicit,
528 2598 575 2623 ne
604 2589 758 2624 verbum
779 2588 928 2634 quidem
948 2599 1078 2624 verum
1099 2592 1175 2631 est,
1206 2597 1317 2633 quum
1340 2597 1387 2622 ex
1405 2597 1463 2632 eo,
1486 2585 1588 2633 quod
1609 2586 1680 2621 Pli-

249 2647 335 2683 nius
352 2645 536 2682 Eburinos
563 2640 683 2680 statim
705 2648 791 2690 post
816 2644 994 2680 Bantinos
1015 2638 1201 2690 nominat,
1229 2643 1328 2679 clare
1354 2642 1592 2690 intelligatur,
1612 2651 1678 2677 eos

249 2712 367 2750 prope
387 2701 556 2738 Bantiam
585 2699 623 2736 in
641 2699 726 2746 ipso
744 2700 824 2746 agri
845 2700 1025 2736 Picentini
1045 2699 1208 2736 confinio
1229 2699 1366 2743 luisse,
1387 2698 1489 2745 quod
1510 2697 1610 2734 idem
1632 2708 1679 2732 ex
