1774 3002
470 144 535 181 An
573 113 832 180 Ennesrum
860 138 1294 178 wnEerMANNuM.
1543 141 1643 174 xxv

142 266 375 322 sopotamia
399 272 442 308 et
467 263 681 313 Armenia,
718 263 771 303 de
800 260 998 302 Thraciae
1025 265 1149 311 gente
1181 261 1418 311 Mysorum,
1459 258 1640 309 denique

143 337 198 377 de
224 335 363 376 Italiae
386 333 593 375 inferioris
626 330 790 382 ingenio
826 334 867 370 et
893 330 998 370 freto
1030 328 1169 368 Siculo
1199 325 1349 367 tradita
1377 328 1590 377 leguntur:

254 406 340 445 Iam
380 403 417 444 si
454 412 650 453 quaeras,
697 399 753 439 mi
788 399 1134 444 Wuestemanne,
1183 407 1270 446 quo
1307 394 1451 435 ordine
1495 405 1563 435 res
1598 394 1637 434 in

144 473 315 524 singulis
356 470 628 512 Historiarum
673 467 784 508 libris
836 477 884 506 se
930 464 1191 515 exceperint,
1236 463 1517 504 confitendum
1564 466 1642 510 est,

142 543 224 583 hoe
255 542 337 582 tale
374 550 490 587 esse,
523 543 569 579 ut
602 538 713 578 nullo
753 535 879 575 modo
914 532 1107 574 constitui
1151 537 1193 572 et
1226 532 1280 571 ad
1315 531 1512 582 liquidum
1551 542 1645 581 per-

144 600 238 650 duci
265 607 411 659 possit.
470 605 743 656 Quamobrem
776 604 816 643 in
846 603 924 642 hac
953 601 1119 652 quidem
1148 612 1193 640 re
1222 599 1463 641 necessario
1490 598 1643 649 aliquid

145 678 207 718 vel
238 675 354 716 casui
378 675 444 714 vel
466 673 636 714 editoris
665 671 832 713 arbitrio
864 670 1175 711 concedendum
1206 673 1284 708 est.
1342 669 1463 715 Nam,
1496 672 1542 707 ut
1564 667 1645 707 hoc

143 748 255 792 utar,
291 748 428 784 utrum
465 741 684 782 Sallustius
722 740 886 780 tertium
921 738 1067 779 librum
1099 748 1124 775 a
1159 737 1268 776 bello
1300 735 1539 776 Sertoriano
1578 747 1647 775 ex-

145 823 274 853 orsus·
291 810 362 859 sit,
400 809 520 860 eique
542 808 876 855 Mithridaticum,
908 812 994 846 tum
1020 805 1354 852 Macedonicum,
1382 804 1531 844 deinde
1553 805 1647 845 Cre·

147 876 494 928 ticum„denique
516 877 665 918 servile
694 874 915 918 subiecerit
944 878 1070 924 atquc
1100 878 1284 913 extremo
1317 873 1410 912 loco
1437 872 1489 911 de
1517 871 1644 912 rebus

143 945 311 988 urbanis
350 945 498 996 egerit,
539 956 591 984 an
633 944 711 985 alio
753 942 897 984 ordine
933 943 1036 982 haec
1066 940 1264 990 deinceps
1307 939 1562 988 tractaverit,
1603 939 1647 979 id
1700 926 1706 931 ⁴

144 1026 317 1066 prorsus
350 1013 551 1053 incertum
579 1016 662 1059 est,
694 1022 830 1061 neque
854 1010 996 1060 dispar
1021 1008 1268 1051 relicuorum
1298 1008 1495 1048 librorum
1524 1007 1644 1048 ratio.

144 1083 278 1133 Quare
314 1080 408 1121 nihil
450 1079 711 1133 relinquitur,
743 1090 865 1129 quam
900 1083 944 1118 ut
982 1078 1036 1117 ad
1067 1077 1203 1128 capita
1233 1077 1436 1127 quaedam
1466 1077 1645 1116 referan-

146 1155 210 1191 tur
231 1150 477 1199 Fragmenta
506 1149 559 1189 ad
589 1148 763 1188 eandem
792 1158 879 1186 rem
910 1146 1160 1197 spectantia,
1190 1157 1273 1196 quo
1304 1146 1385 1186 hoc
1407 1149 1518 1184 certe
1548 1155 1645 1184 con-

143 1217 372 1269 sequimur,
403 1221 465 1265 ut,
488 1228 595 1267 quac
625 1216 807 1256 eiusdem
832 1220 928 1255 sunt
952 1214 1200 1266 argumenti,
1232 1212 1480 1253 coniunctim
1510 1214 1646 1263 legan-

145 1291 228 1335 tur,
258 1285 352 1325 licet
390 1283 574 1334 ipsorum
611 1282 789 1333 capitum
816 1274 920 1322 ordo
946 1282 1171 1332 ignoretur.
1233 1282 1422 1322 Ceterum
1452 1281 1491 1320 in
1519 1281 1647 1321 rebus

144 1351 383 1394 enarrandis
418 1362 508 1392 eam
544 1350 743 1391 rationem
782 1350 913 1390 tenuit
949 1349 1196 1398 Sallustius,
1226 1354 1271 1389 ut
1301 1348 1434 1398 varia,
1476 1350 1530 1389 de
1561 1349 1647 1399 qui-

141 1423 222 1462 bus
256 1420 360 1470 egit,
397 1419 506 1459 bella
543 1423 667 1468 atque
705 1430 772 1458 res
803 1418 914 1458 domi
943 1423 1218 1468 gestasrnon,
1263 1416 1321 1457 uti
1368 1429 1461 1458 mos
1492 1417 1568 1458 suit
1603 1417 1645 1457 in

143 1487 377 1535 annalibus,
404 1486 575 1536 carptim
604 1497 679 1536 per
718 1485 903 1536 singulos
933 1497 1066 1527 annos
1089 1486 1313 1536 digereret,
1350 1484 1503 1536 quippe
1530 1486 1645 1535 quod

143 1569 227 1598 non
256 1555 374 1596 aliter
401 1552 607 1605 potuisset
634 1552 744 1602 fieri,
776 1553 966 1604 quamsi
996 1565 1050 1594 ex
1075 1566 1160 1594 una
1189 1565 1235 1594 re
1264 1553 1305 1593 in
1336 1554 1507 1593 alteram
1537 1559 1645 1594 tran-

144 1625 284 1666 siliens
326 1622 367 1663 in
414 1619 597 1662 cuiusvis
633 1621 846 1662 anni-fine
890 1621 1156 1670 subsisteret,
1199 1621 1381 1672 indeque
1422 1633 1643 1672 regressus

144 1693 319 1733 eundem
362 1701 529 1731 cursum
571 1687 610 1728 in
644 1689 833 1740 proximo
871 1701 1040 1740 quoque
1073 1690 1211 1730 denuo
1251 1689 1534 1739 exordiretur‚
1582 1696 1643 1742 ut,

146 1764 247 1811 quot
271 1769 404 1799 annos
437 1768 564 1807 opere
594 1769 669 1797 suo
702 1759 944 1808 complexus
974 1763 1108 1807 esset,
1142 1757 1183 1804 in
1212 1757 1383 1798 totidem
1412 1759 1499 1798 fere
1520 1758 1643 1809 parti-

145 1829 260 1868 culas
279 1830 411 1866 totum
434 1830 719 1875 argumentum
733 1825 974 1866 dissecaret.
1020 1827 1110 1876 Qua
1132 1825 1269 1866 ieiuna
1302 1825 1485 1876 priorum
1515 1826 1645 1877 scrip-

143 1900 279 1936 torum
314 1892 615 1934 consuetudine
648 1893 809 1942 relicta,
848 1905 917 1933 res
949 1905 1032 1934 non
1076 1895 1304 1934 secundum
1347 1893 1535 1944 singulos
1568 1906 1642 1934 an-

145 1975 224 2004 nos
253 1961 476 2011 disposuit,
513 1960 588 1999 sed
623 1971 700 2010 pro
733 1961 934 2010 cuiusque
960 1962 1055 2000 belli
1086 1961 1246 2001 ratione
1277 1961 1547 2010 complurium
1574 1973 1643 2002 an-

146 2041 293 2070 norum
338 2039 407 2067 res
441 2031 602 2076 gestas,
633 2031 721 2066 arte
759 2028 864 2068 inter
899 2040 946 2068 se
985 2029 1279 2077 cohaerentes,
1319 2028 1515 2069 continua
1554 2040 1644 2070 nar-

147 2096 306 2137 ratione
343 2105 476 2145 usque
512 2093 565 2132 ad
604 2104 697 2133 eum
732 2096 867 2135 locum
908 2096 1116 2145 deduxit,
1138 2096 1209 2136 ubi
1240 2097 1459 2137 commode
1498 2102 1645 2148 posset

148 2163 336 2212 subsisti,
380 2173 462 2213 quo
496 2161 579 2201 hoc
618 2168 869 2204 consecutus
905 2169 989 2212 est,
1031 2169 1079 2204 ut
1110 2164 1282 2214 singulis
1311 2165 1430 2205 bellis
1459 2165 1501 2205 in
1535 2177 1646 2206 com-

147 2232 296 2272 modas
314 2235 471 2282 partes,
506 2240 610 2279 quas
640 2241 708 2269 res
738 2231 829 2282 ipsa
852 2231 1041 2280 offerret,
1071 2232 1213 2272 divisis
1242 2234 1367 2283 plana
1394 2238 1518 2285 atque
1545 2233 1645 2274 dilu-

147 2299 240 2339 cida
267 2309 406 2338 rerum
424 2301 651 2348 >gestarum
666 2297 803 2349 imago
838 2300 1061 2341 lectoribus
1089 2300 1368 2341 exhiberetur.
1429 2303 1541 2352 Quae
1582 2313 1645 2341 ar·

146 2366 327 2418 gumenti
355 2364 571 2416 dispositio
602 2377 695 2406 cum
740 2378 822 2407 non
852 2373 999 2418 posset
1027 2368 1181 2418 ubique
1206 2379 1299 2408 cum
1325 2380 1527 2410 annorum
1562 2369 1644 2409 fine

146 2417 396 2485 congrffere,
440 2444 491 2473 eo
522 2434 672 2474 sactum
702 2439 785 2483 est,
818 2440 864 2475 ut
891 2447 975 2475 non
1018 2447 1162 2476 omnes
1191 2436 1393 2476 bellorum
1418 2436 1667 2488 expositio-2

147 2514 222 2542 nes
251 2502 399 2542 eodem
428 2500 530 2540 libro
557 2505 774 2543 contentae
801 2508 932 2544 totum
951 2515 1153 2544 annorum
1182 2504 1379 2554 spatium,
1410 2516 1517 2554 quos
1542 2504 1646 2544 liber

147 2568 448 2620 complectitur,
494 2570 706 2619 expleant,
756 2571 832 2610 sed
868 2572 993 2612 modo
1027 2571 1134 2612 illius
1171 2572 1277 2612 fines
1312 2583 1396 2612 non
1430 2571 1642 2628 attingant,

145 2637 269 2677 modo
300 2647 375 2676 eos
405 2635 770 2686 transgrediantur.
830 2639 949 2689 Quod
981 2640 1102 2689 quale
1131 2638 1204 2687 sit,
1236 2638 1437 2689 exemplis
1468 2640 1641 2679 nonnul-

146 2702 195 2743 lis
228 2702 454 2743 illustrabo.
514 2702 646 2743 Liber'
670 2704 824 2754 primus
869 2718 1117 2757 quamquam
1159 2706 1201 2746 in
1234 2706 1472 2747 universum
1508 2716 1640 2746 annos

144 2767 211 2810 78.
246 2774 287 2810 et
321 2770 388 2809 77.
432 2770 734 2821 complectitur,
783 2773 1045 2815 nihilominus
1102 2774 1246 2825 Lepidi
1296 2773 1517 2820 tumultus,
1572 2782 1641 2811 ex-
