1774 3002
121 155 204 198 108
604 162 644 199 C.
677 161 909 200 SALLUSTI
941 162 1092 201 CRISPI

255 290 324 333 82.
353 309 361 311 -
387 287 612 348 Repulsus
643 303 671 333 a
705 287 812 333 Lete
850 287 1028 348 oppido.

743 513 832 547 CAP.
860 515 947 548 VIII.

521 584 724 628 Fragmenta
747 585 936 618 incertioris
961 586 1159 618 sententiae.

178 824 181 825 ⁷
256 772 325 814 83.
375 767 433 814 Et
467 760 695 816 statiOnes·
715 770 798 816 sub
832 767 987 818 vineas
1022 771 1289 817 removebat.

117 964 153 999 Ρ.
173 954 265 997 198,
288 954 345 991 16.
368 952 480 989 Debr.
502 953 573 999 111,
597 952 695 1004 104]
722 954 850 992 Verba
871 966 894 992 a
913 956 1106 992 Prisciano
1123 956 1205 1002 XV,
1225 960 1261 1002 2,
1279 957 1315 994 9.
1342 965 1380 1001 p.
1401 956 1483 993 618-
1504 954 1568 990 ed-

117 1009 182 1044 Kr.
212 1012 387 1054 servata,
420 1009 549 1046 Douza
577 1011 843 1059 coniungenda
871 1024 956 1048 esse
981 1014 1245 1059 suspicabatur
1265 1010 1351 1048 cum'
1370 1011 1440 1055 iis,
1473 1021 1568 1057 quae

117 1066 176 1101 Fr.
204 1065 232 1110 1,
252 1067 308 1103 75.
339 1066 591 1112 exhibuimus,
614 1069 803 1116 ceterique
825 1069 989 1104 editores
1010 1080 1140 1105 omnes
1161 1072 1338 1115 tanquam
1361 1067 1398 1102 in
1427 1077 1467 1102 re
1489 1078 1569 1103 cer-

117 1122 263 1160 tissima
301 1133 387 1158 eum
422 1124 540 1159 secuti
577 1128 673 1160 sunt.
732 1124 809 1162 Sed
845 1129 963 1161 utres
993 1125 1078 1172 ipsa
1111 1126 1244 1172 probat
1270 1123 1318 1159 de
1346 1123 1458 1159 Lethe
1486 1123 1570 1158 His-

116 1179 252 1225 paniae
275 1178 416 1225 oppido
439 1180 597 1231 cogitari
619 1192 694 1218 non
714 1193 851 1228 posse,
882 1182 933 1218 ita
965 1182 1003 1217 in
1020 1182 1203 1218 Prisciani
1229 1179 1342 1218 codd.
1370 1191 1418 1215 ne
1449 1183 1571 1216 exstat

118 1235 269 1282 quidem
297 1235 430 1282 Lethe,
465 1238 783 1282 quemadmodum
806 1238 973 1275 Sallustii
1010 1237 1174 1274 editotes
1209 1237 1462 1284 scripserunt,
1500 1235 1571 1272 sed

115 1292 213 1337 Lete,
238 1291 319 1327 sine
341 1293 585 1339 aspiratione.
624 1295 705 1339 Quo
722 1295 872 1331 nomine
890 1305 1004 1341 quum
1022 1297 1111 1331 urbs
1131 1293 1376 1330 Macedoniae
1389 1293 1570 1333 habeatur

116 1352 211 1384 teste
231 1348 351 1384 Plinio
363 1349 461 1385 H.N.
484 1350 548 1395 IV,
571 1354 629 1396 10,
651 1352 722 1395 17.,
745 1362 819 1386 non
842 1351 1135 1397 improbabiliter
1155 1362 1203 1386 ex
1220 1350 1281 1387 his
1301 1350 1429 1388 verbis
1453 1349 1568 1385 conii-

117 1405 195 1441 cias
228 1403 449 1442 Sallustium
479 1406 518 1441 in
548 1408 668 1453 primo
689 1407 936 1443 Historiarum
967 1407 1062 1444 libro
1091 1408 1203 1443 etiam
1236 1406 1284 1443 de
1314 1406 1388 1453 Ap.
1423 1405 1570 1442 Claudii

117 1460 357 1508 expeditione
378 1464 508 1498 contra
530 1463 712 1500 Thraciae
737 1467 869 1511 gentes
883 1492 892 1507 ,
925 1463 1088 1500 vicinam
1111 1463 1373 1503 Macedoniam
1389 1461 1570 1499 incursio-

116 1518 226 1554 nibus
246 1518 481 1564 insestantes,
513 1520 613 1556 sacta
633 1521 784 1567 egisses
794 1520 1017 1567 praesertim
1038 1531 1151 1567 quum
1175 1531 1223 1556 ex
1235 1520 1295 1557 Fr.
1314 1519 1344 1564 Ι,
1366 1520 1424 1558 77.
1442 1521 1570 1565 pateat

117 1585 203 1610 eum
220 1574 336 1621 Appii
357 1575 631 1621 prosectionem
653 1577 691 1612 in
710 1576 946 1623 provinciam
969 1587 1302 1614 commemorasse.
1332 1574 1386 1611 De
1403 1586 1448 1611 eo
1469 1571 1568 1611 bello

116 1631 165 1666 es.
188 1630 296 1667 Oros.
322 1631 369 1675 V,
396 1633 455 1669 23.
515 1631 666 1668 Interea
694 1631 973 1669 Macedonicum
991 1633 1121 1669 bellum
1142 1633 1316 1670 Claudius
1333 1634 1483 1669 sortitus
1505 1642 1569 1667 va-

116 1688 196 1723 rias
219 1691 364 1734 ρεηιεε,
394 1698 490 1734 quae
521 1687 760 1736 Rhodopae&
787 1689 964 1726 montibus
989 1689 1240 1736 circumfusae
1270 1691 1372 1733 sunt,
1409 1697 1457 1724 ac
1483 1689 1570 1723 tunc

116 1743 374 1780 Macedoniam
397 1745 648 1781 crudelissime
664 1745 980 1793 propalabantur,
999 1764 1055 1769 ———
1068 1744 1462 1792 pellereMacedoniae
1481 1743 1567 1789 fini«

116 1800 183 1837 bus
201 1800 292 1837 bello
313 1802 510 1847 attentavit,
530 1803 744 1850 magnisque
766 1812 808 1838 se
827 1802 1011 1838 malorum
1028 1801 1181 1838 molibus
1201 1801 1338 1838 obiecit.
1363 1801 1570 1849 ,Praeterea

118 1856 206 1894 vide
229 1857 387 1904 Eutrop.
406 1858 478 1902 VI,
499 1861 532 1895 2.
562 1858 663 1894 Flor.
687 1858 748 1905 111,
769 1860 805 1903 4,
825 1861 860 1897 6.
890 1858 972 1896 Liv.
991 1858 1090 1905 Epit.
1110 1858 1174 1894 lib.
1195 1856 1291 1900 XCI.

229 1914 289 1949 Fr.
314 1917 374 1952 82.
436 1913 551 1959 [Cort.
575 1927 613 1962 p.
631 1917 713 1954 956.
762 1915 862 1951 Gerl.
889 1913 951 1950 ed.
976 1914 1063 1950 mai.
1087 1915 1117 1959 Ι,
1138 1917 1199 1953 59.
1239 1913 1304 1950 ed.
1322 1913 1412 1949 min.
1432 1912 1462 1957 1,
1484 1915 1566 1952 119.

115 1982 151 2017 p.
168 1973 248 2015 198,
271 1972 329 2009 17.
368 1970 479 2007 Debr.
500 1971 571 2019 III,
589 1969 686 2018 106.]
746 1971 893 2016 Verba,
925 1980 1021 2017 quae
1050 1971 1267 2008 Priscianus
1297 1970 1437 2017 pariter
1473 1969 1567 2005 libro

115 2027 198 2071 XV,
218 2030 254 2074 2,
284 2030 320 2066 9.
344 2038 380 2074 Ρ.
404 2029 486 2066 618
507 2027 571 2063 Kr.
589 2028 726 2072 attulit,
757 2027 807 2064 ad
828 2027 987 2063 eandem
1008 2038 1087 2063 rem
1107 2030 1300 2074 spectant,
1332 2036 1444 2072 quam
1468 2028 1570 2061 antc-

116 2082 312 2127 cedentia3
334 2083 404 2119 sed
425 2085 597 2131 repulsus
615 2095 711 2122 voce
729 2084 948 2132 Appiusne,
971 2095 1020 2120 an
1044 2083 1122 2120 dux
1133 2083 1300 2120 hostium
1322 2080 1568 2130 significetur,

118 2138 192 2175 dici
208 2149 283 2177 non
298 2142 434 2186 potest.

230 2195 292 2231 Fr.
306 2197 365 2233 83.
410 2195 540 2240 [Deest
557 2195 660 2243 apud
680 2196 793 2242 Cort„
815 2195 914 2232 Gerl.
936 2195 997 2236 ed.
1018 2195 1104 2232 mai.
1125 2198 1162 2232 et
1178 2195 1290 2232 Debr.
1313 2194 1487 2232 -Gerl.
1508 2193 1568 2232 ed.

116 2253 206 2288 min.
226 2251 255 2296 1,
278 2254 358 2289 100.
390 2262 426 2298 p
450 2253 628 2297 197318]
689 2252 955 2300 Fragmentum
976 2262 1109 2288 recens
1131 2253 1293 2289 accessit
1314 2263 1362 2288 ex
1381 2251 1569 2288 Arusiano

117 2319 157 2344 v.
177 2307 244 2345 sub
263 2307 336 2344 hac
357 2318 412 2354 re,
433 2319 472 2355 p.
490 2310 572 2346 261.
601 2309 662 2344 ed.
689 2308 858 2345 Lindem.
901 2308 1027 2345 Verba
1052 2309 1144 2345 satis
1172 2310 1334 2346 obscura
1362 2307 1452 2346 vide
1476 2318 1569 2344 num

118 2365 282 2412 aliquam
305 2365 427 2400 lucem
447 2365 634 2427 accipiant
651 2365 882 2412 exAppiano
900 2363 998 2400 deB.
1011 2363 1052 2400 C.
1065 2364 1092 2410 Ι,
1114 2367 1171 2404 91.
1196 2376 1236 2412 Ρ.
1247 2368 1330 2404 126.
1351 2363 1570 2425 Schweigh.

119 2416 199 2459 Καὶ
224 2415 314 2470 περὶ
345 2411 415 2465 τὰς
443 2410 565 2464 αὐτὰς
590 2412 737 2471 ἡμέρας
766 2416 809 2457 ἐν
830 2417 1031 2472 Φαυεντία
1051 2393 1232 2484 Ιξάρβων
1251 2433 1320 2458 και
1351 2411 1570 2482 Νωρβανὸς

120 2473 159 2524 ἐξ
173 2471 271 2514 ὁδοῦ
290 2467 416 2542 βραχυ
435 2467 512 2540 πρὸ
529 2473 690 2541 ἑσπέρας
708 2472 771 2513 ἐπὶ
795 2468 839 2513 τὸ
862 2457 1064 2514 Μετέλλου
1091 2469 1352 2527 στρατόπεδον
1374 2467 1568 2522 ἐλθόντες,

121 2531 259 2581 λοιπῆς
280 2526 400 2595 οὔσης
434 2545 553 2596 ωρας
565 2533 658 2597 μιᾶς
688 2528 756 2570 καὶ
786 2524 1021 2581 ἀμπέλων
1049 2532 1254 2570 πυκνῶν
1279 2527 1569 2583 περικειμέ-

121 2601 238 2634 νων,
277 2580 454 2639 ἀνοήτως
482 2582 589 2638 μάλα
619 2580 703 2627 ὑπὸ
729 2579 849 2640 οργῆς
885 2585 922 2634 ἐς
952 2582 1082 2638 μάχην
1113 2584 1310 2637 ἒξέτατον,
1347 2583 1570 2631 ἐλπίσαντες

122 2640 327 2683 Μέτελλον
364 2645 420 2696 τῷ
451 2639 679 2699 παραλόγῳ
702 2638 974 2695 καταπλήξειν.
1034 2646 1214 2690 Quamvis
1257 2648 1378 2682 autem
1417 2644 1570 2680 minime

123 2703 370 2750 praestiterim
399 2701 446 2738 de
469 2703 602 2739 eadem
625 2715 665 2739 re
694 2702 795 2749 apud
817 2702 1035 2739 Sallustium
1058 2706 1104 2738 et
1112 2702 1326 2749 Appianum
1355 2710 1568 2737 sermonem

125 2770 224 2805 esse,
242 2758 315 2796 hoc
338 2763 461 2795 tamen
489 2759 678 2796 affirmare
699 2770 774 2796 non
796 2758 944 2806 dubito,
973 2770 996 2795 a
1019 2769 1110 2795 vero
1131 2759 1287 2795 multum
1315 2758 1450 2793 abesse
1481 2757 1568 2793 Ger—
