1774 3002
504 140 833 187 ms‘romARUM
863 146 1175 184 FRAGMENTA.
1235 147 1323 183 ιιΒ.
1354 147 1395 182 ιι.
1583 141 1664 185 137

362 275 430 318 25.
486 273 643 319 Avidis
685 272 744 318 ita
787 270 1088 332 promptisque
1130 270 1336 326 ducibus,
1378 273 1424 315 ut
1464 270 1667 316 Metellus

227 354 314 400 ictu
342 355 543 416 tragulae
572 355 856 402 sauciaretur.
955 362 958 363 ’

363 443 432 485 26.
487 437 576 484 Sed
603 437 804 484 Metellus
831 438 876 483 in
906 435 1101 482 volnere.

228 609 311 633 cum
339 602 583 644 respexerunt
613 598 721 633 etiam
742 599 884 633 Probus
909 596 950 640 ΙΙ,
969 600 1000 637 l.
1022 599 1075 634 15.
1098 605 1136 641 p-
1157 597 1239 632 105.
1262 598 1299 629 et
1319 593 1465 630 Phocas
1494 593 1541 629 de
1563 594 1668 630 Nom.

228 658 265 690 et
288 653 412 689 Verbo
434 653 477 698 II,
498 658 531 691 1.
561 665 599 700 p.
618 656 715 698 324„
749 664 933 700 perverso
968 651 1106 688 iudicio
1140 650 1289 686 Tun‘am
1319 655 1449 686 neutro
1479 661 1618 697 genere
1647 663 1669 687 a

228 708 404 746 Sallustio
423 710 585 756 positum
604 710 895 754 contendentes;
921 705 990 756 'qui
1011 718 1134 750 error,
1155 706 1254 742 unde
1276 706 1425 742 fluxerit
1444 718 1669 753 quamquam

229 766 320 801 scite
338 765 571 801 a-Prisciano
596 767 620 802 Ι.
639 767 662 802 l.
685 766 976 803 demonstratum
996 769 1071 809 est,
1101 767 1226 798 tamen
1246 763 1328 798 eius
1355 763 1574 798 sententiam
1594 767 1668 798 tam

227 832 359 868 parum
387 821 814 859 intellexitchrlachius
841 823 928 859 Vol.
959 821 1019 856 111.
1051 832 1088 867 p.
1120 820 1199 862 78„
1237 823 1275 854 ut
1302 820 1503 855 etiamnum
1533 818 1671 855 Tun'oe

229 877 394 914 fluminis
420 888 541 924 genus
567 879 748 914 incertum
774 889 860 914 esse
893 881 1038 914 statuat.
1068 897 1123 901 ——
1160 875 1286 911 Verba
1317 876 1400 922 ipsa
1425 875 1526 911 haud
1558 875 1670 912 dubie

230 937 315 969 sunt
345 933 391 969 de
418 945 547 981 puyna
572 934 742 971 Turiensi
769 933 1032 981 intelligenda,
1072 932 1119 968 de
1148 942 1221 977 qua
1249 942 1287 967 v.
1317 942 1412 979 quae
1435 931 1606 976 dicemus
1620 931 1671 968 ad

229 989 364 1034 Fr.111‚
385 995 419 1034 1,
439 993 475 1029 6.
502 1009 560 1016 -
593 990 647 1026 De
677 990 844 1026 Valentia
865 991 956 1026 urbe
981 1000 1018 1025 v
1037 989 1166 1024 Ukert.
1192 987 1326 1034 Geogr.
1353 988 1482 1024 Graec.
1506 991 1543 1023 et
1561 987 1668 1023 Rom.

233 1045 629 1092 v01.11.P.1.p.413
648 1057 705 1093 sq.
733 1066 790 1071 ——
827 1045 1056 1082 Structuram
1076 1043 1252 1080 adiectivi
1278 1044 1433 1090 pluralis
1455 1048 1585 1079 neutro
1605 1055 1671 1091 ge-

228 1111 319 1137 nere
337 1112 421 1138 cum
441 1102 605 1149 genitivo
627 1103 825 1149 compositi
843 1101 1111 1138 illustravimus
1131 1100 1180 1135 ad
1194 1099 1299 1136 Catil.
1319 1112 1353 1136 c.
1368 1099 1458 1144 LIX,
1475 1104 1512 1139 2.
1533 1111 1571 1147 p.
1586 1102 1670 1138 314.

228 1157 326 1193 Nota
343 1162 465 1195 autem
493 1158 678 1205 insignem
699 1158 850 1195 dicendi
872 1158 1107 1202 brevitatem,
1137 1167 1211 1203 qua
1241 1158 1335 1192 inter
1362 1157 1465 1192 laeva
1493 1158 1672 1193 moenium

228 1218 300 1249 etc.
312 1213 459 1251 dictum
479 1218 536 1250 est
556 1226 625 1261 pro
647 1216 743 1250 inter
763 1217 924 1259 moenia,
961 1223 1057 1261 quae
1077 1218 1187 1248 erant
1210 1225 1234 1248 α
1248 1217 1364 1260 parte
1382 1214 1507 1258 laeva,
1541 1217 1577 1249 et
1600 1213 1671 1260 flu-

228 1279 310 1306 men
337 1269 508 1315 ner-iam,
536 1271 635 1317 quod
652 1276 736 1306 erat
753 1283 775 1306 a
796 1272 944 1307 dextra.

339 1326 401 1361 Fr.
428 1330 487 1364 25.
536 1325 652 1372 [Cort.
682 1339 719 1374 p.
745 1329 829 1365 961.
862 1327 961 1363 Gerl.
989 1325 1051 1360 ed.
1066 1325 1165 1361 mai.
1194 1325 1236 1370 11,
1256 1327 1315 1362 44.
1339 1323 1401 1359 ed.
1424 1325 1512 1360 min.
1546 1324 1589 1367 11,
1610 1327 1671 1363 68-

227 1393 264 1429 Ρ.
295 1385 377 1426 204,
404 1385 463 1420 m
492 1382 604 1418 Debr.
633 1383 677 1426 H,
708 1384 804 1428 133]
859 1383 986 1418 Verba
1020 1383 1078 1417 bis
1120 1380 1247 1416 laudat
1286 1380 1449 1423 Nonius,
1490 1381 1555 1424 IV,
1589 1382 1671 1418 432.

228 1449 266 1486 Ρ.
283 1436 366 1482 398,
384 1439 418 1475 7.
438 1438 555 1474 Merc.
574 1439 778 1486 avidusque,
807 1441 857 1474 ita
869 1439 1054 1485 promptis
1072 1437 1243 1482 ducibus,
1272 1439 1313 1472 ut
1330 1440 1413 1480 etc.‚
1440 1441 1476 1472 et
1489 1435 1673 1479 XVH1‚8

229 1506 268 1541 Ρ.
295 1495 379 1541 553,
401 1494 461 1532 27.
484 1494 701 1533 avidissimis
721 1498 829 1542 atque
848 1495 1032 1542 promptis
1058 1493 1228 1540 ducibus,
1257 1497 1298 1528 ut
1318 1496 1390 1528 etc.
1442 1492 1673 1539 Scripturam

230 1554 386 1596 utroque
404 1550 488 1586 loco
508 1555 719 1598 corruptam
739 1550 1024 1588 emendavimus
1042 1560 1090 1584 ex
1109 1536 1196 1585 cod.
1211 1549 1294 1584 Par.
1305 1548 1350 1584 A.
1384 1549 1535 1596 Vulgo
1525 1560 1563 1584 m
1580 1547 1672 1585 Sall.

230 1605 321 1643 edd.
349 1606 486 1653 legitur
517 1606 725 1655 avidisque
742 1608 793 1642 ita
816 1608 1096 1654 promptusque
1125 1605 1277 1641 due-abus
1304 1610 1375 1640 etc.
1422 1606 1531 1641 Avidi
1556 1604 1672 1640 duces

229 1662 402 1699 dicuntur
415 1663 614 1710 madi
629 1664 934 1713 confliyendique,·
954 1663 1121 1709 prompti
1137 1666 1235 1705 suut,
1258 1661 1321 1708 qui
1342 1665 1672 1709 strenuepugnarn

229 1723 442 1765 capessunt.
490 1718 599 1763 Quod
625 1718 674 1754 ad
694 1730 772 1755 rem
797 1721 918 1766 ipsam
944 1719 1090 1762 attinet,
1118 1717 1398 1765 Freinshemius
1419 1718 1457 1754 in
1478 1717 1672 1764 Supplem.

230 1774 345 1813 Livv.
364 1773 464 1819 xcl,
489 1778 548 1813 26.
580 1775 691 1812 huius
723 1776 937 1823 Fragmenti
969 1775 1134 1821 priorem
1167 1778 1314 1820 partem
1344 1785 1429 1810 cum
1464 1775 1672 1820 posteriore

227 1831 290 1866 Fr.
309 1830 356 1874 11,
374 1834 434 1869 21.
471 1831 508 1866 ἰιι
541 1835 656 1867 unum'
688 1831 887 1868 conflatam
917 1831 965 1866 de
995 1836 1128 1877 pugna
1154 1830 1255 1876 apud
1284 1823 1445 1866 Italicam
1474 1830 1672 1874 intellexit3

230 1886 333 1932 quod
349 1887 485 1925 falsum
513 1897 600 1922 esse
626 1888 697 1922 iam
718 1888 847 1923 Douza
865 1887 977 1928 vidit,
1009 1897 1122 1933 quum
1142 1897 1190 1921 ex
1208 1885 1406 1921 Plutarcho
1427 1887 1527 1921 clare
1549 1889 1675 1932 pateat

233 1942 270 1977 in
290 1953 419 1988 pugna
439 1942 489 1978 ad
509 1941 710 2004 Sayuntnm
730 1943 878 1989 tragula
894 1943 1127 1978 vulneratum
1147 1942 1263 1977 fuisse
1283 1941 1494 1986 Metellum;
1517 1943 1566 1977 cs.
1588 1940 1675 1978 Ser-

230 2001 299 2032 tor.
324 2008 359 2032 c.
377 1999 456 2041 21„
478 1998 529 2032 in.
548 1988 628 2033 Ἐν
649 1993 699 2033 δὲ
723 1997 842 2059 τοῖς
847 1993 1199 2046 Σεγουντίνων
1220 1993 1349 2057 (scrib.
1373 1994 1673 2059 Σαγουντίνων)

228 2048 426 2096 πεδίοις
454 2049 507 2096 εἰς
531 2045 601 2097 τὰς
619 2045 780 2115 ἐσχάτας
818 2042 985 2102 ἀπορίας
1006 2043 1313 2115 κατακεκλειξῶς
1346 2064 1438 2097 τους
1468 2050 1675 2101 πολεμίους

230 2098 470 2172 ἠναγκάσθη
486 2107 703 2157 συμβαλεῖν
720 2099 853 2153 αὐτοῖς
872 2105 1180 2171 καταβαίνουσιν
1198 2098 1264 2155 ἐφ’
1282 2099 1467 2159 ἁρπαγὴν
1483 2105 1552 2146 καὶ
1570 2116 1673 2146 σιτο·

231 2160 379 2229 λργίαν.
430 2157 658 2227 Ἡγωνίσθη
691 2159 734 2201 δὲ
760 2164 944 2214 λαμπραῖς
973 2155 1083 2227 παρ’
1101 2160 1353 2226 αμφοτέρων,
1392 2160 1460 2202 καὶ
1486 2161 1674 2229 Μέμμιος

230 2214 321 2266 μὲν,
350 2231 376 2279 ⁰,
396 2218 478 2256 τῶν
497 2211 576 2256 ὑπὸ
595 2219 795 2283 Πομπηΐῳ
820 2220 1045 2283 στρατηγῶν
1061 2211 1413 2283 ἡγεμονικώτατος,
1441 2216 1484 2258 ἐν
1501 2220 1563 2287 τῷ
1561 2217 1700 2270 παρτ·

220 2286 430 2327 ’τερωτατῳ
456 2274 526 2324 τῆς
551 2268 677 2324 μάχης
715 2258 869 2321 ἔπεσεν,
910 2269 1063 2325 ἐκράτει
1093 2271 1137 2312 δὲ
1161 2269 1400 2340 Σερτώριος,
1447 2273 1515 2314 καὶ
1554 2271 1669 2327 φόνῳ

230 2330 362 2380 πολλῷ
389 2329 469 2367 τῶν
496 2327 551 2367 ἔτι
577 2325 827 2395 συνεστώτων
848 2328 1022 2369 ἐωθεῖτο
1027 2323 1126 2382 πρὸς
1151 2323 1272 2370 αὐτὸν
1306 2344 1374 2369 τον
1404 2329 1672 2370 Μέτελλον.

221 2379 270 2423 ‘0
289 2381 341 2423 δὲ
358 2377 454 2436 παρ’
478 2378 666 2435 ἡλικίανε
646 2396 821 2433 υποστας
837 2385 904 2425 καὶ
921 2388 1147 2438 περιφανῶς
1167 2379 1452 2438 αγωνιζόμενος
1470 2386 1674 2426 παίεται

230 2435 416 2491 δόρατι.
460 2442 629 2478 Eandem
646 2450 809 2507 pugnam
830 2450 1012 2481 memorat
1033 2445 1143 2480 etiam
1159 2444 1361 2510 Appianus
1374 2445 1420 2480 de
1439 2445 1480 2481 B.
1490 2445 1529 2482 C
1546 2446 1573 2489 Ι,
1590 2449 1671 2483 110

229 2511 269 2545 Ρ.
290 2501 372 2537 157
396 2498 456 2534 ed.
479 2497 695 2545 Schweigh.
719 2491 781 2536 01'1
798 2492 900 2537 πολὺ
918 2492 1005 2538 δὲ”
979 2509 1142 2549 υστερον
1159 2490 1295 2549 ἆγῶνα
1312 2496 1435 2550 μέγαν
1452 2492 1672 2563 ἠγωνίσατο

230 2549 343 2604 περι
370 2551 663 2603 Σαγοντίαν
689 2556 819 2599 (scrib.
840 2545 1092 2606 Σαγουντον)
1121 2551 1165 2592 ἐκ
1183 2554 1421 2605 μεσημβρίας
1445 2552 1509 2593 ἐστι
1534 2565 1671 2604 αστρα,

232 2621 267 2645 κ.
285 2621 319 2646 τ.
344 2608 378 2645 λ.
407 2629 462 2635 —
506 2609 668 2657 Trayula
696 2621 816 2657 genus
840 2612 1035 2661 quoddam
1061 2617 1140 2647 erat
1168 2612 1231 2647 teli
1255 2613 1429 2656 missilis,
1458 2613 1505 2649 de
1528 2624 1601 2659 quo
1622 2613 1672 2648 cl'.

230 2666 390 2712 Herzog.
411 2665 460 2701 ad
482 2664 591 2701 Caes.
611 2665 656 2701 B.
677 2665 721 2702 G.
742 2666 770 2710 I,
790 2670 850 2706 26.
869 2672 906 2703 et
922 2669 969 2713 V,
987 2670 1048 2706 48.

341 2722 401 2757 Fr.
418 2724 476 2760 26.
517 2720 631 2767 [Cort.
652 2733 689 2768 p.
708 2723 790 2759 962.
831 2723 930 2759 Gerl.
953 2723 1016 2759 ed.
1043 2723 1132 2758 mai.
1155 2723 1205 2765 ΙΙ,
1237 2724 1295 2760 45.
1337 2723 1396 2758 ed.
1424 2724 1513 2758 min.
1535 2723 1584 2765 II,
1611 2725 1671 2762 69.
