1774 3002
155 10 167 21 ,Ἰ
185 0 259 12 W

0 0 13 169 μ
221 146 230 153 .

0 170 8 186 ,ε

185 288 415 357 aih-intur.
467 309 617 371 Itaque
638 308 769 367 simul
794 312 1048 368 comparant
1074 304 1384 360 delenimenta,
1411 303 1682 361 et-differunt

247 409 329 440 vos
357 394 400 439 in
436 393 672 439 adventum
700 391 778 438 Cn.
818 390 1023 451 Pompei3
1060 403 1188 450 quem
1228 388 1394 448 ipsum,
1434 387 1507 432 ubi
1542 386 1683 446 perti·

245 491 395 524 mucre
421 476 641 522 sublatum
665 475 710 520 in
737 473 933 520 cervices
960 487 1068 518 suas
1081 508 1094 527 ,
1131 486 1236 517 mox
1267 471 1445 530 dempto
1467 471 1587 515 metu
1611 469 1683 514 la-

511 167 842 224 ms‘roalARun
869 182 1184 221 FRAGMENTA.
1209 181 1296 218 Lm.
1327 181 1386 217 111.
1597 173 1684 217 28⁹

246 636 360 678 Arus.
392 648 429 672 v.
449 634 575 679 Kane,
600 645 640 683 p.
660 636 745 672 243.
764 632 825 669 cd.
846 631 953 668 Lind.
1012 632 1135 679 Vulgo
1161 632 1294 679 tegitur
1323 631 1507 668 cavendus
1535 636 1683 667 tumen

245 692 348 729 dolus
367 695 431 738 est,
452 703 524 739 quo
547 691 605 727 vis
627 690 832 726 sententiae
854 689 965 725 valde
991 688 1201 724 debilitatur
1221 699 1266 724 ac
1287 688 1524 734 pervertitur.
1554 687 1683 734 Neque

247 748 485 796 respicienda
506 747 683 784 Gronovii
698 747 830 791 (Obss.
850 745 955 789 111‚2.
974 756 1011 792 p.
1023 746 1127 789 343.)
1146 745 1360 781 coniectura
1374 748 1524 789 tantiam,
1546 744 1685 791 quippe

248 816 344 852 quae
371 806 589 852 interpolata
620 804 776 840 lectione
808 802 955 838 nitatur.
1015 800 1186 837 Ceterum
1217 801 1312 837 haec
1351 803 1465 838 verba
1482 829 1491 845 ,
1521 812 1617 847 quae
1649 800 1686 836 in

248 861 361 898 codd.
382 866 418 896 et
438 861 528 898 edd.
544 861 716 896 omnibus
731 863 819 906 post
830 858 1060 895 conabuntur
1077 862 1306 905 comparent,
1320 862 1407 905 post
1422 858 1555 894 dehere
1567 861 1688 894 trans-

248 919 456 964 posuimus,
478 917 588 954 Fabri
613 917 830 953 auctoritate
850 915 956 959 moti,
987 915 1049 962 qui
1078 914 1296 951 acutissime
1318 914 1532 962 suspicatus
1561 918 1619 950 est
1641 924 1687 950 ea

251 975 288 1010 in
309 973 566 1020 antiquissimo
588 973 712 1020 aliquo
733 971 884 1015 codice,
914 971 1012 1007 unde
1037 971 1150 1007 ceteri
1171 970 1372 1015 fluxerunt,-
1391 972 1476 1008 loco
1497 982 1567 1006 suo
1587 975 1687 1006 mota

250 1031 380 1067 fuisse.
437 1029 539 1066 Nihil
559 1029 672 1074 enim,
705 1034 741 1065 ut
762 1029 874 1075 vulgo
894 1027 1086 1071 edebatur,
1105 1032 1280 1064 accurate
1308 1028 1403 1067 inter
1425 1039 1468 1064 se
1488 1027 1686 1070 cohaerct;

248 1097 337 1122 nam
355 1091 395 1122 ut
414 1087 529 1122 verba
545 1096 740 1133 namque
758 1104 816 1110 ——
834 1084 1063 1120 conabuntur
1080 1085 1218 1120 nullam
1236 1094 1390 1131 prorsus
1408 1087 1585 1120 caussam
1599 1094 1687 1119 con-

249 1143 367 1179 tinent
384 1141 701 1189 praecedentium,
723 1141 774 1177 ita
797 1141 965 1177 subiecta
983 1140 1043 1177 his
1064 1141 1248 1176 sententia
1265 1151 1344 1177 σου.
1373 1141 1446 1177 dol.
1466 1144 1519 1177 ese
1537 1140 1687 1176 minime

250 1210 298 1235 ex
326 1198 522 1246 superiore
543 1198 691 1247 prodit,
713 1208 834 1244 neque
865 1208 998 1234 rursus
1027 1208 1124 1244 quae
1151 1201 1356 1244 sequuntur
1376 1197 1450 1233 ullo
1475 1195 1589 1233 modo
1612 1186 1688 1244 ‘per

247 1257 370 1302 itaque
387 1255 606 1302 particulam
632 1266 716 1291 cum
737 1253 919 1301 proximis
945 1253 1083 1290 sociari
1112 1259 1289 1300 possunt;
1323 1265 1409 1290 nam
1439 1253 1540 1300 quod
1561 1253 1688 1290 Gerla-

251 1311 358 1348 chius
376 1312 462 1347 Vol.
481 1311 541 1347 111.
566 1323 604 1358 p.
625 1314 685 1351 99.
713 1311 932 1347 allucinatur
957 1311 1078 1357 itaque
1105 1311 1257 1357 saepius
1278 1308 1366 1359 [ἳέ]
1397 1311 1433 1346 vi
1462 1311 1689 1356 explicativa

252 1368 341 1414 poni
361 1378 429 1414 pro
447 1377 578 1415 nempe
598 1369 660 1404 vel
686 1369 856 1403 nimirum
878 1364 977 1415 [?!]‚
1009 1366 1048 1401 id
1066 1366 1179 1402 huius
1204 1367 1274 1403 viri
1293 1367 1531 1412 insipientiae
1550 1367 1688 1402 condo-

254 1423 418 1460 nandum
435 1428 502 1460 est.
559 1423 813 1470 Transpositis
838 1433 929 1459 vero
955 1422 1080 1458 verbis
1103 1423 1227 1458 omnia
1250 1422 1424 1470 expedita
1452 1422 1555 1458 fiunt.
1595 1424 1688 1459 Nam

253 1491 366 1527 quum
387 1480 511 1517 verbis
532 1482 636 1516 cuius
659 1481 858 1527 torpedinis
877 1483 959 1514 erac
979 1479 1138 1526 decipi
1163 1480 1371 1516 rectissime
1391 1483 1428 1514 et
1446 1490 1531 1516 cum
1552 1490 1688 1527 magna

253 1537 431 1573 orationis
454 1536 490 1573 vi
510 1536 706 1581 subiicitur-
721 1536 904 1572 cavendus
921 1536 1026 1571 dahas
1048 1540 1112 1580 est,
1143 1540 1218 1572 tum
1236 1535 1334 1573 hanc
1356 1537 1576 1572 sententiam
1596 1537 1691 1583 opti-

253 1603 313 1628 me
333 1593 522 1639 excipiunt
538 1593 655 1629 haec:
677 1602 835 1640 namque
851 1592 923 1628 alio
941 1591 1047 1628 modo
1067 1593 1141 1636 (sc.
1167 1603 1278 1639 quam
1297 1593 1397 1637 dolo)
1416 1603 1534 1640 neque
1555 1609 1608 1616 —
1627 1603 1688 1630 co-

253 1649 458 1693 nubuntur,
486 1650 624 1697 quippe
653 1649 787 1696 quibus
820 1648 1006 1685 cautionis
1030 1649 1241 1685 necessitas
1268 1648 1557 1686 demonstratur.
1607 1650 1690 1685 lam

254 1705 364 1742 etiam
383 1707 506 1752 itaque
533 1709 634 1742 recte
663 1716 704 1742 se
725 1705 859 1749 habet,
889 1715 963 1752 quo
985 1705 1178 1742 sententia.
1198 1707 1405 1747 annectitur
1425 1706 1502 1742 doli
1524 1706 1689 1749 modum,

253 1762 313 1797 cui
341 1761 512 1798 nobilitas
531 1762 718 1806 studebat,
739 1761 968 1806 ostendens;
986 1761 1062 1798 hoc
1080 1762 1179 1798 enim
1198 1762 1235 1797 in
1262 1762 1445 1809 particula
1468 1763 1587 1799 inest:
1614 1763 1691 1799 solo

254 1818 399 1864 ἐρίων
426 1818 508 1854 dolo
526 1820 678 1855 nitentes
696 1817 906 1854 etc.—Ad
925 1818 1155 1854 conabuntur
1172 1829 1220 1853 ex
1238 1820 1360 1854 valent
1381 1821 1498 1855 verbo
1515 1820 1691 1866 supplen—

256 1873 344 1908 dum
366 1877 423 1909 est
446 1875 585 1915 valere;
609 1876 658 1910 ci,
680 1875 741 1910 Fr.
764 1874 807 1917 Π,
828 1879 886 1920 50,
906 1877 941 1912 4.
962 1874 1021 1917 III,
1043 1876 1102 1918 77,
1122 1878 1158 1912 2.
1192 1879 1227 1910 ct
1246 1874 1409 1910 Gramm.
1429 1876 1493 1911 lat.
1519 1880 1636 1911 nostr.
1656 1878 1692 1918 ς.

257 1931 338 1972 159,
362 1933 396 1966 5.
416 1941 454 1976 p.
474 1932 554 1967 603.

367 1985 432 2020 ubi
443 1986 667 2032 pertimuere
684 1981 863 2021 sublatum
883 1987 920 2021 in
940 1987 1100 2022 cervices
1119 1988 1227 2031 suas)
1249 1987 1272 2023 i.
1294 1997 1330 2023 e.
1350 1998 1457 2034 quem
1475 1991 1561 2032 nnn,
1581 1999 1692 2035 quum

256 2042 294 2076 in
309 2051 446 2077 summo
459 2042 585 2077 &nore
602 2041 767 2088 fuerunt,
782 2043 1008 2079 simulet-unt
1020 2043 1058 2077 in
1072 2044 1232 2079 cervices
1244 2053 1346 2080 suas.
1376 2044 1549 2091 Intelligit
1564 2045 1693 2080 Macer

259 2102 405 2144 tempus
426 2096 528 2142 illud,
551 2108 624 2144 quo
646 2097 815 2133 Metellus
837 2098 875 2133 in
897 2098 1077 2145 Hispania
1099 2102 1173 2135 tam
1197 2100 1293 2135 male
1313 2110 1392 2135 rcm
1419 2105 1549 2137 contra
1568 2100 1694 2137 Serto-

258 2154 353 2189 rium
374 2154 536 2200 gerebat,
556 2159 596 2190 ut
610 2153 767 2190 Romani
786 2155 823 2190 in
842 2166 914 2190 uno
930 2155 1106 2201 Pompeio
1127 2166 1233 2201 spem
1254 2156 1420 2193 melioris
1439 2158 1607 2194 fortunae
1627 2169 1693 2205 po-

261 2213 411 2252 nerent,
434 2220 593 2256 eumque
615 2221 760 2251 summo
786 2211 940 2258 imperio
971 2211 1181 2258 praeditum
1212 2217 1342 2248 contra
1364 2213 1468 2250 illum
1494 2215 1694 2250 mitterent.

260 2266 464 2302 Dictionem
490 2267 529 2301 in
547 2267 706 2302 cervices
725 2267 850 2303 tollere
869 2269 1029 2304 Orellius
1060 2272 1160 2304 recte
1189 2268 1285 2304 vidit
1305 2269 1541 2316 desumptam
1561 2282 1648 2307 esse
1671 2282 1694 2306 a

258 2323 375 2358 servis
393 2322 596 2366 lecticariis,
625 2323 1026 2361 dominum.oervice·bus
1040 2325 1281 2372 pes-tuniba&
1308 2337 1423 2372 quare
1451 2327 1524 2363 hoc
1553 2327 1695 2374 signifi-

260 2382 377 2422 catur,
397 2378 623 2414 nobilitatem
642 2389 765 2416 rerum
786 2391 937 2417 suarum
960 2381 1089 2417 timore
1109 2385 1330 2418 commotam
1349 2383 1566 2430 Pompeium
1587 2384 1695 2430 quasi

262 2433 450 2470 dominum
473 2435 542 2470 sibi
563 2435 799 2471 constituisse
819 2447 863 2473 ac
885 2438 1013 2473 servili
1042 2438 1222 2484 obsequio
1242 2439 1422 2474 coluisse.
1441 2439 1600 2476 —Mox
1621 2451 1695 2476 non

260 2494 318 2526 est
335 2501 446 2533 nunc,
469 2495 508 2526 ut
526 2491 721 2527 Gerlachio
744 2492 878 2536 visum,
898 2493 969 2529 sed
985 2495 1106 2541 aliquo
1121 2495 1385 2541 praeter-lapso
1404 2500 1578 2543 tempore,
1594 2496 1694 2542 quod

261 2547 384 2593 ipsum
415 2546 588 2583 definitur
618 2548 741 2584 verbis
771 2549 913 2596 dempto
942 2554 1057 2593 metu,
1094 2561 1149 2586 sc.
1178 2550 1352 2593 Sertorii,
1388 2553 1619 2598 periculique
1649 2564 1696 2588 ex

255 2603 443 2649 Hispania
470 2603 710 2640 imminentis.
768 2605 922 2641 Mirifice
958 2607 1069 2653 igitur
1106 2606 1325 2642 Gerlachius
1360 2612 1396 2642 et
1426 2608 1548 2644 Faber
1582 2610 1697 2644 verba

263 2659 406 2706 dempto
430 2664 536 2704 melu,
557 2670 653 2706 quac
672 2665 799 2706 aperte
815 2666 1051 2708 opponuntur
1066 2662 1379 2708 praecedentibus
1393 2663 1455 2700 ubi
1458 2666 1695 2711 pertimuere,

264 2715 415 2761 capiunt
439 2715 485 2751 de
509 2716 706 2763 Pompeio,
738 2727 848 2762 quem
877 2719 1020 2755 nobiles
1046 2729 1121 2754 non
1146 2719 1307 2764 amplius
1327 2719 1512 2755 timerent.
1568 2720 1697 2755 Totius

265 2775 387 2807 autem
409 2771 480 2806 loci
502 2783 654 2808 sensum
682 2783 838 2818 prorsus
866 2775 1044 2820 pervertit
1062 2774 1201 2817 Faber,
1229 2775 1279 2809 ita
1306 2775 1588 2821 interpretatus:
1620 2787 1698 2820 „so

377 2852 542 2877 SALLusri
571 2853 707 2878 maon.
1370 2840 1424 2881 19
