1774 3002
183 180 266 223 316
659 187 698 224 C.
727 187 785 225 SA
792 186 956 224 LLUSTI
985 186 1134 225 CRISPI

184 309 296 355 Dum
332 325 359 355 a
387 309 824 372 Carthaginiensibus
853 313 1183 373 premebantur,
1218 311 1447 360 amicitiam
1483 316 1625 362 simu-
1648 329 1670 364 6

182 393 323 440 lantes
355 394 394 440 ei
422 396 753 443 subvenientem
780 396 1045 442 Antiochum
1082 396 1369 443 concessione
1393 398 1528 445 Asiae
1547 415 1627 460 per

182 477 331 522 dolum
358 479 558 523 avertere
573 514 583 534 ,
608 493 658 523 ac
679 493 804 536 mox,
833 481 971 526 fracto
990 479 1215 540 Philippo,
1244 480 1488 528 Antiochus
1511 486 1627 530 omni

181 560 242 605 cis
282 562 473 606 Taurum
500 563 611 622 agro
638 563 680 607 et
717 562 867 608 decem
897 563 1086 609 millibus
1117 563 1380 610 talentorum
1412 566 1627 625 spoliatus

180 646 259 690 est.
306 644 473 690 Persen
510 645 680 701 deinde,
718 645 906 706 Philippi
933 646 1084 702 filium,
1111 649 1213 707 post
1250 648 1384 693 multa
1420 652 1462 694 et
1497 651 1662 704 varia7

179 728 416 774 certamina
437 729 552 789 apud
574 729 884 775 Samothracas
907 730 1016 776 deos
1048 733 1274 791 acceptum
1296 731 1337 776 in
1366 731 1498 779 fidem
1528 735 1624 781 cal-

179 812 252 857 lidi
293 816 335 858 et
373 814 622 873 repertores
662 813 894 874 perfidiae,
934 813 1036 874 quia
1065 818 1194 874 pacto
1227 815 1362 860 vitam
1399 816 1621 874 dederant,
1662 879 1668 881 λ

180 976 257 1011 199.
289 985 324 1010 a.
355 972 439 1010 Chr.
472 974 525 1018 n.)
562 973 785 1018 invasisset,
815 973 1069 1010 Romanorum
1100 975 1221 1012 amica
1251 975 1505 1013 admonitione
1539 962 1624 1024 pei·-

178 1034 299 1066 motus
322 1034 389 1076 est,
412 1034 450 1066 ut
471 1041 516 1066 eo
541 1031 638 1066 bello
663 1030 882 1075 absisteret;
906 1032 952 1068 cs.
975 1032 1054 1066 Liv.
1074 1031 1222 1078 XXXII,
1241 1035 1277 1077 8,
1301 1037 1358 1071 15.
1399 1033 1502 1069 Idem
1533 1034 1623 1070 duo-

176 1088 246 1123 bus
267 1087 375 1123 annis
397 1091 482 1134 post
500 1090 554 1131 (a.
571 1089 650 1125 197.
667 1098 701 1122 a.
720 1086 825 1131 Chr.)
851 1098 962 1134 quum
986 1088 1130 1123 interim
1151 1089 1306 1125 feliciter
1327 1089 1374 1125 de
1396 1090 1620 1135 Palaestina,

178 1143 409 1191 Coelesyria
425 1148 460 1179 et
481 1143 684 1179 Phoenicia
709 1148 837 1179 contra
865 1144 1117 1180 Ptolemaeum
1147 1149 1367 1192 pugnasset,
1389 1145 1518 1183 Asiam
1540 1158 1619 1183 rur-

177 1212 240 1237 sus
271 1201 428 1245 invasit,
457 1211 662 1248 omnesque
679 1200 727 1236 ibi
748 1201 940 1245 civitates,
964 1205 1002 1237 ut
1021 1201 1148 1238 Livius
1174 1202 1224 1237 ait
1245 1201 1410 1247 XXXIII,
1431 1205 1489 1247 38,
1514 1207 1560 1249 1.,
1584 1204 1620 1240 in

176 1257 366 1304 antiquam
387 1258 532 1304 imperii
555 1258 749 1293 formulam
774 1257 945 1304 redigere
971 1262 1027 1294 est
1047 1262 1201 1295 conatus
1214 1288 1222 1303 ,
1249 1258 1441 1304 Romanis,
1461 1260 1523 1306 qui
1543 1263 1619 1297 tum

176 1314 422 1350 Macedonico
453 1315 550 1351 bello
578 1314 756 1360 implicati
780 1319 928 1360 essent,
960 1315 1080 1361 primo
1101 1326 1175 1351 non
1197 1314 1499 1362 impedientibus,
1520 1320 1619 1354 acta-

174 1383 246 1418 que
268 1372 363 1416 eius,
386 1374 562 1418 tanquam
584 1371 675 1407 nihil
697 1370 746 1406 ad
765 1382 831 1407 eos
853 1372 1088 1418 pertinentia,
1111 1371 1454 1418 dissimulantibus3
1475 1383 1515 1409 v.
1537 1373 1616 1409 Liv.

172 1428 337 1474 XXXIII,
359 1430 416 1473 40,
437 1430 470 1466 7.
517 1428 596 1464 Hoc
619 1428 740 1474 ipsum
770 1432 892 1464 autem
914 1432 982 1473 est,
1003 1428 1104 1475 quod
1126 1428 1358 1465 Mithridates
1379 1429 1474 1466 mira
1493 1440 1618 1467 rerum

173 1486 394 1522 confusione
425 1484 533 1529 dicit,
565 1484 755 1521 Romanos
779 1485 1004 1521 Antiochum
1025 1487 1256 1522 concessione
1274 1485 1385 1522 Asiae
1402 1496 1471 1533 per
1492 1485 1619 1523 dolum

173 1542 371 1579 avertisse.
410 1542 561 1586 Fracto,
585 1542 609 1577 i.
633 1553 666 1577 e.
688 1542 798 1588 plane
823 1542 970 1579 devicto
993 1543 1210 1590 viribusque
1233 1543 1405 1589 spoliato,
1423 1554 1474 1580 sc.
1490 1554 1618 1591 pugna

173 1599 235 1634 illa
263 1599 313 1635 ad
345 1598 666 1651 Cynoscephalas.
712 1598 836 1651 Vulgo
862 1610 1043 1645 perverse
1074 1599 1208 1646 legitur
1229 1602 1358 1644 tracto,
1379 1599 1480 1636 nullo
1501 1611 1617 1637 sensu

171 1658 206 1690 et
227 1659 356 1692 contra
376 1655 491 1691 fidem
514 1654 601 1690 cod.
622 1655 707 1690 Vat.
731 1658 763 1692 1.
786 1659 822 1691 et
841 1659 878 1693 2.

282 1714 382 1749 omni
399 1713 453 1748 cis
475 1711 639 1747 Taurum
660 1722 751 1758 ayro
773 1708 865 1759 etc.)
903 1711 943 1746 In
973 1722 1128 1747 numero
1154 1713 1371 1748 talentorum
1395 1712 1618 1749 dissentiunt

168 1769 297 1806 Livius
330 1768 514 1812 XXXVII,
550 1770 607 1811 45,
638 1769 696 1805 14.
725 1772 761 1803 et
789 1768 951 1814 Appian.
984 1767 1128 1815 Syriae.
1160 1779 1194 1804 c·
1218 1771 1276 1806 38.
1314 1769 1399 1804 Vol.
1425 1769 1452 1804 I.
1474 1780 1512 1815 p.
1532 1772 1613 1808 594.

170 1825 404 1874 Schweigh.,
429 1825 491 1872 qui
518 1824 658 1860 habent
683 1824 887 1871 quindecim
916 1825 1040 1860 millia.
1085 1824 1175 1860 Cum
1204 1827 1330 1861 nostro
1359 1825 1614 1874 sacitEutrop.

169 1882 232 1927 IV,
263 1887 300 1921 2.
337 1883 391 1919 De
424 1882 517 1918 Asia
551 1884 674 1917 autem
706 1881 760 1917 cis
788 1881 952 1917 Taurum
988 1881 1163 1928 adempta
1197 1892 1329 1918 omnes
1366 1882 1613 1928 consentiunt,

168 1940 277 1976 etiam
300 1938 430 1976 Cicero
450 1950 487 1985 p.
512 1938 615 1975 Sext.
637 1940 695 1983 27,
716 1940 773 1976 58.
794 1949 831 1985 p.
853 1937 972 1974 Deiot.
996 1941 1053 1982 13,
1073 1940 1132 1976 36.
1161 1937 1298 1974 CORT.

282 2000 315 2040 §.
337 1998 372 2034 7.
410 1995 514 2042 apud
543 1994 808 2031 Samothracas
838 1995 924 2032 deos
951 1998 1143 2041 acceptam
1170 1995 1209 2030 in
1234 1995 1364 2042 fidem)
1395 1995 1442 2031 cl'.
1461 1995 1556 2032 Vell.
1587 1996 1612 2039 1,

166 2057 201 2098 9,
237 2055 272 2090 4.
313 2052 452 2089 Perses
481 2072 538 2077 ——
563 2053 602 2087 in
628 2051 786 2087 insulam
816 2050 1109 2088 Samothraciam
1134 2051 1320 2099 perftaqst,
1358 2052 1550 2100 templique
1574 2062 1614 2089 se

167 2111 334 2158 reliyioni
351 2109 551 2156 supplicem
572 2108 739 2144 credidit.
778 2109 859 2146 Liv.
881 2108 993 2152 XLV,
1013 2110 1047 2152 4,
1068 2111 1104 2146 3.
1158 2107 1321 2144 Perseus
1343 2109 1476 2145 amisso
1505 2118 1614 2145 exer-

166 2168 249 2212 citu,
279 2168 442 2203 extorris
470 2176 604 2213 reqno,
626 2166 664 2201 in
681 2175 843 2211 parvam
863 2166 1020 2201 insulam
1040 2165 1265 2211 compulsus,
1294 2165 1477 2212 supplex,
1506 2164 1616 2212 fani

166 2224 426 2270 reliyione,
448 2233 522 2258 non
541 2223 618 2258 suis
637 2221 773 2258 viribus
792 2225 900 2258 tutus.
941 2222 1009 2257 Dio
1033 2220 1139 2258 Cass.
1180 2220 1240 2257 Fr.
1262 2223 1320 2260 74.
1350 2221 1437 2257 Vol.
1451 2221 1480 2257 1.
1498 2232 1534 2268 p.
1551 2225 1610 2261 31.

166 2280 286 2319 Reim
317 2299 374 2305 —
402 2278 663 2315 Samothraces
693 2279 747 2314 dit
770 2282 855 2315 sunt
884 2278 1023 2321 Cabiri,
1056 2277 1102 2313 de
1125 2278 1257 2324 quibus
1279 2277 1439 2314 Orellius
1462 2278 1614 2315 contulit

168 2336 294 2374 Schol.
325 2335 374 2372 ad
401 2335 578 2382 Apollon.
607 2334 730 2370 Rhod.
760 2334 788 2379 I,
819 2336 900 2373 917
929 2346 966 2381 Ρ
994 2334 1203 2373 46.We11.
1250 2333 1464 2371 Μυοῦνται
1493 2329 1536 2371 ἕν
1565 2333 1613 2385 τῇ

161 2384 428 2456 Σαμοθράκῃ
434 2391 516 2436 τοῖς
514 2387 744 2454 Καβείροις.
753 2411 800 2417 -
816 2386 1006 2440 Τέσσαρες
1024 2381 1056 2427 δ’
1068 2386 1141 2427 εἶσὶ
1156 2381 1225 2427 τὸν
1236 2381 1425 2454 αρνθμόν,
1430 2345 1612 2455 Ἀξίερος,

161 2440 406 2516 Ἀξιόκερσα,
417 2439 674 2510 Ἀξιόκερσος.
716 2438 883 2511 ’Λξίερος
901 2443 972 2494 μὲν
991 2435 1065 2484 οὖν
1086 2442 1190 2490 ἐστιν
1207 2459 1232 2496 η
1254 2439 1458 2512 Δημήτηρ.
1485 2437 1609 2492 ’Agin'-

165 2515 287 2556 κερσα
314 2500 356 2542 δὲ
372 2495 412 2554 ἡ
439 2496 687 2568 Περσεφόνη.
725 2494 968 2569 Ἀξιόκερσος
989 2495 1066 2540 δὲ
1050 2516 1071 2541 ο
1086 2496 1237 2552 Ἅιδης.
1271 2495 1318 2540 Ὁ
1338 2498 1381 2540 δὲ
1393 2497 1608 2567 ’προστιθέ-

164 2574 278 2611 μενος
307 2558 485 2612 τέταρτος
506 2553 710 2608 Κασμιλος
737 2552 757 2598 ὁ
770 2552 917 2609 Ερμῆς
936 2555 1050 2597 ἐστιν.
1075 2580 1130 2585 —
1159 2560 1212 2595 De
1232 2561 1321 2596 Pers
1303 2571 1369 2596 seo
1392 2561 1429 2595 in
1449 2562 1609 2605 potesta-

164 2624 241 2655 tem
263 2619 518 2655 Romanorum
553 2616 688 2654 tradito
716 2629 750 2654 v.
788 2618 868 2654 Liv.
901 2617 1015 2664 XLV,
1047 2623 1083 2656 5.
1117 2621 1152 2652 et
1172 2619 1204 2655 6.
1237 2635 1288 2641 ——
1320 2617 1391 2652 Pro
1411 2616 1608 2662 insomniis,

164 2676 313 2723 Lipsius
344 2676 512 2720 Quaestt.
533 2676 629 2722 Epp.
648 2673 709 2718 IV⁷
732 2677 788 2712 14.
810 2674 969 2709 malebat
989 2675 1187 2717 insomnia,
1209 2675 1356 2719 praeter
1376 2682 1521 2707 omnem
1545 2683 1609 2707 ne-

165 2732 391 2777 cessitatem,
412 2733 544 2778 plurali
573 2731 739 2767 crebram
760 2730 1018 2778 repetitionem
1045 2731 1125 2766 sive
1151 2729 1380 2765 iterationem
1401 2727 1607 2765 insomniae

165 2788 376 2833 indicante3
396 2799 433 2824 v.
453 2788 653 2825 Grammat.
674 2788 736 2825 lat.
759 2791 875 2824 nostr.
891 2790 926 2829 §.
945 2790 1024 2825 110.
1046 2790 1118 2822 not.
1138 2789 1174 2824 3.
1191 2797 1229 2832 p.
1244 2786 1326 2823 224.
1342 2785 1429 2820 coll.
1448 2783 1554 2822 Catil.
1574 2797 1608 2822 c.
