1774 3002
119 129 202 173 246
571 109 574 111 ’
604 134 643 171 e.
679 134 909 173 SALLUsrr
941 134 1094 173 cmsm

262 262 328 305 73.
385 259 470 314 Qui
507 258 627 305 nullo
655 261 775 305 certo
802 259 935 304 exilio
966 260 1256 319 vagabantur.

260 345 327 389 74.
380 343 575 402 Apertae
610 345 783 402 portae,
821 343 989 402 repleta
1019 358 1127 388 arva
1157 344 1410 389 cultoribus,

261 428 327 472 75.
383 425 614 472 Cossinius
645 427 688 471 in
716 441 934 486 proxuma
969 427 1075 473 villa
1101 429 1223 472 fonte
1260 427 1500 474 lavabatur.

125 590 179 628 15.
197 588 233 623 4.
293 585 389 621 Dein
412 595 522 632 vayos
543 590 577 621 et
590 587 734 632 pacis
753 587 878 623 modo
907 587 1071 634 effuso
1084 598 1103 624 s
1135 588 1235 623 lixas
1262 588 1572 635 neqocialoresque

123 642 314 678 Romanos
335 642 520 677 invadunt.
547 660 605 668 —
634 642 782 680 Invasio
804 644 930 679 talium
951 645 1096 680 urbium
1117 655 1229 690 quum
1246 653 1321 679 non
1345 643 1417 679 nisi
1438 655 1572 690 repen-

123 700 199 734 tino
222 699 364 745 impetu
380 697 462 734 fieri
484 702 627 744 posset,
648 700 816 736 immanis
838 712 927 735 vero
948 700 1132 737 hominum
1152 702 1205 736 vis
1220 699 1341 736 multis
1361 709 1382 736 e
1398 700 1485 737 locas
1505 711 1571 736 eas

123 754 381 791 Invadentium
402 755 576 791 ostendat
596 766 672 791 non
695 757 742 792 de
761 758 859 792 iusto
882 754 1050 794 exercitu
1065 757 1126 793 hic
1146 757 1220 804 agi,
1245 756 1309 793 vix
1328 750 1482 792 dubium
1501 760 1571 801 est,

125 812 214 858 quin
242 811 316 849 hoc
334 811 600 858 Fragmentum
622 812 671 848 ad
691 814 828 850 bellum
852 813 990 850 servile
1021 813 1259 850 referendum
1280 812 1345 858 sit,
1377 813 1440 849 ubi
1459 813 1572 859 pluri—

126 879 208 905 mae
229 869 342 904 urbes
364 869 486 904 subito
510 869 753 919 fugitivorum
774 871 927 908 incursu
952 881 1159 918 oppressae
1185 873 1290 913 sunt,
1323 869 1384 905 cui
1408 869 1572 916 explica-

125 924 214 961 tioni
235 935 356 972 paene
378 925 549 972 singulae
572 936 688 962 voces
711 928 953 963 conveniunt.
1014 927 1131 964 Simul
1148 926 1334 973 particula
1354 926 1453 963 enim
1479 925 1573 962 indi—

125 986 184 1018 cat
205 981 340 1018 eodem
362 985 549 1028 tempore,
581 993 653 1028 quo
676 984 775 1019 servi
797 985 836 1019 in
856 984 1010 1019 urbibus
1032 994 1076 1021 ac
1103 983 1202 1020 villis
1227 982 1398 1018 dominos
1419 982 1573 1019 desere-

124 1040 214 1074 bant
232 1038 437 1084 armatique
460 1038 497 1073 in
518 1049 584 1074 eos
602 1039 804 1084 irruebant,
825 1040 1060 1076 extrinsecus
1077 1040 1213 1075 multos
1234 1039 1330 1075 alius
1353 1039 1502 1086 generis
1523 1038 1573 1076 ad

126 1105 193 1132 eos
219 1093 463 1132 confluxisse.
525 1095 630 1140 Quae
655 1098 824 1132 immanis
849 1096 1033 1132 hominum
1055 1097 1108 1133 vis
1127 1097 1247 1132 multis
1273 1106 1293 1131 e
1320 1096 1408 1131 locis
1435 1106 1574 1133 conve-

126 1152 233 1188 niens
255 1153 448 1187 constabat
470 1155 546 1187 tum
563 1162 611 1188 ex
625 1154 839 1199 pastoribus
856 1157 892 1189 et
907 1153 1131 1200 agrestibus,
1152 1156 1229 1188 tum
1246 1163 1294 1187 ex
1309 1151 1367 1196 iis,
1389 1152 1450 1198 qui
1470 1152 1574 1198 agris

124 1209 224 1256 pulsi
246 1209 304 1253 (v.
325 1207 405 1255 Iug.
429 1219 463 1244 c.
483 1208 576 1253 XLI,
590 1211 627 1247 8.
647 1209 709 1246 Fr.
729 1210 758 1254 Ι,
778 1212 836 1253 45,
861 1213 918 1248 12.
940 1214 976 1244 et
996 1212 1096 1251 §.24¹
1120 1209 1217 1253 Fr.1‚
1237 1205 1319 1256 49.)
1338 1212 1401 1244 aut
1420 1208 1573 1244 civitate

127 1264 236 1301 eiecti
258 1269 376 1309 erant,
402 1264 449 1300 de
471 1265 604 1311 quibus
628 1278 665 1302 v.
686 1266 748 1302 Fr.
770 1277 826 1312 sq.
886 1266 944 1302 Ex
964 1270 1039 1302 tum
1061 1265 1247 1312 particula
1279 1263 1328 1300 ad
1349 1266 1512 1311 patentis
1539 1269 1575 1301 et

125 1322 270 1368 effusas
287 1321 405 1357 relata
434 1321 651 1369 intelligitur
670 1322 743 1358 hoc
762 1323 1027 1370 Fragmentum
1047 1321 1096 1358 ad
1116 1321 1275 1367 primum
1296 1325 1468 1367 spectare
1488 1322 1576 1358 belli

128 1378 278 1415 servilis
302 1381 460 1424 tempus,
481 1389 568 1424 quo,
592 1389 706 1425 quum
727 1390 867 1415 novum
890 1379 1013 1415 adhuc
1035 1382 1136 1414 esset
1163 1377 1255 1415 illud
1276 1378 1434 1422 malum,
1464 1379 1574 1415 urbes

127 1435 249 1471 minus
273 1435 343 1470 sibi
362 1439 542 1471 caverent
567 1446 589 1470 a
614 1436 735 1472 subito
756 1436 999 1482 fugitivorum
1027 1435 1189 1481 impetu;
1215 1438 1348 1481 postea
1367 1434 1489 1478 enim,
1518 1445 1576 1471 se-

129 1491 268 1527 ditione
288 1492 533 1538 pervulgata,
565 1492 705 1529 clausis
727 1503 793 1528 eas
814 1492 943 1539 egisse
964 1492 1106 1538 portis,
1132 1501 1253 1537 neque
1273 1494 1445 1537 patentes
1467 1495 1503 1527 et
1523 1491 1578 1526 ef-.

127 1550 231 1584 fusas
262 1548 401 1591 ruisse,
436 1558 510 1583 non
532 1551 588 1583 est
617 1548 716 1595 quod
743 1549 966 1585 dubitemus.
1028 1549 1068 1583 In
1098 1546 1302 1593 Campania
1331 1552 1453 1583 autem
1479 1547 1575 1583 haec

128 1608 212 1650 acta
231 1615 317 1640 esse
338 1614 406 1650 per
429 1616 471 1640 se
491 1608 606 1650 patet.

240 1660 302 1696 Fr.
324 1663 383 1699 73.
420 1659 535 1704 [Cort.
555 1671 594 1707 p.
612 1663 717 1699 1009.
750 1660 848 1696 Gerl.
871 1660 933 1697 ed.
954 1661 1043 1696 mai.
1065 1661 1138 1701 Inc.
1159 1663 1240 1698 154.
1272 1659 1334 1695 ed.
1356 1660 1446 1696 min.
1468 1660 1495 1705 I,
1514 1663 1576 1699 81.

127 1729 167 1765 p.
188 1719 271 1762 196,
290 1720 348 1755 12.
390 1716 502 1753 Debr.
523 1717 550 1762 I,
573 1716 648 1766 68.]
707 1717 817 1754 Serv.
848 1717 898 1753 ad
925 1717 1033 1763 Virg.
1054 1717 1151 1752 Aen.
1171 1717 1199 1761 I,
1218 1720 1256 1755 2.
1288 1752 1291 1754 ,
1313 1715 1576 1763 Fragmentum

126 1772 370 1822 praecedenti
391 1773 632 1818 subiecimus,
648 1773 750 1820 quod
768 1773 1027 1820 probabilitate
1044 1784 1119 1808 non
1139 1783 1269 1808 carere
1290 1771 1439 1808 videtur
1461 1772 1575 1819 signi-

127 1831 234 1868 ficari
257 1829 296 1866 id
306 1841 436 1877 genus
459 1829 665 1875 hominum,
696 1830 758 1877 qui
782 1831 892 1866 bonis
915 1830 1015 1865 domi
1035 1830 1187 1866 amissis
1207 1828 1373 1876 fugitivis
1403 1839 1490 1864 sese
1510 1828 1576 1865 ad-

128 1889 338 1935 iungerent.
397 1886 618 1933 Plerumque
649 1887 799 1925 civitate
830 1885 998 1933 expulsis
1029 1889 1152 1922 certus
1180 1886 1287 1923 locus
1315 1885 1379 1923 vel
1405 1884 1576 1930 dabatur,

128 1946 192 1980 vel
212 1946 259 1980 ab
280 1944 374 1990 ipsis
396 1943 616 1990 eligebatur,
637 1944 874 1980 ubiexilium
895 1946 1065 1990 agerent.
1091 1942 1138 1978 Hi
1163 1946 1288 1978 autem
1308 1942 1484 1988 quoniam
1505 1942 1576 1977 ror-

131 2005 241 2037 tunae
265 2001 458 2047 iniquitate
480 2001 604 2046 pressi
628 2001 751 2047 patria
780 2000 913 2036 relicta
932 1999 1178 2047 quaerebant,
1205 1998 1267 2035 ubi
1292 1999 1403 2034 vitam
1433 2001 1576 2035 mien-

133 2062 265 2102 mrent,
291 2058 392 2093 nullo
424 2060 523 2092 cerlo
544 2057 655 2093 exilio
674 2057 806 2104 vagari
827 2056 1013 2092 dicuntur.

245 2114 306 2150 Fr.
333 2115 390 2151 74.
423 2112 538 2158 [Cort.
562 2125 601 2159 p.
623 2116 727 2153 1006.
749 2113 850 2150 Gerl.
868 2112 929 2148 ed.
950 2112 1039 2148 mai.
1060 2111 1136 2147 Ine.
1155 2113 1215 2149 93.
1236 2110 1297 2147 ed.
1319 2111 1408 2146 min.
1431 2111 1508 2147 Ine.
1518 2113 1576 2150 19.

132 2183 169 2219 p.
191 2171 273 2213 237,
296 2173 354 2208 13.
374 2169 486 2205 Debr.
505 2170 565 2215 III,
585 2169 660 2219 90.]
691 2171 830 2214 Verba,
859 2181 881 2205 a
897 2168 1005 2206 Serv.
1030 2168 1080 2204 ad
1100 2168 1207 2214 Virg.
1228 2168 1326 2204 Aen.
1347 2168 1391 2212 H,
1415 2169 1474 2205 2⁷.
1498 2168 1579 2204 lau-

135 2227 235 2272 data,
255 2225 426 2262 eiusdem
446 2229 531 2261 sunt
551 2227 774 2272 argumenti,
795 2230 834 2262 ut
848 2226 876 2261 F
878 2236 998 2272 ragm.
1013 2227 1074 2263 72.
1131 2225 1228 2261 Nam
1250 2223 1311 2260 hic
1332 2234 1479 2270 quoque
1501 2224 1579 2270 agi-

135 2289 192 2322 tur
214 2283 261 2319 de
287 2278 454 2330 fugitivis
472 2283 663 2328 inopinato
685 2282 935 2319 calamitatem
958 2282 1040 2321 urbi
1062 2281 1174 2318 alicui
1194 2281 1452 2325 inserentibus,
1472 2280 1578 2317 cilius

83 2366 85 2369 -
135 2344 291 2388 apertae
317 2342 444 2375 essent
464 2342 607 2384 portae,
630 2340 771 2385 repleta
793 2349 886 2374 arva
917 2338 1133 2373 cultoribus.
1194 2337 1316 2382 Quum
1339 2337 1451 2384 igitur
1471 2347 1579 2383 supe-

136 2397 478 2443 riorevFragmento
501 2405 563 2430 res
593 2395 630 2430 in
652 2396 870 2432 universum
899 2398 1046 2430 narrata
1069 2398 1189 2439 esset,
1218 2393 1291 2429 hoc
1321 2393 1368 2429 de
1397 2393 1579 2440 singulari

137 2453 301 2502 quadam
318 2453 409 2488 urbe
432 2451 579 2487 dicitur.

249 2510 310 2545 Fr.
330 2510 390 2546 75.
431 2508 563 2554 [Deest
588 2518 649 2554 ap.
677 2505 775 2543 Cort.
795 2527 851 2532 -—
872 2505 969 2542 Gerl.
991 2506 1053 2542 ed.
1073 2506 1161 2542 mai.
1182 2506 1257 2541 Inc.
1289 2508 1370 2545 187.
1399 2504 1463 2542 ed.
1486 2505 1577 2543 min.

137 2568 199 2613 III,
221 2567 279 2604 76.
302 2577 341 2612 p.
356 2568 439 2609 220,
462 2567 518 2603 13.
557 2564 668 2601 Debr.
690 2563 753 2608 ΙΙΙ,
778 2565 855 2608 86]
915 2561 1042 2599 Verba
1072 2563 1164 2599 libro
1195 2573 1269 2597 non
1301 2561 1463 2598 indicato
1494 2565 1580 2597 sunt

139 2622 240 2671 apud
261 2621 416 2658 Cledon.
448 2633 486 2667 p.
509 2623 612 2660 1916.
640 2619 813 2663 Putsch.,
855 2620 915 2656 ubi
939 2630 1007 2666 pro
1032 2620 1215 2656 Cossinius
1241 2622 1414 2664 corrupte
1445 2617 1579 2663 legitur

139 2679 337 2722 Cossutius,
359 2682 397 2713 ut
425 2682 481 2714 est
505 2678 542 2713 in
563 2681 716 2724 utraque
744 2675 806 2712 ed.
830 2677 928 2713 Gerl.
951 2677 1154 2712 Luculenta
1179 2675 1306 2711 brevis
1330 2674 1358 2709 F
1360 2684 1477 2720 ragm.
1498 2673 1578 2710 illu-

140 2735 270 2773 stratio
294 2737 415 2770 exstat
435 2733 536 2780 apud
557 2734 652 2770 Plut.
675 2734 713 2770 in
729 2731 854 2770 Crass.
875 2744 908 2768 c.
933 2734 968 2775 9,
993 2731 1092 2767 med.
1142 2725 1330 2780 Δεύτερος
1349 2725 1580 2779 ἐκπέμπεται
