1774 3002
496 148 826 193 HISTORIARUM
853 148 1165 188 FRAGMENTA.
1224 148 1312 184 LIB.
1342 147 1402 183 ΠΙ.
1425 170 1435 176 ψ
1581 141 1667 183 289

852 328 941 361 Cn.
967 328 1024 360 1v.

313 403 443 437 Bellum
468 402 646 445 piraticum
668 405 700 432 et
725 398 903 431 Creticum.
930 413 976 421 —
1002 395 1046 428 M.
1079 395 1247 427 Antonius
1280 392 1452 425 infinitum
1488 393 1667 436 imperium

223 474 301 497 orae
322 463 513 497 maritimae
537 462 677 494 obtinet.
699 476 742 484 -
766 458 882 490 Cretae
901 457 1035 489 insulae
1058 456 1253 498 descriptio.
1282 470 1328 478 --
1353 452 1562 486 Cretensium
1589 453 1668 485 reli-

223 527 353 570 giones.
379 541 425 549 —
449 522 587 555 Antonii
611 522 720 565 turpis
745 520 866 553 exitus.

360 710 429 752 59.
485 703 568 760 Qui
605 719 709 751 orae
738 704 1014 757 maritumae,
1046 715 1134 762 qua
1159 700 1404 745 Romanum
1431 699 1551 742 esset
1581 695 1668 741 im-

227 789 416 851 perium,
447 790 600 834 contra
625 787 788 847 piratas
817 782 1085 846 [praefuit]

227 952 263 986 4.
283 960 321 996 p.
341 950 424 986 329.
456 951 492 982 et
513 946 673 982 Gramm.
694 946 756 981 lat.
783 949 946 982 nostram
969 947 1001 987 S.
1018 947 1102 987 120,
1120 947 1155 981 2.
1181 947 1255 979 not.
1277 945 1314 980 6.
1333 952 1371 988 p.
1396 943 1478 980 287.
1508 939 1672 984 Similes,

229 1014 454 1053 quamquam
481 1013 555 1038 non
586 1003 698 1049 plane
727 1012 862 1048 pares,
893 1005 978 1037 sunt
1002 999 1184 1035 dictiones
1212 998 1306 1034 hae:
1339 996 1437 1033 Curt.
1458 996 1555 1040 VIII,
1577 999 1613 1041 8,
1633 997 1669 1033 9.

230 1060 356 1108 Spolia
376 1060 428 1095 de
446 1058 670 1095 hostibus.
695 1076 743 1083 —
768 1057 819 1093 id.
841 1057 903 1101 IX,
925 1061 957 1101 1,
979 1059 1015 1094 2.
1037 1055 1163 1102 Spolia
1183 1055 1236 1090 de
1254 1054 1430 1090 Persis.

342 1116 405 1152 Fr.
424 1118 484 1154 59.
519 1113 635 1159 [Cort.
656 1124 692 1160 p.
715 1116 818 1152 1012.
840 1113 940 1150 Gerl.
958 1112 1020 1148 cd.
1041 1112 1128 1148 mai.
1148 1112 1222 1148 Inc.
1246 1114 1323 1151 175.
1345 1110 1405 1146 ed.
1429 1110 1518 1146 min.
1535 1109 1595 1154 ΙΙΙ,
1610 1111 1669 1149 67.

230 1184 268 1220 p.
282 1175 366 1217 219,
380 1174 439 1211 27.
460 1166 572 1207 Debr.
595 1170 654 1215 III,
671 1173 730 1208 32.
755 1171 816 1215 ΙΙΙ,
832 1171 906 1214 42]
949 1168 1076 1206 Schol.
1100 1168 1149 1204 ad
1169 1167 1335 1205 Iuvenal.
1358 1166 1434 1203 Sat.
1457 1165 1554 1210 VIII,
1577 1169 1670 1209 105„

231 1228 330 1265 unde
354 1228 550 1274 desumpta
570 1231 654 1262 sunt
673 1228 809 1271 verba,
839 1226 935 1262 haec
955 1225 1088 1261 habet:
1123 1252 1147 1268 ‚.
1163 1224 1345 1259 Antonius
1365 1223 1473 1258 trium
1493 1222 1674 1258 Antonio-

231 1295 312 1321 rum
334 1287 549 1330 corruptor,
578 1284 640 1318 ille
661 1282 882 1327 Sallustius,
914 1283 975 1328 qui
998 1291 1086 1316 orae
1108 1281 1339 1324 maritimae,
1371 1290 1445 1326 qua
1466 1279 1673 1314 Romanum

233 1344 334 1377 esset
353 1340 549 1387 Imperium
563 1367 571 1383 ,
597 1339 804 1375 contrarius
828 1338 1014 1385 piratis;“
1051 1347 1159 1383 quae,
1188 1337 1273 1372 licet
1293 1336 1577 1382 corruptissima
1596 1339 1632 1370 et
1651 1345 1674 1369 a

233 1397 382 1432 nemine
412 1396 617 1439 intellecta,
652 1395 739 1430 olim
767 1405 837 1440 pro
859 1393 1094 1430 Sallustianis
1122 1393 1248 1429 habita
1275 1396 1373 1428 sunt.
1425 1391 1673 1427 Ruhnkenius

234 1452 283 1488 ad
302 1452 398 1487 Vell.
421 1452 464 1495 ΙΙ,
485 1454 543 1495 31,
564 1454 601 1489 3.
621 1451 744 1486 locum
766 1451 819 1486 sic
840 1449 1103 1497 corrigendum
1124 1450 1289 1495 putavit:
1318 1449 1515 1493 Antonius,
1544 1448 1674 1483 trimu-

234 1509 336 1544 viri
352 1507 520 1543 Antonii
535 1510 699 1554 pater,
729 1510 943 1552 curator,
965 1509 1013 1542 ut
1032 1507 1100 1541 ait
1121 1504 1326 1550 Sallustius,
1346 1514 1437 1541 orae
1456 1505 1673 1548 maritimae,

234 1575 308 1612 qua
329 1563 535 1600 Romanum
555 1567 649 1599 esset
667 1564 878 1610 imperium,
908 1566 993 1598 cont
1001 1573 1054 1597 ra
1071 1562 1246 1608 piratas.
1293 1560 1372 1598 Sed
1393 1561 1565 1608 quamvis
1586 1570 1675 1596 con-

235 1620 443 1656 cedendum
465 1623 522 1655 est
543 1619 671 1655 sensui
698 1619 749 1655 ita
777 1619 867 1655 satis
897 1629 982 1654 esse
1010 1622 1270 1664 prospectum,
1298 1622 1421 1653 tamen
1443 1617 1544 1653 nullo
1563 1620 1675 1663 pacto

236 1676 451 1724 intelligitur
471 1674 658 1722 quomodo
677 1679 800 1711 tantae
820 1676 905 1711 illae
928 1674 1201 1721 discrepantiae
1222 1685 1270 1709 ex
1288 1674 1360 1710 hac
1382 1673 1566 1720 scriptura
1585 1673 1674 1708 oriri

234 1733 432 1779 potuerint.
470 1732 681 1775 Praeterea,
703 1731 743 1767 id
765 1731 867 1778 quod
888 1731 1166 1778 gravissimum,
1187 1731 1251 1766 illa
1274 1730 1321 1766 de
1338 1730 1491 1766 Antonii
1510 1740 1675 1777 persona

236 1789 382 1832 notitia,
418 1799 440 1823 a
467 1787 634 1824 Sallustii
665 1791 701 1823 ct
726 1799 797 1823 usu
827 1793 863 1823 et
892 1787 1083 1823 scribendi
1114 1787 1271 1822 consilio
1311 1786 1563 1830 alienissima,
1599 1790 1676 1821 tota

238 1845 480 1880 scholiastam
503 1844 591 1879 olet.
630 1844 832 1889 Utrumque
853 1845 954 1880 valet
975 1844 1085 1879 etiam
1108 1842 1156 1878 de
1177 1843 1423 1878 Gerlachiana
1450 1842 1675 1878 mutatione:

240 1900 399 1944 „Trium
431 1899 675 1934 Antoniorum
703 1893 890 1934 consulum
910 1903 1023 1945 pater
1041 1899 1120 1942 ille,
1151 1899 1213 1944 qui
1235 1909 1324 1934 orae
1346 1898 1573 1942 maritimae,
1603 1907 1677 1944 qua
1702 1926 1706 1927 .

240 1959 342 1991 esset
359 1956 452 2000 Imp.
473 1955 580 1990 Rom.
595 1983 603 1997 ‚
626 1954 798 2000 praefuit
817 1952 1042 2001 [contrarias
1054 1951 1246 2003 piratis],“
1266 1974 1323 1979 —
1351 1958 1390 1989 ut
1413 1958 1556 1990 taceam
1581 1954 1675 1990 salso

240 2015 316 2046 tres
335 2011 384 2045 M.
401 2010 551 2045 Antonii
581 2009 678 2045 filios
705 2011 879 2045 consules
908 2010 1003 2055 dici,
1038 2021 1149 2056 quum
1172 2010 1246 2045 duo
1274 2014 1412 2046 tantum
1441 2010 1675 2046 consulatum

242 2066 438 2112 gesserint.
479 2065 595 2101 Nobis
624 2066 697 2112 alia
718 2065 780 2100 via
809 2066 1058 2101 incedendum
1086 2066 1233 2101 v'Idetur
1256 2066 1305 2102 ad
1324 2067 1447 2102 Iocum
1475 2066 1678 2102 emendan-

242 2121 344 2157 dum.
384 2121 564 2157 Nimirum
588 2120 752 2157 Sallustii
773 2122 1002 2158 tantummdo
1024 2133 1070 2157 ea
1090 2127 1193 2166 sunt,
1224 2133 1320 2169 quae
1342 2124 1379 2158 in
1398 2127 1501 2158 textu
1523 2133 1679 2169 expres-

243 2179 378 2221 simus,
425 2177 590 2212 extrema
626 2187 716 2212 sane
749 2182 853 2224 parte
894 2183 1089 2225 corrupta3
1139 2189 1235 2225 quae
1274 2183 1396 2214 autem
1431 2179 1676 2226 praecedunt,

243 2233 467 2269 scholiastae
492 2237 577 2268 sunt
597 2233 731 2278 verba,
760 2238 898 2270 mutata
922 2235 1219 2281 interpunctione
1246 2235 1300 2271 sic
1321 2235 1541 2272 scribenda:
1575 2236 1678 2280 „An-

243 2289 378 2333 tonius,
399 2290 507 2324 trium
529 2289 776 2325 Antoniorum
797 2288 992 2338 corruptor
1011 2291 1084 2326 ille.
1125 2290 1345 2328 Sallustius:
1368 2293 1432 2338 qui
1450 2291 1547 2327 etc.“
1586 2291 1678 2328 Sen-

244 2357 309 2381 sus
330 2344 463 2381 scholii
482 2344 541 2380 hie
562 2348 637 2380 est:
658 2345 842 2383 Antonius
862 2347 924 2383 ille
944 2349 1123 2391 famosus,
1147 2348 1220 2393 qui,
1242 2359 1353 2394 quum
1374 2348 1456 2394 ipse
1477 2349 1679 2394 corruptis-

245 2402 360 2437 simus
381 2404 502 2445 esset,
530 2401 639 2436 etiam
658 2405 733 2437 tres
752 2401 850 2439 filios
880 2404 1084 2448 (Marcum,
1111 2403 1263 2448 Gaium,
1296 2404 1448 2439 Lucium
1475 2404 1679 2448 Antonios)

244 2457 547 2504 corruptissimos
576 2457 734 2503 reliquit.
783 2458 875 2494 Tum
902 2461 1069 2496 absolute
1090 2460 1251 2505 positum
1273 2459 1437 2496 Sallustii
1459 2470 1596 2496 nomen
1626 2461 1681 2496 in-

244 2513 344 2549 dicat
371 2514 487 2549 verba
515 2512 597 2548 eius
625 2514 782 2559 apponi,
814 2515 875 2560 qui
897 2519 1067 2551 auctores
1087 2520 1236 2551 veteres
1257 2516 1397 2552 citandi
1417 2516 1552 2552 modus
1573 2517 1680 2553 Iuve-

243 2570 339 2605 nalis
358 2569 583 2605 scholiastae
598 2572 655 2618 est
668 2569 1002 2615 frequentissimus.
1020 2591 1077 2596 --
1091 2571 1304 2608 Contrarias
1311 2572 1449 2618 piratis
1465 2576 1676 2618 corruptum

244 2635 329 2662 esse
360 2635 408 2660 ex
427 2625 554 2662 verbis
576 2628 705 2660 contra
727 2626 875 2671 piratas
893 2626 1138 2663 Ruhnkenius
1170 2628 1260 2663 satis
1288 2628 1528 2673 probabiliter
1558 2628 1679 2673 suspi-

243 2685 348 2717 catus
369 2684 438 2717 est.
485 2679 660 2727 Praesuit
678 2691 723 2716 ex
750 2681 962 2718 coniectura
991 2682 1159 2718 additum
1189 2683 1345 2718 uncinis.
1364 2684 1603 2727 inclusimus,
1638 2693 1678 2717 re

245 2736 328 2781 ipsa
349 2737 420 2773 tale
441 2735 532 2782 quid
553 2734 742 2772 excidisse
769 2740 1009 2774 monstrante.
1050 2738 1107 2773 Ex
1131 2737 1310 2774 Cicerone
1331 2738 1370 2774 in
1389 2737 1498 2774 Verr.
1519 2738 1562 2783 ΙΙ,
1583 2741 1618 2782 3,
1639 2740 1675 2776 8.
