1774 3002
113 174 201 207 vm
522 167 742 207 EDITORIS
772 168 1006 207 EPISTOLA
1037 168 1226 208 CRITICA

116 294 302 342 Douzae,
342 289 611 340 Nordovicis,
652 291 705 331 ad
741 292 782 332 C.
815 290 995 332 Sallustii
1027 290 1159 343 Crispi
1192 289 1465 332 Historiarum
1493 290 1622 332 libros

117 362 267 401 Notae:
306 371 400 400 cum
430 361 637 401 luculenta
663 361 1002 411 Fragmentorum
1031 359 1188 411 aliquot
1215 359 1459 401 accessione
1488 359 1625 401 hacte-

120 441 201 471 nus
246 440 330 469 non
367 428 584 469 editorum.
644 429 929 480 Antwerpiae,
967 428 1086 469 1580.
1146 430 1289 470 Dousa
1330 433 1466 469 autem
1501 439 1627 480 quum

120 497 330 539 Danielem
360 496 485 537 sciret
517 497 570 536 ad
602 497 791 538 Servium
822 498 1028 538 edendum
1059 508 1251 548 magnum
1280 500 1523 547 apparatum
1553 493 1627 536 cri-

120 566 246 607 ticum
278 564 357 606 sibi
384 576 671 616 comparasse,
705 577 757 605 ex
788 577 837 606 eo
871 565 959 605 illas
996 565 1268 606 Historiarum
1301 564 1523 617 particulas
1559 563 1628 604 de-

121 640 307 686 sumptas
347 637 519 691 putans,
551 638 720 674 vetustas
750 635 796 673 P.
826 632 1008 674 Danielis
1043 636 1212 675 schedas
1240 635 1457 674 Servianas
1491 632 1629 683 appel-

120 702 238 751 lavit,
279 713 361 752 quo
402 702 553 741 factum
590 707 672 750 est,
713 706 758 742 ut
787 713 863 753 per
890 712 1034 741 omnes
1071 702 1157 741 fere
1202 701 1382 742 Sallustii
1413 700 1628 749 editiones,

122 782 228 822 quae
262 770 428 821 quidem
465 771 712 821 Fragmenta
748 768 962 817 exhibent,
1012 770 1117 809 falsa
1154 769 1297 810 notitia
1327 773 1630 821 propagaretur

119 839 161 880 in
188 843 356 879 vetusto
387 838 520 879 Servii
548 839 692 880 codice
721 839 789 878 illa
815 837 1060 886 Fragmenta
1096 836 1264 877 inventa
1300 836 1443 878 fuisse.
1503 837 1629 878 Aliud

119 909 258 959 paullo
296 906 460 958 plenius
502 918 554 947 ex
591 907 820 957 archetypo
853 903 1107 955 descriptum
1138 908 1372 957 exemplum
1402 905 1546 947 habuit
1572 907 1632 946 Ia-

121 976 252 1017 cobus
283 975 544 1025 Augustinus
584 975 636 1014 de
669 975 960 1021 Chevanes,
995 972 1312 1015 iurisconsultus
1351 971 1629 1020 Divionensis,

120 1056 173 1085 ex
213 1043 331 1085 cuius
362 1043 611 1084 bibliotheca
639 1041 681 1081 id
711 1042 750 1082 in
781 1041 963 1082 notitiam
1001 1041 1114 1081 venit
1145 1042 1312 1093 Iosephi
1340 1043 1392 1082 de
1420 1041 1632 1082 Bimard

120 1115 160 1153 la
196 1112 350 1154 Bastie.
413 1112 488 1163 Qui
527 1123 653 1163 quum
692 1111 902 1162 ignoraret
947 1114 1030 1149 tres
1065 1109 1152 1150 eius
1180 1111 1405 1161 particulas
1444 1110 1526 1149 iam
1562 1109 1632 1149 du-

120 1183 218 1223 dum
251 1194 276 1222 a
305 1183 448 1222 Dousa
486 1181 701 1230 evulgatas
747 1190 843 1219 esse
883 1183 924 1218 et
959 1189 1036 1228 pro
1068 1178 1326 1220 Sallustianis
1359 1177 1539 1229 agnitas,
1592 1176 1631 1216 in

120 1251 332 1292 mirificam
363 1247 601 1302 opinionem
639 1246 780 1287 incidit
816 1247 891 1287 has
926 1258 1022 1287 esse
1049 1246 1243 1297 reliquias
1280 1245 1535 1288 monumenti
1564 1257 1634 1286 an-

118 1319 239 1371 tiqui,
273 1319 362 1360 sive
394 1317 600 1358 annalium
619 1315 893 1356 maximorum
923 1314 1013 1355 sive
1039 1314 1236 1355 librorum
1263 1316 1494 1364 linteorum,
1525 1326 1634 1356 com-

120 1387 406 1438 mentarioque
435 1386 658 1426 illustratas
698 1384 807 1424 misit
835 1382 1085 1431 Muratorio‚
1117 1383 1187 1434 qui
1221 1396 1291 1425 eas
1323 1385 1535 1425 Thesauro
1562 1385 1634 1442 ¹In-

121 1455 413 1507 scriptionum,
450 1454 618 1495 Mediol.
659 1452 779 1492 1739.
815 1452 930 1492 Tom.
949 1453 978 1491 Ι.
1015 1452 1238 1504 p.1sqq.,
1276 1452 1462 1495 inseruit.
1521 1452 1634 1492 Idem

120 1529 270 1576 postea
297 1523 394 1564 ibid.
435 1524 551 1563 Tom.
586 1523 634 1561 ΙΙ.
673 1533 713 1571 p.
758 1521 776 1560 1
821 1533 917 1570 sqq.
964 1531 1051 1560 rem
1081 1520 1137 1560 ita
1171 1520 1427 1570 retractavit,
1457 1525 1502 1561 ut
1526 1522 1635 1561 Dou-

121 1604 194 1634 sae
230 1592 425 1633 iudicium
465 1590 660 1631 Sallustio
689 1591 935 1639 Fragmenta
972 1588 1208 1638 tribuentis,
1251 1590 1304 1630 de
1344 1602 1427 1641 quo
1473 1589 1634 1631 interim

123 1665 403 1712 compererat,
442 1657 680 1699 vanissimis
724 1659 776 1698 de
814 1657 975 1697 caussis
1011 1657 1281 1707 improbaret,
1322 1658 1635 1708 sententiaeque

64 1767 66 1770 ,
122 1740 224 1770 suae
256 1729 351 1769 olim
388 1727 631 1778 propositae
671 1738 824 1766 novum
857 1730 1143 1775 argumentum
1179 1726 1260 1766 hoc
1293 1727 1480 1775 haberet,
1522 1726 1635 1777 quod

122 1799 258 1839 codex
286 1796 453 1848 quidam
483 1797 712 1843 Puteanus,
747 1793 829 1843 ‘qui
866 1798 1015 1844 postea
1053 1793 1093 1833 in
1129 1793 1378 1835 bibliotheca
1414 1795 1488 1835 fuit
1531 1806 1635 1846 pro-

123 1865 324 1908 curatoris
356 1863 458 1915 regii
486 1865 576 1915 Ioly
608 1864 660 1902 de
685 1862 836 1912 Fleury
860 1860 1124 1911 parisiensis,
1157 1862 1267 1902 aliud
1294 1863 1635 1913 Fragmentorum

123 1935 410 1991 apographum
438 1931 560 1973 simul
581 1942 674 1970 eum
701 1929 887 1980 plurimis
916 1930 1255 1981 inscriptionibus
1273 1932 1429 1971 Romae
1450 1931 1634 1971 collectis

124 2002 371 2050 contineret,
422 2012 504 2051 quo
544 1999 699 2040 scilicet
733 1998 813 2038 hoc
855 2003 999 2049 patere
1033 1999 1213 2049 putavit,
1248 1999 1369 2040 etiam
1411 1999 1490 2040 illis
1526 1999 1634 2040 foliis

123 2068 417 2121 antiquissimis
457 2080 542 2110 non
585 2068 715 2107 verba
762 2066 933 2107 alicuius
968 2066 1203 2118 scriptoris,
1251 2068 1328 2108 sed
1371 2069 1439 2108 vel
1476 2067 1635 2108 titulum

124 2139 303 2189 aliquem
317 2138 382 2177 vel
400 2134 605 2176 annalium
620 2133 893 2175 maximorum
922 2135 1165 2186 particulam
1197 2134 1325 2176 fuisse
1348 2136 1633 2187 perscriptam.

124 2210 187 2248 Ex
222 2204 448 2247 Muratorio
491 2207 627 2243 autem
658 2203 760 2242 haec
794 2203 1039 2252 Fragmenta
1074 2204 1191 2255 petiit
1227 2209 1268 2244 et
1303 2203 1555 2245 Debrossius
1594 2209 1637 2245 et

127 2274 366 2317 Gerlachius
404 2272 445 2312 in
476 2271 542 2312 ed.
583 2269 698 2317 mai„
737 2275 913 2320 uterque
950 2271 1040 2311 sine
1071 2270 1222 2312 iudicio
1255 2275 1295 2311 et
1331 2283 1480 2322 magna
1508 2272 1634 2323 negli-

126 2343 264 2396 gentia
307 2342 348 2382 in
391 2340 439 2380 iis
475 2337 701 2380 tractandis
742 2343 946 2380 versatus.
1013 2340 1186 2379 Tantum
1226 2339 1278 2378 de
1309 2341 1558 2392 apographis
1593 2340 1634 2380 in

128 2411 256 2453 Gallia
294 2408 425 2449 factis.
484 2407 597 2447 Folia
630 2406 797 2457 antiqua
835 2406 927 2457 ipsa
966 2411 1064 2458 post
1106 2406 1213 2446 Petri
1245 2407 1424 2449 Danielis
1461 2411 1634 2447 mortem

54 2487 57 2491 ’
128 2491 221 2521 cum
250 2478 339 2518 aliis
368 2477 456 2518 eius
480 2475 591 2515 libris
619 2486 744 2514 manu
765 2475 929 2526 scriptis
952 2478 1232 2526 pervenerunt
1256 2474 1296 2514 in
1320 2475 1635 2527 possessionem

129 2545 319 2598 Dionysii
347 2542 520 2593 Petavii,
558 2542 627 2592 qui
652 2546 802 2592 postea
831 2543 908 2583 hos
934 2543 1101 2584 codices
1129 2542 1374 2591 christinae,
1406 2542 1635 2582 Succorum

128 2614 315 2666 reginae,
354 2611 552 2652 vendidit.
614 2611 673 2650 Ita
718 2622 769 2650 ex
809 2611 937 2651 Gallia
974 2611 1176 2652 Holmiam
1207 2612 1342 2651 delata
1379 2609 1475 2649 folia
1507 2609 1636 2649 Sallu-

129 2681 261 2724 stiana
299 2680 401 2721 vidit
431 2679 487 2719 ibi
526 2678 567 2718 in
607 2677 773 2728 reginae
817 2678 1066 2720 bibliotheca
1110 2681 1278 2720 Isaacus
1313 2676 1493 2717 Vossius
1524 2687 1633 2716 anno

133 2750 258 2798 1651,
302 2753 348 2789 ut
384 2751 547 2788 constat
584 2758 635 2786 ex
668 2747 845 2796 quadam
877 2746 965 2787 eius
1004 2746 1180 2797 epistola
1217 2758 1255 2786 a.
1289 2745 1330 2784 d.
1369 2745 1438 2784 IV.
1470 2745 1530 2784 Id.
1561 2745 1633 2784 Iul.

130 2817 315 2860 eiusdem
354 2815 450 2857 anni
488 2815 541 2855 ad
575 2814 659 2856 Nic.
695 2814 907 2854 Heinsium
953 2815 1072 2863 data;
1124 2826 1164 2855 v.
1206 2811 1429 2854 Burmanni
1474 2812 1630 2866 Syllog.
