1774 3002
314 373 919 477 'autumnum
974 410 1470 475 FRAGMENTA.

771 550 943 597 LIBER
978 549 1076 596 ΙΙΙ..

727 787 1079 826 ARGUMENTUM.

831 886 919 919 Cap,
946 888 971 921 1.

274 955 407 989 Bellum
431 955 660 989 Sertorianum
686 962 886 990 extremum.
909 974 956 980 —
979 956 1132 998 Pompeii
1156 953 1302 998 epistola
1326 954 1371 987 ad
1395 959 1623 994 senatum.—

185 1015 326 1049 Sertorii
352 1023 502 1050 extrema
523 1021 677 1060 tempora
700 1024 731 1050 et
754 1018 888 1050 caedes.
914 1035 961 1041 -
983 1019 1154 1060 Perperna
1179 1025 1377 1059 oppressus.
1404 1033 1451 1039 —
1474 1015 1623 1059 Calagu-

182 1078 231 1110 ris
254 1077 402 1113 obsidio.
428 1079 482 1111 Fr.
514 1078 625 1111 1—7.
653 1076 757 1122 [Anni
780 1080 947 1115 74—72.
973 1089 1005 1111 a.
1021 1077 1099 1111 chr.
1126 1074 1178 1119 n.]

833 1158 924 1191 CAP.
950 1157 992 1192 Π.

274 1226 405 1259 Beuum
432 1227 707 1262 Mithridaticum.
735 1246 780 1250 —
804 1226 1010 1260 Mithridatis
1040 1226 1085 1258 ad
1116 1214 1303 1265 Seflqrium
1330 1224 1455 1268 legatio
1481 1224 1524 1257 de
1549 1224 1623 1257 roe-

183 1287 275 1321 dere.
298 1305 344 1310 -
367 1288 450 1321 Eius
474 1295 658 1332 apparatus
687 1288 780 1323 belli.
807 1306 854 1311 —
876 1288 992 1330 Cyzici
1016 1287 1150 1320 obsidio
1178 1297 1216 1318 ac
1243 1286 1429 1319 fortissima
1452 1285 1619 1319 defensio.

183 1365 229 1369 —
251 1347 359 1380 Pestis
384 1348 417 1379 in
434 1348 638 1382 Mithridatis
662 1349 825 1383 exercitu.
849 1366 895 1371 ——
920 1348 1053 1380 Luculli
1077 1347 1312 1389 expeditiones
1337 1347 1370 1378 in
1384 1346 1556 1389 Bithynia.
1575 1364 1623 1370 -

184 1407 396 1441 Mithridates
422 1410 455 1440 in
478 1409 619 1441 Pontum
645 1420 681 1442 se
706 1410 845 1452 recipit;
878 1420 954 1441 eum
981 1407 1145 1440 Lucullus
1169 1408 1333 1449 sequitur.
1360 1425 1406 1431 —
1430 1407 1475 1441 M.
1504 1407 1620 1440 Cottae

182 1478 259 1500 cum
284 1467 324 1506 Q.
352 1468 464 1512 Oppio
488 1470 669 1504 dissensio.
695 1489 742 1494 -—
766 1470 880 1510 Ponti,
906 1471 930 1503 i.
963 1480 993 1501 e.
1019 1469 1122 1500 maris
1154 1468 1282 1510 pontici
1314 1473 1346 1500 et
1379 1468 1622 1500 circumiacen-

182 1529 267 1561 tium
290 1534 454 1562 terrarum
475 1539 514 1561 ac
537 1530 741 1574 populorum
765 1530 962 1572 descriptio.
1002 1529 1058 1569 Fr.
1090 1527 1229 1564 8—53.
1261 1527 1367 1572 [Anni
1398 1527 1560 1564 73—71.
1588 1539 1620 1561 a·
1687 1574 1691 1576 -

184 1588 264 1624 Chr.
289 1588 341 1632 n.]

815 1667 904 1701 GAP.
931 1670 1002 1702 ΠΙ..

273 1735 406 1769 Bellum
430 1736 684 1769 Macedonicum
709 1737 812 1769 ductu
836 1736 993 1771 Curionis
1017 1749 1152 1782 procos,
1185 1743 1332 1781 gestum.
1358 1755 1405 1762 --
1426 1739 1620 1784 Descriptio

182 1795 330 1830 Danubii
353 1803 386 1830 et
410 1797 664 1833 Germanorum.
689 1798 743 1830 Fr.
768 1797 930 1832 54—58.
962 1798 1097 1842 [Annus
1118 1799 1174 1834 73.
1202 1809 1233 1834 a.
1263 1799 1342 1834 Chr.
1370 1798 1421 1842 n.]

813 1878 901 1912 Car.
927 1881 984 1914 IV.

273 1943 405 1976 Bellum
428 1945 608 1987 piraticum
637 1951 668 1976 et
693 1945 872 1982 Creticum.
898 1967 944 1972 —
967 1950 1012 1982 Μ.
1039 1949 1205 1981 Antonius
1241 1948 1408 1981 infinitum
1438 1949 1619 1992 imperium

183 2012 263 2035 orae
284 2004 473 2037 maritimae
497 2006 634 2038 obtinet.
660 2022 707 2027 —
730 2005 848 2039 Cretae
873 2009 1005 2042 insulae
1028 2009 1227 2051 descriptio.
1258 2026 1305 2031 ——
1332 2009 1544 2043 Cretensium
1566 2021 1620 2044 re-
1689 2039 1693 2042 .

183 2063 341 2106 ligiones.
377 2081 422 2087 —
456 2065 596 2097 Antonii
634 2066 745 2108 turpis
778 2069 902 2104 exitus.
952 2070 1008 2104 Fr.
1041 2068 1205 2103 59-266.
1248 2068 1354 2113 [Anni
1390 2072 1553 2105 74—72.
1583 2083 1616 2108 a.

183 2123 264 2158 Chr.
290 2121 341 2166 n.]
1169 2147 1173 2150 ·

268 2248 272 2250 .
818 2206 908 2240 cu.
934 2209 977 2241 V.

274 2272 408 2306 Bellum
434 2273 569 2306 servile.
621 2274 717 2308 Eius‘
734 2275 842 2308 initia.
870 2294 918 2299 —
947 2278 1119 2312 Vesuvius
1150 2289 1171 2311 a
1202 2278 1312 2312 servis
1341 2285 1537 2322 occupatus.
1571 2298 1618 2304 —-

181 2335 282 2367 Vires
302 2343 475 2377 servorum
493 2341 622 2369 auctae.
643 2353 691 2359 —-
713 2336 874 2370 Vatinius
898 2348 969 2371 rem
990 2340 1082 2372 male
1106 2340 1206 2384 gerit.
1230 2358 1276 2363 —
1302 2340 1396 2373 Crixi
1416 2340 1545 2374 clades.
1571 2360 1617 2365 —

182 2392 364 2436 Spartacus
387 2395 422 2427 in
446 2394 629 2429 Lucaniam
651 2407 689 2429 se
718 2397 851 2440 recipit.
884 2416 931 2422 —
960 2400 1096 2433 Lentuli
1123 2410 1240 2444 pugna
1270 2410 1347 2432 cum
1378 2400 1544 2444 fugitivis.
1571 2420 1618 2425 —-

181 2453 365 2498 Spartacus
396 2456 542 2489 Galliam
572 2456 774 2500 cisalpinam
804 2460 899 2500 petit.
946 2459 1001 2492 Fr.
1034 2459 1199 2494 67—81.
1248 2458 1356 2503 [Anni
1395 2460 1453 2497 73.
1491 2463 1548 2495 72.
1582 2474 1614 2498 a.

181 2514 260 2548 cnr.
285 2514 335 2558 n.]

811 2598 900 2632 Car.
926 2599 985 2634 VI.

266 2661 335 2696 Res
357 2663 518 2698 urbanae.
545 2663 659 2696 Oratio
682 2664 754 2697 Lic.
778 2665 897 2702 Macri.
918 2684 963 2690 -
988 2644 1228 2700 contentiones
1252 2668 1295 2700 de
1318 2669 1528 2711 restituenda
1551 2678 1614 2711 po-

177 2723 295 2756 testate
318 2724 510 2757 tribunicia.
532 2724 589 2758 Fr.
613 2723 776 2760 82—85.
812 2724 917 2768 [Anni
936 2728 1099 2764 74—72.
1127 2737 1159 2761 a.
1187 2727 1266 2760 chr.
1294 2727 1346 2771 n.]

232 2797 397 2822 smusn
424 2798 560 2822 mem.
1283 2786 1337 2827 13
