1774 3002
155 124 212 166 34
635 127 675 164 C.
706 127 937 166 SALLUSTI
966 127 1117 166 CRISPI

291 254 361 296 40.
405 249 610 297 Insanum
635 250 760 296 aliter
787 265 870 296 sua
896 251 1111 298 sententia
1135 254 1267 314 atque
1291 251 1472 299 aliarum
1503 266 1607 297 mu-

157 333 324 379 liemm.

156 471 245 508 bone
281 479 373 508 coss.
406 469 493 506 bello
522 471 618 507 civili
650 481 732 507 cum
760 470 802 507 L.
827 470 931 507 Sulla
953 471 1225 517 dissidentibus,
1261 482 1332 520 quo
1355 476 1517 520 tempore
1534 482 1608 520 non

155 527 455 576 reipublicae
489 529 696 564 victoria
717 528 1062 576 quaerebatur,
1083 530 1167 565 sed
1186 530 1454 576 praemium
1470 531 1609 566 victo-

155 586 259 621 riae
284 594 361 620 res
389 588 496 632 era-t
519 583 714 631 publica
743 589 827 630 ete.‚
858 596 952 631 quae
981 587 1122 632 pariter
1146 597 1193 622 ex
1218 585 1396 623 Sallustio
1419 586 1530 630 dueta
1551 587 1605 623 vi-

156 642 237 678 deri
257 646 428 688 possunt.
440 661 495 666 —-
512 640 732 688 Respublica
754 643 963 688 repetita
980 642 1054 679 dici
1075 642 1244 687 videtur,
1265 653 1373 690 quae,
1390 654 1503 690 quum
1523 653 1607 679 eae-

156 698 285 747 dibus,
318 699 426 746 fuga,
457 698 792 744 proscriptionibus
830 699 941 745 plane
973 699 1157 736 dissoluta
1194 704 1314 743 esset,
1347 710 1468 746 neque
1500 700 1605 746 leges

125 787 132 790 .
154 766 198 791 ac
220 751 370 804 comitia
391 758 426 791 et
448 755 564 790 libera
594 753 780 802 suffragia
799 754 974 801 haberet,
1004 767 1024 791 a
1042 755 1148 792 Sulla
1171 755 1351 792 dictatore
1377 767 1425 792 ex
1452 767 1520 792 suo
1549 766 1606 792 ar-

153 801 262 848 bitrio
283 822 413 847 rursus
434 811 624 848 constitua
646 815 721 852 est,·
741 811 789 847 es.
811 811 975 859 Appian
996 812 1039 847 B.
1064 811 1104 848 C.
1124 812 1159 858 1,
1188 814 1255 857 98,
1280 814 1338 851 99.
1362 823 1399 860 p
1431 814 1500 852 183
1521 822 1603 859 sqq.

154 867 371 915 Schweigh.

264 925 325 961 Fr.
349 926 408 962 40.
455 921 570 972 [Cort.
599 935 635 971 p.·
653 927 735 962 954.
770 924 868 960 Gerl.
892 924 954 960 ed.
975 925 1062 961 mai.
1081 924 1116 969 Ι,
1137 926 1196 964 37.
1221 924 1283 961 ed.
1308 925 1396 960 min.
1418 925 1453 970 Ι,
1480 927 1539 964 57.
1564 936 1602 972 p.

151 985 231 1028 190,
249 984 304 1019 14.
342 980 453 1018 Debr.
476 981 519 1025 ΙΙ,
539 981 614 1025 44]
676 980 820 1016 Charis.
843 982 886 1027 ΙΙ,
903 985 960 1027 14,
980 986 1039 1020 25.
1057 993 1093 1028 p.
1111 985 1192 1020 114.
1253 981 1421 1019 Lindum.
1443 981 1498 1028 (p.
1521 982 1602 1020 175.

151 1038 336 1083 Putsch.).
397 1037 464 1073 His
486 1038 633 1082 verbis,
657 1048 753 1084 quae
775 1048 849 1073 non
870 1038 959 1074 satis
986 1037 1198 1085 expeditam
1220 1038 1357 1074 habent
1387 1038 1605 1084 explicatio-

151 1106 257 1140 nem,
292 1095 451 1132 coniicio
474 1093 692 1131 Sallustium
717 1093 852 1130 afferre
888 1096 1016 1142 gravis
1048 1094 1205 1131 alicuius
1248 1094 1317 1132 viri
1345 1093 1524 1131 iudicium
1555 1093 1602 1130 de

151 1151 279 1189 Sullae
302 1151 477 1188 institutis
498 1150 723 1197 quibusnam
742 1161 811 1198 per
834 1163 876 1187 se
899 1151 1027 1196 bonis,
1060 1151 1129 1187 sed
1161 1151 1294 1197 quibus
1331 1152 1412 1197 ipse
1435 1151 1601 1187 moribus

151 1212 186 1244 et
207 1208 379 1255 exemplo
403 1212 655 1270 repugnaret3
686 1207 733 1243 cs.
766 1197 953 1246 Plutarch.
979 1211 1183 1254 comparat.
1211 1207 1378 1255 Lysand.
1408 1211 1444 1242 et
1475 1204 1602 1244 Sullae

150 1276 183 1300 e.
206 1267 248 1310 3,
278 1269 370 1301 extr.
416 1256 573 1308 Σύλλας
594 1254 809 1308 ἀκόλαστος
830 1255 887 1301 ω“ν
915 1259 983 1301 καὶ
1011 1264 1224 1313 πολυτελης
1253 1256 1504 1324 ἐσωφρόνιζε
1512 1253 1604 1307 τοὺς

148 1317 307 1366 πολίτας
328 1340 383 1348 --
406 1312 502 1357 ὥστε
525 1312 766 1370 ἁμαρτάνειν
785 1311 908 1358 αὐτὸν
927 1313 1022 1358 ὄντα
1045 1318 1200 1372 χείρονα
1219 1319 1298 1357 τῶν
1323 1317 1436 1357 ἰδίων
1455 1311 1599 1367 νόμων.

150 1376 255 1415 Sulla
279 1382 508 1425 quantopere
531 1377 745 1414 libidinibus
769 1377 918 1414 deditus
939 1378 1067 1423 suerit,
1089 1379 1179 1414 satis
1196 1381 1322 1413 notum
1348 1381 1427 1422 est;
1446 1377 1493 1413 cf.
1509 1375 1600 1413 Sall.

148 1433 230 1482 lug.
254 1433 374 1480 XCV,
406 1438 441 1473 3.
488 1434 650 1481 Cupidus
671 1434 891 1481 voluptatum
910 1454 966 1460 —
985 1436 1054 1471 otio
1079 1432 1273 1471 luxurioso
1292 1443 1384 1471 esse.
1445 1432 1522 1473 Cic.
1554 1431 1601 1468 de

147 1489 255 1526 Finn.
289 1490 361 1536 III,
391 1495 458 1536 22,
491 1492 547 1529 75-
609 1490 713 1526 Sulla
743 1492 854 1527 trium
883 1490 1151 1538 pestiferorum
1183 1492 1369 1538 vitiorum,
1408 1490 1596 1536 luxuriae,

147 1548 345 1594 avaritiae,
375 1547 622 1593 crudelitatiffi
650 1548 823 1594 mayister
842 1547 926 1594 filil.
987 1547 1114 1583 Valer.
1140 1539 1240 1584 Max.
1267 1545 1339 1592 VI,
1370 1549 1416 1592 9,
1442 1550 1478 1590 5.
1516 1545 1602 1581 Plu,-

149 1603 266 1640 tarch.
288 1605 326 1640 in
348 1602 441 1641 Sull.
464 1615 497 1638 c.
513 1606 579 1648 36,
602 1604 651 1639 in.
696 1602 836 1665 Συνῆν
860 1596 1056 1667 (Σύλλας)
1077 1600 1229 1652 μίμοις,
1251 1574 1434 1666 γυναιξὶέ
1451 1589 1520 1639 καὶ
1539 1613 1599 1646 κι-

145 1656 415 1711 θαριστρίαις,
452 1655 520 1696 καὶ
546 1659 778 1707 θυμελικοῖς
807 1650 1057 1709 ἆνθρωποις,
1094 1655 1157 1696 ἐπὶ
1187 1651 1386 1708 στιβάδων
1409 1650 1468 1706 ἆφ
1473 1647 1601 1720 ἠμέ-

147 1727 218 1780 ρας
237 1713 455 1778 συμπίνων.
515 1716 570 1752 Id.
601 1720 804 1776 comparat.
833 1715 1001 1764 Lysand.
1028 1719 1063 1751 et
1090 1715 1216 1758 Sullae
1238 1727 1271 1751 e.
1292 1718 1334 1759 3,
1357 1715 1406 1751 iu.
1441 1705 1601 1759 Σύλλας

147 1764 234 1810 οὔτε
269 1768 356 1818 νέος
386 1763 442 1810 ὧν
473 1768 581 1837 περὶ
595 1763 665 1816 τὰς
695 1768 909 1835 ἐπιθυμίας
928 1768 1119 1834 ἐμετρίαζε
1140 1763 1207 1808 διὰ
1234 1765 1306 1820 τὴν
1329 1767 1600 1819 πενίαν,,ουτε

144 1838 321 1892 γηρασας
361 1820 429 1866 διὰ
456 1841 528 1878 την
558 1821 754 1891 ἡλικίαν,
775 1819 875 1866 ἀλλὰ
904 1819 1017 1873 τοὺς
1043 1824 1160 1878 περὶ
1186 1821 1358 1890 γάμων
1387 1823 1471 1865 καὶ
1504 1833 1597 1864 σω-

146 1878 405 1936 φροᾷύνης
426 1882 672 1948 εἰςηγεῖτο
699 1877 884 1934 νόμους
911 1885 1015 1929 τοῖς
1036 1882 1270 1928 πολίταις
1298 1874 1447 1928 αυτὸς
1474 1878 1599 1933 ἐρῶν

145 1937 228 1978 καὶ
263 1937 541 1991 μοιχεύων,
580 1934 632 1987 ὥς
665 1949 763 1990 φησι
792 1933 1046 1986 Σαλούστιος.
1120 1941 1223 1986 Quae
1254 1945 1447 1988 postrema
1479 1940 1596 1976 verba

145 2009 259 2046 quum
282 2000 364 2047 Ipso
386 1998 583 2035 Plutarcho
610 2002 704 2035 teste
729 2010 777 2035 ex
798 1998 976 2036 Sallustio
1000 1998 1111 2035 ducta
1135 1998 1231 2043 sint,
1260 1997 1353 2035 mihi
1373 1995 1491 2043 yaida
1508 2006 1596 2044 pro-

143 2055 268 2092 babile
302 2060 359 2092 est
390 2066 466 2091 non
492 2056 565 2092 alio
589 2066 635 2092 ea
666 2066 778 2102 quam
801 2055 851 2092 ad
871 2055 943 2092 hoc
974 2055 1096 2102 ipsum
1111 2055 1376 2101 Fragmentum
1408 2055 1593 2100 spectare.

144 2110 326 2148 Insanum
350 2112 468 2155 enim,
499 2113 674 2158 quoniam
700 2112 920 2148 adiunctum
950 2116 1008 2148 est
1035 2115 1178 2159 atque
1205 2111 1368 2147 aliarum
1389 2110 1594 2155 mulierum,

143 2168 367 2214 interpretor
389 2169 525 2204 insana
545 2168 702 2204 lubidine
715 2169 961 2216 flayrantem,
988 2166 1305 2214 quemadmodum
1327 2167 1492 2204 mana-e
1511 2175 1595 2204 ver-

143 2225 231 2260 bum
251 2224 386 2273 legitur
410 2223 511 2270 apud
532 2224 660 2260 Horat.
687 2223 765 2261 Sat.
787 2225 822 2269 1,
843 2228 884 2270 2,
908 2227 966 2263 49.
1014 2224 1082 2260 Vir
1105 2224 1263 2260 aliarum
1282 2224 1474 2261 mulierum
1492 2232 1595 2258 moe·
1614 2260 1647 2278 ,x

144 2279 238 2317 chus
259 2284 335 2326 est,
367 2281 430 2327 qui
454 2280 522 2316 sua
538 2281 673 2326 spreta
699 2279 791 2316 alias
817 2282 1031 2327 corrumpit.
1078 2280 1134 2316 De
1155 2291 1229 2316 usu
1255 2280 1412 2327 genitivi
1442 2279 1593 2316 attribu-

143 2337 210 2374 tivi
235 2350 274 2375 v.
292 2336 454 2374 Gramm.
479 2336 540 2374 lat.
567 2340 684 2372 nostr.
707 2338 740 2378 §.
764 2339 844 2374 128.
871 2336 925 2381 ΙΙ,
941 2340 975 2375 5.
999 2348 1037 2383 p.
1053 2339 1135 2375 305.
1174 2335 1249 2372 Cic.
1270 2336 1366 2384 Epp.
1384 2335 1434 2372 ad
1449 2335 1590 2375 Famm.

141 2392 213 2439 lX,
241 2396 307 2439 26,
336 2396 372 2431 4.
435 2392 518 2429 Non
547 2393 683 2428 multi
716 2391 812 2427 cibi
843 2391 1075 2440 hospitem
1108 2394 1288 2440 accipies,
1321 2393 1454 2429 mulli
1483 2391 1589 2433 ioci.

142 2449 194 2486 id.
211 2449 314 2486 Brut.
337 2452 402 2495 83,
419 2451 501 2488 286.
562 2449 751 2486 onomius
771 2444 878 2499 (ficit)
898 2450 1153 2486 multarum
1178 2450 1470 2496 orationum,
1497 2456 1591 2494 qua-5·

141 2505 322 2542 scribebat
340 2506 436 2542 aliis.
498 2505 547 2541 id.
565 2506 660 2553 Epp.
683 2504 733 2541 ad
749 2504 861 2541 Attio.
884 2505 988 2550 XIII,
1009 2508 1076 2553 29,
1098 2506 1148 2541 in.
1210 2504 1258 2543 Se
1285 2507 1383 2543 scire
1405 2503 1524 2542 aiebat
1543 2502 1590 2539 ab

140 2572 182 2599 eo
215 2573 336 2610 nuper
362 2564 515 2610 petitam
549 2562 805 2609 Cornificiam,
838 2562 994 2599 vetulam
1025 2573 1117 2598 sane
1155 2567 1190 2598 el
1217 2563 1481 2599 multarum
1506 2571 1589 2597 nu-

136 2620 362 2671 ptiarum.
422 2620 470 2656 ef.
493 2612 640 2656 Walch.
673 2617 723 2655 ad
750 2618 866 2655 Tacit.
897 2618 1026 2666 Agric.
1059 2631 1091 2655 c.
1116 2622 1159 2665 9,
1187 2620 1236 2656 ln.
1272 2630 1310 2666 p.
1337 2619 1417 2658 168.
1460 2617 1588 2661 Aliter,

141 2675 244 2722 quod
266 2676 382 2724 vulgo
404 2675 591 2724 significat
613 2676 685 2712 alio
705 2675 830 2722 modo,
859 2673 1051 2713 Charisius
1073 2677 1096 2711 1.
1123 2677 1147 2711 l.
1169 2675 1330 2724 explicat
1357 2675 1473 2721 alias,
1506 2674 1530 2709 i.
1551 2683 1585 2708 e.

141 2731 214 2769 atio
240 2736 425 2781 tempore,
455 2734 538 2771 sive
559 2733 641 2770 aliis
662 2733 701 2769 in
723 2734 855 2779 rebus,
879 2732 1038 2779 alioqui,
1071 2737 1251 2771 ceterum.
1312 2731 1461 2779 Integra
1476 2730 1588 2778 igitur
