1774 3002
136 156 220 198 134
620 161 660 198 C.
691 161 921 200 SALLUSTI
951 162 1101 200 CRISPI

276 285 343 328 21.
398 282 640 330 Occurrere
678 285 776 330 duci
826 288 868 331 et
913 287 1129 346 proelium
1168 286 1428 342 accendere,
1470 287 1582 331 adeo

138 365 202 410 uti
243 366 418 412 Metello
464 367 506 412 in
552 382 711 427 sagum
758 367 971 414 Hirtuleio
1012 368 1056 414 in
1107 369 1328 415 brachium
1369 369 1458 415 tela
1499 384 1584 416 ve-

139 449 294 494 nirent.

139 555 590 609 συναποθνήσκειν
623 553 756 611 αὐτῷ
789 556 1016 625 πεσόντι,
1068 560 1150 601 καὶ
1183 564 1324 602 τοῦτο
1358 564 1452 601 τῶν
1485 560 1591 602 ἐκεῖ

139 611 409 683 βαρβάρων
449 610 781 655 κατάσπεισιν
814 610 1184 668 ὀνομαζόντων,
1235 621 1316 666 τοῖς
1349 617 1422 669 μὲν
1456 613 1587 666 ἄλλοις

138 667 327 724 ἡγεμόσιν
352 665 482 722 ι’)’λιγοι
509 673 587 710 τῶν
613 667 870 712 ὑπασπιστῶν
899 672 965 712 καὶ
993 677 1071 713 τῶν
1097 673 1280 739 ἑταίρων,
1309 675 1517 741 Σερτωρίῳ
1545 673 1588 714 δὲ

139 725 280 766 πολλαὶ
307 725 494 778 μυριάδες
525 720 755 780 ἀνθρώπων
783 725 1091 770 κατεσπεικότων
1124 724 1285 777 ἑαυτοὺς
1317 724 1584 781 ἠκολούθουν.

140 787 189 822 cf.
221 786 355 823 Strabo
382 786 440 820 ΙΙΙ.
470 798 506 833 p.
537 790 619 825 252.
650 787 696 823 Α.
731 788 916 826 Almelov.
969 789 1109 826 Similis
1136 801 1218 825 mos
1246 789 1458 826 devotionis
1487 790 1588 837 apud

142 843 266 879 Gallos
296 843 470 887 obtinuit,
501 847 541 878 ut
561 842 699 880 Caesar
724 845 836 880 tradit
855 845 897 880 B.
921 846 962 881 G.
983 845 1042 890 Ill,
1062 849 1145 893 22.,
1174 846 1235 882 ubi
1265 858 1304 883 v.
1330 845 1478 882 doctam
1498 847 1588 882 Her-

141 899 240 946 zogii
262 900 626 935 commentationem.
640 914 698 925 ·-—
724 901 814 937 Post
831 911 903 947 eos,
926 903 949 937 i.
972 913 1005 937 e.
1032 902 1077 939 iis
1098 902 1234 938 occisis
1252 903 1312 938 vcl
1331 903 1500 938 mortuis.
1539 903 1586 938 ci'.

140 955 261 991 Hand.
286 955 333 990 de
351 955 511 991 Particc.
536 956 627 992 Latt.
650 956 735 992 Vol.
759 957 821 993 IV.
842 969 877 1003 p.
897 960 980 996 492.
1003 961 1034 1001 S.
1055 961 1089 996 4.
1122 978 1179 983 —
1216 955 1454 1006 Refutare
1481 960 1590 995 vitam

141 1015 199 1048 est
227 1012 342 1047 vitam
370 1014 588 1058 aspernari,
623 1013 696 1048 vita
725 1014 795 1049 frui
825 1015 944 1059 nolle;
977 1015 1022 1050 cf.
1053 1014 1130 1050 Cic.
1156 1026 1195 1061 p.
1223 1015 1350 1051 Rabir.
1384 1026 1418 1050 c.
1444 1018 1500 1059 16,
1529 1017 1587 1052 44.

140 1067 259 1112 Quam
279 1068 470 1104 bonitatem
488 1079 562 1104 non
581 1070 685 1105 modo
705 1080 778 1105 non
795 1071 1058 1116 aspernari
1074 1081 1128 1106 ac
1149 1070 1392 1118 refutare,
1411 1071 1479 1106 sed
1495 1081 1589 1106 com·

132 1125 249 1172 plecti
263 1126 370 1160 etiam
389 1128 422 1160 el
441 1135 578 1172 auyere
597 1125 740 1162 debetis.
788 1125 841 1161 De
871 1127 973 1163 verbi
1004 1131 1185 1173 potestate
1210 1137 1246 1163 v.
1273 1127 1471 1163 Forcellini
1499 1127 1587 1162 Lex.

140 1181 203 1217 ed.
223 1180 397 1217 German.

255 1238 316 1272 Fr.
345 1240 406 1275 21.
453 1235 567 1281 [Cort.
598 1248 635 1283 p·
655 1239 736 1276 961.
769 1238 867 1274 Gerl.
895 1239 957 1274 cd.
989 1239 1076 1274 mai.
1107 1239 1151 1283 II,
1173 1240 1232 1275 43.
1263 1237 1323 1275 ed.
1349 1238 1438 1274 min.
1467 1238 1510 1283 11,
1530 1241 1589 1277 67.

139 1305 176 1341 p.
200 1295 281 1337 204,
305 1296 360 1332 17.
383 1293 493 1328 Debr.
519 1293 562 1338 Il,
582 1294 682 1337 119.]
731 1294 827 1329 Non.
849 1295 947 1340 XIV,
971 1300 1028 1333 10.
1070 1294 1303 1341 Quamquam
1325 1305 1424 1330 nexu
1445 1295 1589 1330 sublato

139 1350 267 1396 priora
298 1349 397 1385 facta
423 1349 588 1396 paullum
619 1354 703 1385 sunt
731 1352 910 1396 obscura,
949 1356 1070 1386 tamen
1093 1350 1307 1387 universum
1325 1350 1590 1398 Fragmentum

139 1405 244 1442 haud
265 1405 456 1442 difficilem
478 1405 592 1442 habet
617 1406 916 1451 explicationem.
964 1408 1057 1443 Nam
1079 1407 1126 1443 de
1145 1417 1275 1454 pugna
1301 1406 1403 1454 apud
1420 1406 1590 1443 Italicam

142 1463 291 1498 ineunte
324 1473 421 1497 anno
455 1463 514 1499 75.
536 1473 569 1498 a.
589 1461 673 1498 Chr.
705 1474 740 1497 n.
763 1464 966 1499 commissa
993 1474 1203 1500 sermonem
1233 1473 1318 1499 esse
1339 1473 1449 1498 nemo
1468 1467 1590 1510 potest

142 1519 333 1562 dubitare,
365 1519 499 1553 collato
522 1518 655 1554 Orosio
676 1519 725 1562 V,
745 1522 801 1557 23.
829 1520 962 1556 Postea
982 1520 1257 1556 Hirtuleius
1281 1529 1380 1555 cum
1399 1518 1591 1555 Metello

141 1583 430 1622 conyressus
461 1575 590 1620 apuu
614 1574 837 1611 Italicam
866 1577 1044 1612 Baeticae
1070 1575 1197 1612 urbem
1215 1576 1340 1622 viginti
1360 1576 1471 1611 millia
1498 1576 1589 1611 mili-

141 1634 213 1667 tum
227 1630 409 1677 perdidit,
438 1632 620 1677 victusque
638 1632 676 1666 in
695 1631 922 1679 Lusitaniam
945 1642 1027 1668 cum
1040 1633 1176 1678 paucis
1196 1631 1346 1678 resuyit.
1382 1632 1436 1667 De
1458 1630 1590 1668 eadem

140 1698 269 1734 pugna
298 1686 541 1733 intelligenda
571 1691 657 1722 sunt
680 1688 790 1722 etiam
813 1690 930 1723 verba
949 1688 1108 1734 Epitom.
1135 1688 1213 1724 Liv.
1238 1687 1301 1722 lib.
1323 1686 1417 1723 XCI.
1439 1687 1483 1731 Q.
1508 1686 1589 1723 Me-

140 1743 244 1779 tellus
266 1743 470 1789 proconsul
499 1741 544 1777 L.
572 1742 811 1788 Hirtuleium,
847 1748 1075 1790 quaestorem
1103 1742 1276 1787 Sertorii,
1314 1753 1397 1779 cum
1425 1744 1591 1779 exercitu

141 1800 282 1835 cecidit.
331 1798 416 1834 Alia
434 1798 644 1845 quaedam,
674 1799 744 1835 sed
766 1800 899 1846 quibus
922 1801 1021 1836 nulla
1042 1801 1107 1835 lux
1126 1798 1292 1835 Sallustii
1317 1798 1444 1835 verbis
1469 1798 1590 1834 affim—

143 1855 252 1900 ditur,
266 1855 386 1891 habet
404 1855 566 1891 Frontin.
588 1855 635 1890 de
657 1855 879 1904 Strategem.
896 1857 938 1900 II,
957 1861 989 1900 1,
1005 1860 1038 1894 2.
1059 1859 1097 1891 et
1114 1855 1158 1899 ΙΙ,
1173 1858 1210 1899 3,
1223 1858 1259 1892 5.
1285 1873 1343 1880 —-
1371 1854 1589 1891 Gerlachius

141 1912 305 1948 V01.111.
324 1923 359 1958 p.
378 1914 438 1950 82.
470 1922 539 1958 pro
568 1912 656 1948 duci
681 1913 898 1949 necessario
927 1916 990 1948 aut
1019 1913 1131 1948 duces
1163 1914 1227 1947 aut
1248 1911 1397 1948 ducibus
1425 1905 1588 1947 scriben-

142 1968 232 2004 dum
261 1979 347 2004 esse
379 1979 540 2004 censens
576 1969 613 2004 in
644 1968 706 2004 ed.
737 1969 823 2004 min.
854 1970 1042 2016 vulgatam
1073 1967 1241 2011 retInuit3
1278 1970 1402 2012 recte,
1433 1968 1589 2015 opinor;

142 2036 228 2061 nam
249 2025 335 2060 licet
365 2025 555 2072 ignoretur
576 2025 782 2061 subiectum
804 2026 907 2061 verbi
930 2034 1147 2069 occurrere,
1178 2034 1299 2071 neque
1319 2027 1463 2060 constet
1491 2024 1590 2070 quis-

141 2092 228 2117 nam
243 2081 348 2117 ducis
362 2082 546 2118 vocabulo
563 2081 805 2128 significetur,
831 2086 954 2117 tamen
973 2081 1068 2117 haec
1091 2079 1314 2124 obscuritas,
1334 2080 1372 2115 in
1390 2080 1419 2115 F
1421 2090 1591 2126 ragmen

141 2138 187 2173 tis
211 2138 522 2182 frequentissima,
546 2138 678 2174 iustam
701 2138 915 2185 corrigendi
937 2148 1110 2174 caussam
1131 2147 1205 2171 non
1225 2136 1349 2172 habet.
1369 2155 1427 2161 —
1454 2134 1591 2183 Sayum

142 2194 180 2229 in
211 2193 428 2229 universum
461 2195 719 2239 appellabatur
749 2196 855 2230 vestis
885 2194 1072 2237 militaris,
1115 2193 1163 2228 cf.
1194 2192 1408 2238 Nieupoort.
1444 2191 1492 2227 de
1518 2192 1590 2228 Rit.

141 2249 247 2286 Rom.
272 2249 334 2293 VI,
357 2253 390 2293 l,
410 2252 447 2286 3.
468 2260 506 2295 p.
526 2250 606 2287 409.
629 2249 691 2285 ed.
715 2249 800 2294 ΙΧ.;
829 2250 898 2286 sed
919 2249 1154 2295 imperatoris
1173 2249 1366 2295 proprium
1386 2248 1586 2294 eratpalu-

142 2306 371 2350 damentum,
411 2315 448 2340 v.
478 2305 610 2350 Nieup.
642 2307 666 2340 l.
694 2306 739 2348 l.‚
777 2307 879 2352 Lips.
910 2305 956 2341 de
987 2305 1065 2340 Mil.
1097 2304 1206 2340 Rom.
1234 2305 1276 2348 ΙΙ,
1306 2307 1360 2342 12.
1389 2316 1427 2351 p.
1450 2306 1497 2342 92
1516 2314 1588 2350 sq„

143 2361 300 2398 Nitschii
321 2361 516 2408 Antiquitt.
540 2360 648 2396 Rom.
670 2361 754 2398 Vol.
775 2362 799 2396 1.
823 2373 860 2407 p.
883 2365 966 2400 361.
994 2360 1053 2396 ed.
1077 2361 1161 2405 HL,
1194 2361 1359 2397 Gronov.
1387 2365 1423 2396 et
1450 2360 1588 2396 Duker.

143 2417 192 2453 ad
212 2418 292 2454 Liv.
314 2417 407 2461 XLI,
429 2421 485 2461 10,
512 2421 544 2454 5.
592 2416 673 2460 Quo
697 2427 808 2462 quum
837 2417 951 2453 duces
975 2417 1024 2452 ad
1045 2421 1216 2453 ornatum
1241 2421 1277 2452 et
1305 2416 1354 2452 ad
1374 2417 1589 2463 dignitatem

141 2477 351 2519 uterentur,
390 2474 498 2509 facile
530 2477 650 2519 patet,
681 2484 746 2508 cur
774 2473 992 2516 Sallustius,
1031 2474 1093 2509 ubi
1121 2472 1168 2509 de
1191 2483 1343 2520 puynae
1368 2482 1439 2508 usu
1466 2481 1589 2507 sermo

143 2534 220 2574 est,
252 2530 291 2565 id
314 2531 459 2577 vulgari
479 2531 561 2577 sayi
575 2530 758 2567 vocabulo
784 2530 1043 2576 appellaverit.
1071 2549 1126 2554 —
1164 2529 1338 2566 Venire
1364 2528 1434 2564 tela
1462 2527 1590 2563 dicun-

141 2591 212 2630 tur,
235 2597 331 2633 quae
354 2587 450 2622 iacta
470 2585 683 2622 vehementi
704 2586 843 2631 impetu
865 2586 1038 2628 accidunt
1047 2596 1057 2630 ;
1081 2587 1126 2621 cs.
1149 2584 1370 2622 Cic.Tuscc.
1389 2583 1432 2627 11,
1453 2586 1511 2627 23,
1531 2586 1590 2621 56.

141 2641 289 2689 Puyiles
316 2644 573 2690 inyemiscunt,
602 2642 688 2689 quia
705 2641 974 2688 profundenda
999 2652 1084 2678 voce
1103 2651 1208 2678 omne
1232 2649 1367 2687 corpus
1394 2639 1590 2675 intenditur

143 2699 361 2746 venitque
384 2700 534 2746 playa
561 2697 816 2735 vehementior.
859 2698 969 2735 Ovid.
992 2698 1103 2734 Trist.
1123 2698 1171 2741 V,
1194 2701 1249 2741 10,
1270 2696 1327 2734 21.
1366 2696 1474 2742 Virg.
1494 2694 1588 2731 Aen.

142 2755 190 2800 V,
209 2759 288 2793 500.
318 2755 379 2799 IX,
401 2758 502 2799 692„
534 2765 628 2801 quae
651 2755 825 2801 exempla
845 2755 999 2791 Wassio
1020 2754 1213 2790 debentur.
