<?xml version="1.0" encoding="UTF-8"?>
<!DOCTYPE html PUBLIC "-//W3C//DTD XHTML 1.0 Transitional//EN"
    "http://www.w3.org/TR/xhtml1/DTD/xhtml1-transitional.dtd">
<html xmlns="http://www.w3.org/1999/xhtml" xml:lang="en" lang="en">
 <head>
  <title>
</title>
<meta http-equiv="Content-Type" content="text/html;charset=utf-8" />
  <meta name='ocr-system' content='tesseract 3.04.00' />
  <meta name='ocr-capabilities' content='ocr_page ocr_carea ocr_par ocr_line ocrx_word'/>
</head>
<body>
  <div class='ocr_page' id='page_1' title='image "./operaquaesupersu03salluoft/operaquaesupersu03salluoft_0414.png"; bbox 0 0 1774 3002; ppageno 0'>
   <div class='ocr_carea' id='block_1_1' title="bbox 158 147 1119 192">
    <p class='ocr_par' dir='ltr' id='par_1_1' title="bbox 158 147 1119 192">
     <span class='ocr_line' id='line_1_1' title="bbox 158 147 1119 192; baseline 0.001 -2"><span class='ocrx_word' id='word_1_1' title='bbox 158 147 243 190; x_wconf 85' lang='lat'><strong>364</strong></span> <span class='ocrx_word' id='word_1_2' title='bbox 635 151 674 189; x_wconf 92' lang='lat' dir='ltr'><strong>C.</strong></span> <span class='ocrx_word' id='word_1_3' title='bbox 705 152 936 191; x_wconf 90' lang='lat' dir='ltr'>SALLUSTI</span> <span class='ocrx_word' id='word_1_4' title='bbox 967 152 1119 192; x_wconf 87' lang='lat' dir='ltr'>CRISPI</span> 
     </span>
    </p>
   </div>
   <div class='ocr_carea' id='block_1_2' title="bbox 154 275 1616 504">
    <p class='ocr_par' dir='ltr' id='par_1_2' title="bbox 154 275 1616 504">
     <span class='ocr_line' id='line_1_2' title="bbox 295 275 1470 325; baseline 0.003 -4"><span class='ocrx_word' id='word_1_5' title='bbox 295 280 360 322; x_wconf 87' lang='lat'><strong>13.</strong></span> <span class='ocrx_word' id='word_1_6' title='bbox 421 275 509 321; x_wconf 89' lang='lat' dir='ltr'><strong>Sed</strong></span> <span class='ocrx_word' id='word_1_7' title='bbox 538 276 607 321; x_wconf 89' lang='lat' dir='ltr'><strong>ubi</strong></span> <span class='ocrx_word' id='word_1_8' title='bbox 642 276 714 322; x_wconf 88' lang='lat' dir='ltr'><strong>ille</strong></span> <span class='ocrx_word' id='word_1_9' title='bbox 742 276 923 322; x_wconf 90' lang='lat' dir='ltr'><strong>militum</strong></span> <span class='ocrx_word' id='word_1_10' title='bbox 950 277 1218 323; x_wconf 88' lang='lat' dir='ltr'><strong>voluntatem</strong></span> <span class='ocrx_word' id='word_1_11' title='bbox 1250 282 1470 325; x_wconf 81' lang='lat' dir='ltr'><strong>causatus.</strong></span> 
     </span>
     <span class='ocr_line' id='line_1_3' title="bbox 294 359 1616 430; baseline 0.005 -27"><span class='ocrx_word' id='word_1_12' title='bbox 294 362 360 404; x_wconf 83' lang='lat'><strong>14.</strong></span> <span class='ocrx_word' id='word_1_13' title='bbox 417 359 923 430; x_wconf 83' lang='lat' dir='ltr'><strong>LegionesValerianae</strong></span> <span class='ocrx_word' id='word_1_14' title='bbox 943 363 1168 421; x_wconf 87' lang='lat' dir='ltr'><strong>comperto</strong></span> <span class='ocrx_word' id='word_1_15' title='bbox 1195 362 1296 423; x_wconf 86' lang='lat' dir='ltr'><strong>lege</strong></span> <span class='ocrx_word' id='word_1_16' title='bbox 1316 362 1499 409; x_wconf 86' lang='lat' dir='ltr'><strong>Gabinia</strong></span> <span class='ocrx_word' id='word_1_17' title='bbox 1517 364 1616 430; x_wconf 10' lang='lat' dir='ltr'><strong>Bi-q</strong></span> 
     </span>
     <span class='ocr_line' id='line_1_4' title="bbox 154 443 1509 504; baseline 0.004 -17"><span class='ocrx_word' id='word_1_18' title='bbox 154 443 348 504; x_wconf 86' lang='lat' dir='ltr'><strong>thyniam</strong></span> <span class='ocrx_word' id='word_1_19' title='bbox 374 445 416 488; x_wconf 89' lang='lat' dir='ltr'><strong>et</strong></span> <span class='ocrx_word' id='word_1_20' title='bbox 452 443 638 488; x_wconf 89' lang='lat' dir='ltr'><strong>Pontum</strong></span> <span class='ocrx_word' id='word_1_21' title='bbox 668 443 837 488; x_wconf 88' lang='lat' dir='ltr'><strong>consuli</strong></span> <span class='ocrx_word' id='word_1_22' title='bbox 873 444 1042 500; x_wconf 85' lang='lat' dir='ltr'><strong>datum,</strong></span> <span class='ocrx_word' id='word_1_23' title='bbox 1075 459 1176 490; x_wconf 89' lang='lat' dir='ltr'><strong>sese</strong></span> <span class='ocrx_word' id='word_1_24' title='bbox 1201 445 1363 492; x_wconf 84' lang='lat' dir='ltr'><strong>missos</strong></span> <span class='ocrx_word' id='word_1_25' title='bbox 1395 461 1509 494; x_wconf 89' lang='lat' dir='ltr'><strong>esse.</strong></span> 
     </span>
    </p>
   </div>
   <div class='ocr_carea' id='block_1_3' title="bbox 106 594 1598 2815">
    <p class='ocr_par' dir='ltr' id='par_1_3' title="bbox 148 594 1598 1164">
     <span class='ocr_line' id='line_1_5' title="bbox 151 594 1596 674; baseline 0.001 -34"><span class='ocrx_word' id='word_1_26' title='bbox 151 594 290 655; x_wconf 78' lang='grc' dir='ltr'><strong><em>ἇπόρῳ</em></strong></span> <span class='ocrx_word' id='word_1_27' title='bbox 315 598 474 652; x_wconf 79' lang='grc' dir='ltr'><strong>ἐγένετο.</strong></span> <span class='ocrx_word' id='word_1_28' title='bbox 538 604 699 651; x_wconf 85' lang='lat' dir='ltr'><strong>Appian.</strong></span> <span class='ocrx_word' id='word_1_29' title='bbox 732 603 898 639; x_wconf 84' lang='lat' dir='ltr'><strong>Mithrid.</strong></span> <span class='ocrx_word' id='word_1_30' title='bbox 930 617 962 641; x_wconf 90' lang='lat' dir='ltr'><strong>c.</strong></span> <span class='ocrx_word' id='word_1_31' title='bbox 991 608 1047 649; x_wconf 88' lang='lat'><strong>90,</strong></span> <span class='ocrx_word' id='word_1_32' title='bbox 1080 605 1175 641; x_wconf 90' lang='lat' dir='ltr'><strong>med.</strong></span> <span class='ocrx_word' id='word_1_33' title='bbox 1208 619 1246 654; x_wconf 92' lang='lat' dir='ltr'><strong>p.</strong></span> <span class='ocrx_word' id='word_1_34' title='bbox 1268 608 1349 647; x_wconf 89' lang='lat'><strong>777.</strong></span> <span class='ocrx_word' id='word_1_35' title='bbox 1379 607 1596 674; x_wconf 78' lang='lat' dir='ltr'><strong>Schweigh</strong></span> 
     </span>
     <span class='ocr_line' id='line_1_6' title="bbox 151 653 1597 715; baseline 0.004 -17"><span class='ocrx_word' id='word_1_36' title='bbox 151 654 413 698; x_wconf 82' lang='grc' dir='ltr'><strong><em>Λουκούλλου</em></strong></span> <span class='ocrx_word' id='word_1_37' title='bbox 443 653 483 697; x_wconf 80' lang='grc' dir='ltr'><strong>δ’</strong></span> <span class='ocrx_word' id='word_1_38' title='bbox 512 653 590 710; x_wconf 75' lang='grc' dir='ltr'><strong>ἤδη</strong></span> <span class='ocrx_word' id='word_1_39' title='bbox 619 661 674 713; x_wconf 79' lang='grc' dir='ltr'><strong>τῷ</strong></span> <span class='ocrx_word' id='word_1_40' title='bbox 704 653 945 713; x_wconf 80' lang='grc' dir='ltr'><em>Μιθριδάτῃ</em></span> <span class='ocrx_word' id='word_1_41' title='bbox 972 657 1494 712; x_wconf 64' lang='grc' dir='ltr'><strong><em>παραστρατοπεδεύοντος’</em></strong></span> <span class='ocrx_word' id='word_1_42' title='bbox 1478 678 1500 703; x_wconf 93' lang='lat' dir='ltr'><strong>o</strong></span> <span class='ocrx_word' id='word_1_43' title='bbox 1529 666 1597 715; x_wconf 85' lang='grc' dir='ltr'><strong>τῆς</strong></span> 
     </span>
     <span class='ocr_line' id='line_1_7' title="bbox 147 700 1596 782; baseline 0.004 -28.017"><span class='ocrx_word' id='word_1_44' title='bbox 147 709 278 763; x_wconf 87' lang='grc' dir='ltr'><strong><em>’Λσίας</em></strong></span> <span class='ocrx_word' id='word_1_45' title='bbox 289 708 510 782; x_wconf 81' lang='grc' dir='ltr'><strong><em>στρατηγος</em></strong></span> <span class='ocrx_word' id='word_1_46' title='bbox 529 720 573 762; x_wconf 90' lang='lat' dir='ltr'><strong>(i.</strong></span> <span class='ocrx_word' id='word_1_47' title='bbox 584 730 619 754; x_wconf 89' lang='lat' dir='ltr'><strong>c.</strong></span> <span class='ocrx_word' id='word_1_48' title='bbox 641 700 684 764; x_wconf 95' lang='lat' dir='ltr'><strong>Q.</strong></span> <span class='ocrx_word' id='word_1_49' title='bbox 705 719 869 754; x_wconf 82' lang='lat' dir='ltr'>Marcius</span> <span class='ocrx_word' id='word_1_50' title='bbox 895 718 976 754; x_wconf 88' lang='lat' dir='ltr'><strong>Rex</strong></span> <span class='ocrx_word' id='word_1_51' title='bbox 995 721 1217 765; x_wconf 88' lang='lat' dir='ltr'><strong>proconsul)</strong></span> <span class='ocrx_word' id='word_1_52' title='bbox 1237 717 1489 771; x_wconf 80' lang='grc' dir='ltr'><strong><em>περιπέμπων</em></strong></span> <span class='ocrx_word' id='word_1_53' title='bbox 1507 717 1596 773; x_wconf 71' lang='grc' dir='ltr'><strong><em>ἐκή-</em></strong></span> 
     </span>
     <span class='ocr_line' id='line_1_8' title="bbox 151 765 1596 839; baseline 0.004 -28"><span class='ocrx_word' id='word_1_54' title='bbox 151 783 280 825; x_wconf 87' lang='grc' dir='ltr'><strong><em>ρυσσε,</em></strong></span> <span class='ocrx_word' id='word_1_55' title='bbox 289 765 502 839; x_wconf 77' lang='grc' dir='ltr'><strong><em>Ῥωμαίους</em></strong></span> <span class='ocrx_word' id='word_1_56' title='bbox 519 770 717 812; x_wconf 81' lang='grc' dir='ltr'><strong><em>ἐπικαλεῖν</em></strong></span> <span class='ocrx_word' id='word_1_57' title='bbox 727 767 974 812; x_wconf 79' lang='grc' dir='ltr'><strong><em>Λουκούλλω</em></strong></span> <span class='ocrx_word' id='word_1_58' title='bbox 987 771 1087 825; x_wconf 84' lang='grc' dir='ltr'><strong><em>πέρα</em></strong></span> <span class='ocrx_word' id='word_1_59' title='bbox 1100 788 1170 812; x_wconf 86' lang='grc' dir='ltr'><strong>του</strong></span> <span class='ocrx_word' id='word_1_60' title='bbox 1152 773 1336 824; x_wconf 84' lang='grc' dir='ltr'><strong><em>δέοντος</em></strong></span> <span class='ocrx_word' id='word_1_61' title='bbox 1349 779 1596 828; x_wconf 78' lang='grc' dir='ltr'><strong><em>πολεμοῦντι,</em></strong></span> 
     </span>
     <span class='ocr_line' id='line_1_9' title="bbox 152 822 1598 885; baseline 0.004 -17"><span class='ocrx_word' id='word_1_62' title='bbox 152 827 218 868; x_wconf 81' lang='grc' dir='ltr'><strong><em>καὶ</em></strong></span> <span class='ocrx_word' id='word_1_63' title='bbox 239 843 329 876; x_wconf 90' lang='grc' dir='ltr'><strong><em>τους</em></strong></span> <span class='ocrx_word' id='word_1_64' title='bbox 350 822 414 868; x_wconf 84' lang='grc' dir='ltr'><strong><em>υπ’</em></strong></span> <span class='ocrx_word' id='word_1_65' title='bbox 442 823 550 882; x_wconf 76' lang='grc' dir='ltr'><strong><em>αὐτῷ</em></strong></span> <span class='ocrx_word' id='word_1_66' title='bbox 570 832 638 882; x_wconf 86' lang='grc' dir='ltr'><strong>τῆς</strong></span> <span class='ocrx_word' id='word_1_67' title='bbox 658 828 857 882; x_wconf 78' lang='grc' dir='ltr'><strong><em>στρατείας</em></strong></span> <span class='ocrx_word' id='word_1_68' title='bbox 881 822 1063 880; x_wconf 73' lang='grc' dir='ltr'><strong><em>ἀφιέναι,</em></strong></span> <span class='ocrx_word' id='word_1_69' title='bbox 1093 829 1160 869; x_wconf 82' lang='grc' dir='ltr'><strong><em>καὶ</em></strong></span> <span class='ocrx_word' id='word_1_70' title='bbox 1179 833 1258 871; x_wconf 76' lang='grc' dir='ltr'><strong>τῶν</strong></span> <span class='ocrx_word' id='word_1_71' title='bbox 1279 826 1327 873; x_wconf 81' lang='grc' dir='ltr'><strong>οὗ</strong></span> <span class='ocrx_word' id='word_1_72' title='bbox 1349 832 1598 885; x_wconf 80' lang='grc' dir='ltr'><strong><em>πειθομένων</em></strong></span> 
     </span>
     <span class='ocr_line' id='line_1_10' title="bbox 150 880 1594 940; baseline 0.004 -15"><span class='ocrx_word' id='word_1_73' title='bbox 150 880 198 926; x_wconf 77' lang='grc' dir='ltr'><strong>τὰ</strong></span> <span class='ocrx_word' id='word_1_74' title='bbox 217 881 312 925; x_wconf 86' lang='grc' dir='ltr'><strong><em>όντα</em></strong></span> <span class='ocrx_word' id='word_1_75' title='bbox 336 883 553 938; x_wconf 81' lang='grc' dir='ltr'><strong><em>δημεύσειν.</em></strong></span> <span class='ocrx_word' id='word_1_76' title='bbox 614 891 730 938; x_wconf 86' lang='lat' dir='ltr'>Igitur</span> <span class='ocrx_word' id='word_1_77' title='bbox 758 890 859 935; x_wconf 89' lang='lat' dir='ltr'><strong>quod</strong></span> <span class='ocrx_word' id='word_1_78' title='bbox 888 889 997 925; x_wconf 81' lang='lat' dir='ltr'>deest</span> <span class='ocrx_word' id='word_1_79' title='bbox 1024 891 1209 927; x_wconf 82' lang='lat' dir='ltr'><strong>enunciati</strong></span> <span class='ocrx_word' id='word_1_80' title='bbox 1237 893 1494 940; x_wconf 85' lang='lat' dir='ltr'><strong>praedicatum</strong></span> <span class='ocrx_word' id='word_1_81' title='bbox 1524 896 1594 930; x_wconf 86' lang='lat' dir='ltr'><strong>tale</strong></span> 
     </span>
     <span class='ocr_line' id='line_1_11' title="bbox 150 946 1595 994; baseline 0.003 -12"><span class='ocrx_word' id='word_1_82' title='bbox 150 947 230 982; x_wconf 82' lang='lat' dir='ltr'><strong>sere</strong></span> <span class='ocrx_word' id='word_1_83' title='bbox 252 946 338 982; x_wconf 82' lang='lat' dir='ltr'><strong>fuit:</strong></span> <span class='ocrx_word' id='word_1_84' title='bbox 360 947 541 984; x_wconf 77' lang='lat' dir='ltr'><strong>auxilium</strong></span> <span class='ocrx_word' id='word_1_85' title='bbox 566 947 613 983; x_wconf 77' lang='lat' dir='ltr'><strong>ab</strong></span> <span class='ocrx_word' id='word_1_86' title='bbox 633 957 674 984; x_wconf 84' lang='lat' dir='ltr'><strong>eo</strong></span> <span class='ocrx_word' id='word_1_87' title='bbox 689 948 809 994; x_wconf 78' lang='lat' dir='ltr'><strong>petiit.</strong></span> <span class='ocrx_word' id='word_1_88' title='bbox 867 947 921 983; x_wconf 90' lang='lat' dir='ltr'><strong>De</strong></span> <span class='ocrx_word' id='word_1_89' title='bbox 942 948 1087 983; x_wconf 86' lang='lat' dir='ltr'><strong>ratione</strong></span> <span class='ocrx_word' id='word_1_90' title='bbox 1111 949 1261 985; x_wconf 87' lang='lat' dir='ltr'><strong>ablativi</strong></span> <span class='ocrx_word' id='word_1_91' title='bbox 1282 951 1442 987; x_wconf 88' lang='lat' dir='ltr'><strong>absoluti</strong></span> <span class='ocrx_word' id='word_1_92' title='bbox 1464 954 1595 987; x_wconf 85' lang='lat' dir='ltr'><strong>neutro</strong></span> 
     </span>
     <span class='ocr_line' id='line_1_12' title="bbox 148 1003 1595 1054; baseline 0.003 -15"><span class='ocrx_word' id='word_1_93' title='bbox 148 1003 334 1050; x_wconf 90' lang='lat' dir='ltr'><strong>participii</strong></span> <span class='ocrx_word' id='word_1_94' title='bbox 350 1004 505 1051; x_wconf 78' lang='lat' dir='ltr'><strong>perfecti</strong></span> <span class='ocrx_word' id='word_1_95' title='bbox 523 1005 668 1052; x_wconf 89' lang='lat' dir='ltr'><strong>passivi</strong></span> <span class='ocrx_word' id='word_1_96' title='bbox 682 1007 717 1040; x_wconf 86' lang='lat' dir='ltr'><strong>et</strong></span> <span class='ocrx_word' id='word_1_97' title='bbox 733 1004 877 1052; x_wconf 87' lang='lat' dir='ltr'><strong>integra</strong></span> <span class='ocrx_word' id='word_1_98' title='bbox 893 1005 1154 1041; x_wconf 87' lang='lat' dir='ltr'><strong>enunciatione</strong></span> <span class='ocrx_word' id='word_1_99' title='bbox 1170 1007 1366 1054; x_wconf 83' lang='lat' dir='ltr'><strong>compositi</strong></span> <span class='ocrx_word' id='word_1_100' title='bbox 1384 1018 1420 1043; x_wconf 94' lang='lat' dir='ltr'><strong>v.</strong></span> <span class='ocrx_word' id='word_1_101' title='bbox 1433 1007 1595 1044; x_wconf 87' lang='lat' dir='ltr'><strong>Gramm.</strong></span> 
     </span>
     <span class='ocr_line' id='line_1_13' title="bbox 150 1061 1594 1109; baseline 0.003 -13"><span class='ocrx_word' id='word_1_102' title='bbox 150 1061 211 1097; x_wconf 88' lang='lat' dir='ltr'><strong>lat.</strong></span> <span class='ocrx_word' id='word_1_103' title='bbox 234 1063 351 1096; x_wconf 81' lang='lat' dir='ltr'><strong>nostr.</strong></span> <span class='ocrx_word' id='word_1_104' title='bbox 373 1064 407 1105; x_wconf 78' lang='lat'><strong>§-</strong></span> <span class='ocrx_word' id='word_1_105' title='bbox 429 1065 509 1108; x_wconf 84' lang='lat'>150,</span> <span class='ocrx_word' id='word_1_106' title='bbox 530 1066 565 1100; x_wconf 89' lang='lat'><strong>2.</strong></span> <span class='ocrx_word' id='word_1_107' title='bbox 588 1065 665 1098; x_wconf 89' lang='lat' dir='ltr'><strong>not.</strong></span> <span class='ocrx_word' id='word_1_108' title='bbox 684 1064 720 1100; x_wconf 87' lang='lat'><strong>4.</strong></span> <span class='ocrx_word' id='word_1_109' title='bbox 742 1072 780 1109; x_wconf 89' lang='lat' dir='ltr'><strong>p.</strong></span> <span class='ocrx_word' id='word_1_110' title='bbox 803 1064 884 1101; x_wconf 83' lang='lat'><strong>539.</strong></span> <span class='ocrx_word' id='word_1_111' title='bbox 908 1064 943 1097; x_wconf 87' lang='lat' dir='ltr'><strong>et</strong></span> <span class='ocrx_word' id='word_1_112' title='bbox 974 1073 1069 1109; x_wconf 89' lang='lat' dir='ltr'><strong>quae</strong></span> <span class='ocrx_word' id='word_1_113' title='bbox 1102 1062 1339 1101; x_wconf 86' lang='lat' dir='ltr'><strong>laudavimus</strong></span> <span class='ocrx_word' id='word_1_114' title='bbox 1363 1064 1413 1101; x_wconf 87' lang='lat' dir='ltr'><strong>ad</strong></span> <span class='ocrx_word' id='word_1_115' title='bbox 1433 1063 1540 1101; x_wconf 91' lang='lat' dir='ltr'><strong>Catil.</strong></span> <span class='ocrx_word' id='word_1_116' title='bbox 1560 1076 1594 1101; x_wconf 87' lang='lat' dir='ltr'><strong>c.</strong></span> 
     </span>
     <span class='ocr_line' id='line_1_14' title="bbox 149 1117 463 1164; baseline -0.003 -10"><span class='ocrx_word' id='word_1_117' title='bbox 149 1117 242 1162; x_wconf 86' lang='lat' dir='ltr'>XLI,</span> <span class='ocrx_word' id='word_1_118' title='bbox 264 1121 297 1155; x_wconf 88' lang='lat'><strong>5.</strong></span> <span class='ocrx_word' id='word_1_119' title='bbox 322 1129 360 1164; x_wconf 90' lang='lat' dir='ltr'><strong>p.</strong></span> <span class='ocrx_word' id='word_1_120' title='bbox 379 1120 463 1156; x_wconf 84' lang='lat'><strong>193.</strong></span> 
     </span>
    </p>

    <p class='ocr_par' dir='ltr' id='par_1_4' title="bbox 106 1173 1595 1791">
     <span class='ocr_line' id='line_1_15' title="bbox 261 1173 1594 1222; baseline 0.002 -12"><span class='ocrx_word' id='word_1_121' title='bbox 261 1174 323 1210; x_wconf 88' lang='lat' dir='ltr'><strong>Fr.</strong></span> <span class='ocrx_word' id='word_1_122' title='bbox 346 1178 403 1213; x_wconf 83' lang='lat'><strong>13.</strong></span> <span class='ocrx_word' id='word_1_123' title='bbox 431 1174 562 1219; x_wconf 88' lang='lat' dir='ltr'><strong>[Deest</strong></span> <span class='ocrx_word' id='word_1_124' title='bbox 582 1174 683 1222; x_wconf 89' lang='lat' dir='ltr'><strong>apud</strong></span> <span class='ocrx_word' id='word_1_125' title='bbox 706 1173 818 1219; x_wconf 66' lang='lat' dir='ltr'><strong>cort„</strong></span> <span class='ocrx_word' id='word_1_126' title='bbox 844 1175 942 1211; x_wconf 90' lang='lat' dir='ltr'><strong>Gerl.</strong></span> <span class='ocrx_word' id='word_1_127' title='bbox 964 1175 1024 1211; x_wconf 87' lang='lat' dir='ltr'><strong>ed.</strong></span> <span class='ocrx_word' id='word_1_128' title='bbox 1042 1177 1129 1212; x_wconf 90' lang='lat' dir='ltr'><strong>mai.</strong></span> <span class='ocrx_word' id='word_1_129' title='bbox 1151 1179 1187 1212; x_wconf 87' lang='lat' dir='ltr'><strong>et</strong></span> <span class='ocrx_word' id='word_1_130' title='bbox 1207 1176 1319 1212; x_wconf 91' lang='lat' dir='ltr'><strong>Debr.</strong></span> <span class='ocrx_word' id='word_1_131' title='bbox 1334 1197 1391 1203; x_wconf 84' lang='lat'><strong>—-—</strong></span> <span class='ocrx_word' id='word_1_132' title='bbox 1411 1177 1509 1214; x_wconf 91' lang='lat' dir='ltr'><strong>Gerl.</strong></span> <span class='ocrx_word' id='word_1_133' title='bbox 1533 1177 1594 1213; x_wconf 92' lang='lat' dir='ltr'><strong>ed.</strong></span> 
     </span>
     <span class='ocr_line' id='line_1_16' title="bbox 151 1231 1595 1280; baseline 0.002 -12"><span class='ocrx_word' id='word_1_134' title='bbox 151 1232 243 1268; x_wconf 90' lang='lat' dir='ltr'><strong>min.</strong></span> <span class='ocrx_word' id='word_1_135' title='bbox 263 1231 311 1275; x_wconf 93' lang='lat' dir='ltr'><strong>V,</strong></span> <span class='ocrx_word' id='word_1_136' title='bbox 333 1235 388 1270; x_wconf 92' lang='grc'><strong>11.</strong></span> <span class='ocrx_word' id='word_1_137' title='bbox 407 1243 447 1279; x_wconf 88' lang='lat' dir='ltr'><strong>p.</strong></span> <span class='ocrx_word' id='word_1_138' title='bbox 468 1235 551 1276; x_wconf 84' lang='lat'>236,</span> <span class='ocrx_word' id='word_1_139' title='bbox 568 1232 620 1276; x_wconf 91' lang='grc'><strong>1.]</strong></span> <span class='ocrx_word' id='word_1_140' title='bbox 677 1232 943 1279; x_wconf 79' lang='lat' dir='ltr'><strong>Fragmentum</strong></span> <span class='ocrx_word' id='word_1_141' title='bbox 969 1232 1055 1279; x_wconf 91' lang='lat' dir='ltr'><strong>hoc,</strong></span> <span class='ocrx_word' id='word_1_142' title='bbox 1083 1232 1183 1280; x_wconf 91' lang='lat' dir='ltr'><strong>quod</strong></span> <span class='ocrx_word' id='word_1_143' title='bbox 1205 1244 1337 1270; x_wconf 90' lang='lat' dir='ltr'><strong>recens</strong></span> <span class='ocrx_word' id='word_1_144' title='bbox 1364 1234 1526 1271; x_wconf 87' lang='lat' dir='ltr'><strong>accessit</strong></span> <span class='ocrx_word' id='word_1_145' title='bbox 1546 1245 1595 1270; x_wconf 86' lang='lat' dir='ltr'><strong>ex</strong></span> 
     </span>
     <span class='ocr_line' id='line_1_17' title="bbox 149 1287 1595 1337; baseline 0.001 -12"><span class='ocrx_word' id='word_1_146' title='bbox 149 1288 237 1326; x_wconf 89' lang='lat' dir='ltr'><strong>eod.</strong></span> <span class='ocrx_word' id='word_1_147' title='bbox 258 1287 353 1324; x_wconf 85' lang='lat' dir='ltr'><strong>Gud.</strong></span> <span class='ocrx_word' id='word_1_148' title='bbox 376 1288 556 1325; x_wconf 86' lang='lat' dir='ltr'><strong>Arusiani</strong></span> <span class='ocrx_word' id='word_1_149' title='bbox 587 1299 626 1324; x_wconf 86' lang='lat' dir='ltr'><strong>v.</strong></span> <span class='ocrx_word' id='word_1_150' title='bbox 652 1287 865 1337; x_wconf 67' lang='lat' dir='ltr'><strong>Katcsatus,</strong></span> <span class='ocrx_word' id='word_1_151' title='bbox 892 1301 931 1336; x_wconf 88' lang='lat' dir='ltr'><strong>p.</strong></span> <span class='ocrx_word' id='word_1_152' title='bbox 954 1291 1037 1327; x_wconf 81' lang='lat'><strong>244.</strong></span> <span class='ocrx_word' id='word_1_153' title='bbox 1067 1289 1258 1336; x_wconf 88' lang='lat' dir='ltr'><strong>Lindem.,</strong></span> <span class='ocrx_word' id='word_1_154' title='bbox 1288 1294 1389 1328; x_wconf 89' lang='lat' dir='ltr'><strong>certe</strong></span> <span class='ocrx_word' id='word_1_155' title='bbox 1419 1291 1595 1328; x_wconf 82' lang='lat' dir='ltr'><strong>cohaeret</strong></span> 
     </span>
     <span class='ocr_line' id='line_1_18' title="bbox 149 1343 1592 1395; baseline 0.002 -14"><span class='ocrx_word' id='word_1_156' title='bbox 149 1357 233 1382; x_wconf 90' lang='lat' dir='ltr'><strong>cum</strong></span> <span class='ocrx_word' id='word_1_157' title='bbox 254 1344 517 1392; x_wconf 79' lang='lat' dir='ltr'><strong>praecedente.</strong></span> <span class='ocrx_word' id='word_1_158' title='bbox 576 1343 648 1382; x_wconf 81' lang='lat' dir='ltr'><strong>Ille</strong></span> <span class='ocrx_word' id='word_1_159' title='bbox 669 1347 768 1382; x_wconf 90' lang='lat' dir='ltr'><strong>enim</strong></span> <span class='ocrx_word' id='word_1_160' title='bbox 785 1349 842 1382; x_wconf 92' lang='lat' dir='ltr'><strong>est</strong></span> <span class='ocrx_word' id='word_1_161' title='bbox 863 1345 906 1390; x_wconf 80' lang='lat' dir='ltr'><strong>Q.</strong></span> <span class='ocrx_word' id='word_1_162' title='bbox 928 1345 1099 1383; x_wconf 79' lang='lat' dir='ltr'><strong>Marcius</strong></span> <span class='ocrx_word' id='word_1_163' title='bbox 1120 1346 1220 1392; x_wconf 75' lang='lat' dir='ltr'><strong>Rex,</strong></span> <span class='ocrx_word' id='word_1_164' title='bbox 1240 1347 1358 1384; x_wconf 88' lang='lat' dir='ltr'><strong>Asiae</strong></span> <span class='ocrx_word' id='word_1_165' title='bbox 1376 1349 1592 1395; x_wconf 86' lang='lat' dir='ltr'><strong>proconsul,</strong></span> 
     </span>
     <span class='ocr_line' id='line_1_19' title="bbox 150 1403 1595 1451; baseline 0.001 -12"><span class='ocrx_word' id='word_1_166' title='bbox 150 1414 250 1440; x_wconf 89' lang='lat' dir='ltr'><strong>vano</strong></span> <span class='ocrx_word' id='word_1_167' title='bbox 269 1406 466 1450; x_wconf 83' lang='lat' dir='ltr'><strong>praetextu</strong></span> <span class='ocrx_word' id='word_1_168' title='bbox 500 1403 674 1439; x_wconf 71' lang='lat' dir='ltr'><strong>militess</strong></span> <span class='ocrx_word' id='word_1_169' title='bbox 657 1414 698 1439; x_wconf 73' lang='lat' dir='ltr'><strong>se</strong></span> <span class='ocrx_word' id='word_1_170' title='bbox 724 1403 831 1450; x_wconf 89' lang='lat' dir='ltr'><strong>sequi</strong></span> <span class='ocrx_word' id='word_1_171' title='bbox 853 1404 950 1439; x_wconf 91' lang='lat' dir='ltr'><strong>nolle</strong></span> <span class='ocrx_word' id='word_1_172' title='bbox 976 1404 1128 1439; x_wconf 92' lang='lat' dir='ltr'><strong>Lucullo</strong></span> <span class='ocrx_word' id='word_1_173' title='bbox 1149 1404 1302 1451; x_wconf 83' lang='lat' dir='ltr'><strong>petitum</strong></span> <span class='ocrx_word' id='word_1_174' title='bbox 1334 1405 1512 1442; x_wconf 86' lang='lat' dir='ltr'><strong>auxilium</strong></span> <span class='ocrx_word' id='word_1_175' title='bbox 1532 1416 1595 1440; x_wconf 86' lang='lat' dir='ltr'><strong>ne-</strong></span> 
     </span>
     <span class='ocr_line' id='line_1_20' title="bbox 148 1454 1591 1522; baseline 0.002 -27"><span class='ocrx_word' id='word_1_176' title='bbox 148 1470 265 1507; x_wconf 81' lang='lat' dir='ltr'><strong>gans3</strong></span> <span class='ocrx_word' id='word_1_177' title='bbox 285 1460 333 1495; x_wconf 80' lang='lat' dir='ltr'><strong>cf.</strong></span> <span class='ocrx_word' id='word_1_178' title='bbox 356 1460 424 1495; x_wconf 88' lang='lat' dir='ltr'><strong>Dio</strong></span> <span class='ocrx_word' id='word_1_179' title='bbox 446 1458 552 1496; x_wconf 89' lang='lat' dir='ltr'><strong>Cass.</strong></span> <span class='ocrx_word' id='word_1_180' title='bbox 574 1459 728 1503; x_wconf 92' lang='lat' dir='ltr'>XXXV,</span> <span class='ocrx_word' id='word_1_181' title='bbox 745 1461 801 1498; x_wconf 90' lang='grc'><strong>17.</strong></span> <span class='ocrx_word' id='word_1_182' title='bbox 825 1471 864 1506; x_wconf 88' lang='lat' dir='ltr'><strong>p.</strong></span> <span class='ocrx_word' id='word_1_183' title='bbox 876 1462 934 1499; x_wconf 87' lang='lat'><strong>86.</strong></span> <span class='ocrx_word' id='word_1_184' title='bbox 956 1460 1077 1496; x_wconf 90' lang='lat' dir='ltr'><strong>Reim.</strong></span> <span class='ocrx_word' id='word_1_185' title='bbox 1115 1454 1304 1522; x_wconf 77' lang='grc' dir='ltr'><strong><em>Μάρκιος</em></strong></span> <span class='ocrx_word' id='word_1_186' title='bbox 1325 1456 1368 1498; x_wconf 75' lang='grc' dir='ltr'><strong>δὲ</strong></span> <span class='ocrx_word' id='word_1_187' title='bbox 1383 1454 1591 1498; x_wconf 80' lang='grc' dir='ltr'><strong><em>Λουκουλ-</em></strong></span> 
     </span>
     <span class='ocr_line' id='line_1_21' title="bbox 106 1506 1594 1581; baseline 0.002 -29"><span class='ocrx_word' id='word_1_188' title='bbox 106 1527 111 1535; x_wconf 84' lang='grc'><strong><em>·</em></strong></span> <span class='ocrx_word' id='word_1_189' title='bbox 148 1516 204 1569; x_wconf 80' lang='grc' dir='ltr'><strong>λῳ</strong></span> <span class='ocrx_word' id='word_1_190' title='bbox 234 1506 309 1553; x_wconf 74' lang='grc' dir='ltr'><strong>οὐκ</strong></span> <span class='ocrx_word' id='word_1_191' title='bbox 335 1509 605 1579; x_wconf 75' lang='grc' dir='ltr'><strong><em>ἐπεκούρησε,</em></strong></span> <span class='ocrx_word' id='word_1_192' title='bbox 619 1508 878 1567; x_wconf 84' lang='grc' dir='ltr'><strong><em>πρόσχημα</em></strong></span> <span class='ocrx_word' id='word_1_193' title='bbox 903 1528 1017 1561; x_wconf 89' lang='grc' dir='ltr'><strong><em>τους</em></strong></span> <span class='ocrx_word' id='word_1_194' title='bbox 1042 1524 1369 1581; x_wconf 85' lang='grc' dir='ltr'><strong><em>στρατιωτας,</em></strong></span> <span class='ocrx_word' id='word_1_195' title='bbox 1411 1510 1472 1563; x_wconf 81' lang='grc' dir='ltr'><strong>ὦς</strong></span> <span class='ocrx_word' id='word_1_196' title='bbox 1501 1508 1594 1555; x_wconf 71' lang='grc' dir='ltr'><strong>οὐκ</strong></span> 
     </span>
     <span class='ocr_line' id='line_1_22' title="bbox 147 1555 1594 1637; baseline 0.001 -28"><span class='ocrx_word' id='word_1_197' title='bbox 147 1555 490 1637; x_wconf 78' lang='grc' dir='ltr'><strong><em>ἐθελήσαντας</em></strong></span> <span class='ocrx_word' id='word_1_198' title='bbox 517 1563 954 1622; x_wconf 80' lang='grc' dir='ltr'><strong><em>οἷᾶκολουθῆσαι,</em></strong></span> <span class='ocrx_word' id='word_1_199' title='bbox 983 1567 1338 1622; x_wconf 83' lang='grc' dir='ltr'><strong><em>ποιησαμενος.</em></strong></span> <span class='ocrx_word' id='word_1_200' title='bbox 1374 1575 1515 1612; x_wconf 87' lang='lat' dir='ltr'><strong>Tantus</strong></span> <span class='ocrx_word' id='word_1_201' title='bbox 1536 1578 1594 1612; x_wconf 87' lang='lat' dir='ltr'><strong>est</strong></span> 
     </span>
     <span class='ocr_line' id='line_1_23' title="bbox 147 1630 1592 1680; baseline 0.001 -14"><span class='ocrx_word' id='word_1_202' title='bbox 147 1634 271 1666; x_wconf 89' lang='lat' dir='ltr'><strong>autem</strong></span> <span class='ocrx_word' id='word_1_203' title='bbox 295 1635 331 1666; x_wconf 89' lang='lat' dir='ltr'><strong>et</strong></span> <span class='ocrx_word' id='word_1_204' title='bbox 351 1631 388 1666; x_wconf 91' lang='lat' dir='ltr'><strong>in</strong></span> <span class='ocrx_word' id='word_1_205' title='bbox 411 1630 483 1667; x_wconf 89' lang='lat' dir='ltr'><strong>hoc</strong></span> <span class='ocrx_word' id='word_1_206' title='bbox 504 1634 540 1666; x_wconf 92' lang='lat' dir='ltr'><strong>et</strong></span> <span class='ocrx_word' id='word_1_207' title='bbox 573 1631 610 1666; x_wconf 90' lang='lat' dir='ltr'><strong>in</strong></span> <span class='ocrx_word' id='word_1_208' title='bbox 631 1631 826 1680; x_wconf 88' lang='lat' dir='ltr'><strong>superiore</strong></span> <span class='ocrx_word' id='word_1_209' title='bbox 854 1630 1078 1678; x_wconf 84' lang='lat' dir='ltr'><strong>Fragmento</strong></span> <span class='ocrx_word' id='word_1_210' title='bbox 1105 1631 1213 1667; x_wconf 89' lang='lat' dir='ltr'><strong>Dioni</strong></span> <span class='ocrx_word' id='word_1_211' title='bbox 1243 1643 1327 1668; x_wconf 89' lang='lat' dir='ltr'><strong>cum</strong></span> <span class='ocrx_word' id='word_1_212' title='bbox 1355 1631 1533 1670; x_wconf 83' lang='lat' dir='ltr'><strong>Sallustio</strong></span> <span class='ocrx_word' id='word_1_213' title='bbox 1554 1633 1592 1668; x_wconf 87' lang='lat' dir='ltr'><strong>in</strong></span> 
     </span>
     <span class='ocr_line' id='line_1_24' title="bbox 148 1686 1589 1736; baseline 0.001 -13"><span class='ocrx_word' id='word_1_214' title='bbox 148 1687 242 1734; x_wconf 87' lang='lat' dir='ltr'><strong>ipsis</strong></span> <span class='ocrx_word' id='word_1_215' title='bbox 264 1688 390 1724; x_wconf 89' lang='lat' dir='ltr'><strong>verbis</strong></span> <span class='ocrx_word' id='word_1_216' title='bbox 412 1698 634 1731; x_wconf 89' lang='lat' dir='ltr'><strong>consensus,</strong></span> <span class='ocrx_word' id='word_1_217' title='bbox 658 1690 697 1722; x_wconf 87' lang='lat' dir='ltr'><strong>ut</strong></span> <span class='ocrx_word' id='word_1_218' title='bbox 716 1686 875 1723; x_wconf 85' lang='lat' dir='ltr'><strong>dubitari</strong></span> <span class='ocrx_word' id='word_1_219' title='bbox 899 1691 1071 1734; x_wconf 86' lang='lat' dir='ltr'><strong>nequeat,</strong></span> <span class='ocrx_word' id='word_1_220' title='bbox 1100 1689 1188 1734; x_wconf 89' lang='lat' dir='ltr'><strong>quin</strong></span> <span class='ocrx_word' id='word_1_221' title='bbox 1210 1699 1295 1724; x_wconf 89' lang='lat' dir='ltr'><strong>eum</strong></span> <span class='ocrx_word' id='word_1_222' title='bbox 1315 1689 1353 1724; x_wconf 90' lang='lat' dir='ltr'><strong>in</strong></span> <span class='ocrx_word' id='word_1_223' title='bbox 1372 1688 1444 1725; x_wconf 89' lang='lat' dir='ltr'><strong>hae</strong></span> <span class='ocrx_word' id='word_1_224' title='bbox 1463 1689 1589 1736; x_wconf 85' lang='lat' dir='ltr'><strong>operis</strong></span> 
     </span>
     <span class='ocr_line' id='line_1_25' title="bbox 149 1744 1057 1791; baseline -0.002 -11"><span class='ocrx_word' id='word_1_225' title='bbox 149 1744 207 1780; x_wconf 90' lang='lat' dir='ltr'><strong>sui</strong></span> <span class='ocrx_word' id='word_1_226' title='bbox 225 1747 331 1791; x_wconf 90' lang='lat' dir='ltr'><strong>parte</strong></span> <span class='ocrx_word' id='word_1_227' title='bbox 350 1744 587 1791; x_wconf 91' lang='lat' dir='ltr'><strong>potissimum</strong></span> <span class='ocrx_word' id='word_1_228' title='bbox 608 1746 798 1780; x_wconf 87' lang='lat' dir='ltr'><strong>auctorem</strong></span> <span class='ocrx_word' id='word_1_229' title='bbox 820 1747 969 1780; x_wconf 89' lang='lat' dir='ltr'><strong>secutus</strong></span> <span class='ocrx_word' id='word_1_230' title='bbox 997 1744 1057 1780; x_wconf 89' lang='lat' dir='ltr'><strong>sit.</strong></span> 
     </span>
    </p>

    <p class='ocr_par' dir='ltr' id='par_1_5' title="bbox 143 1799 1591 2815">
     <span class='ocr_line' id='line_1_26' title="bbox 259 1799 1589 1848; baseline 0 -12"><span class='ocrx_word' id='word_1_231' title='bbox 259 1801 320 1838; x_wconf 91' lang='lat' dir='ltr'><strong>Fr.</strong></span> <span class='ocrx_word' id='word_1_232' title='bbox 349 1804 406 1839; x_wconf 82' lang='lat'><strong>14.</strong></span> <span class='ocrx_word' id='word_1_233' title='bbox 453 1800 568 1846; x_wconf 87' lang='lat' dir='ltr'><strong>[Cort.</strong></span> <span class='ocrx_word' id='word_1_234' title='bbox 589 1812 624 1848; x_wconf 88' lang='lat' dir='ltr'><strong>p.</strong></span> <span class='ocrx_word' id='word_1_235' title='bbox 647 1803 728 1839; x_wconf 88' lang='lat'><strong>992.</strong></span> <span class='ocrx_word' id='word_1_236' title='bbox 773 1800 869 1836; x_wconf 90' lang='lat' dir='ltr'><strong>Gerl.</strong></span> <span class='ocrx_word' id='word_1_237' title='bbox 896 1800 958 1835; x_wconf 91' lang='lat' dir='ltr'><strong>ed.</strong></span> <span class='ocrx_word' id='word_1_238' title='bbox 991 1800 1077 1838; x_wconf 89' lang='lat' dir='ltr'><strong>mai.</strong></span> <span class='ocrx_word' id='word_1_239' title='bbox 1099 1799 1147 1844; x_wconf 92' lang='lat' dir='ltr'><strong>V,</strong></span> <span class='ocrx_word' id='word_1_240' title='bbox 1167 1803 1204 1837; x_wconf 91' lang='grc'><strong>2.</strong></span> <span class='ocrx_word' id='word_1_241' title='bbox 1231 1799 1292 1836; x_wconf 91' lang='lat' dir='ltr'><strong>ed.</strong></span> <span class='ocrx_word' id='word_1_242' title='bbox 1319 1801 1408 1836; x_wconf 91' lang='lat' dir='ltr'><strong>min.</strong></span> <span class='ocrx_word' id='word_1_243' title='bbox 1431 1799 1477 1846; x_wconf 91' lang='lat' dir='ltr'><strong>V,</strong></span> <span class='ocrx_word' id='word_1_244' title='bbox 1498 1804 1531 1839; x_wconf 85' lang='lat'><strong>2.</strong></span> <span class='ocrx_word' id='word_1_245' title='bbox 1549 1812 1589 1847; x_wconf 93' lang='lat' dir='ltr'><strong>p.</strong></span> 
     </span>
     <span class='ocr_line' id='line_1_27' title="bbox 146 1857 1587 1903; baseline -0.002 -7"><span class='ocrx_word' id='word_1_246' title='bbox 146 1861 228 1903; x_wconf 82' lang='lat'>235,</span> <span class='ocrx_word' id='word_1_247' title='bbox 249 1859 296 1896; x_wconf 63' lang='lat'><strong>3:</strong></span> <span class='ocrx_word' id='word_1_248' title='bbox 310 1857 422 1894; x_wconf 91' lang='lat' dir='ltr'><strong>Debr.</strong></span> <span class='ocrx_word' id='word_1_249' title='bbox 442 1859 489 1902; x_wconf 90' lang='lat' dir='ltr'><strong>V,</strong></span> <span class='ocrx_word' id='word_1_250' title='bbox 511 1858 585 1902; x_wconf 87' lang='lat'><strong>70.]</strong></span> <span class='ocrx_word' id='word_1_251' title='bbox 644 1857 826 1893; x_wconf 87' lang='lat' dir='ltr'><strong>Priscian.</strong></span> <span class='ocrx_word' id='word_1_252' title='bbox 846 1857 979 1902; x_wconf 90' lang='lat' dir='ltr'>XVIII,</span> <span class='ocrx_word' id='word_1_253' title='bbox 1001 1860 1035 1901; x_wconf 79' lang='lat'>4,</span> <span class='ocrx_word' id='word_1_254' title='bbox 1061 1859 1118 1895; x_wconf 88' lang='lat'><strong>41.</strong></span> <span class='ocrx_word' id='word_1_255' title='bbox 1138 1867 1177 1902; x_wconf 91' lang='lat' dir='ltr'><strong>p.</strong></span> <span class='ocrx_word' id='word_1_256' title='bbox 1200 1860 1282 1896; x_wconf 85' lang='grc'><strong>123.</strong></span> <span class='ocrx_word' id='word_1_257' title='bbox 1304 1857 1368 1893; x_wconf 87' lang='lat' dir='ltr'><strong>Kr.</strong></span> <span class='ocrx_word' id='word_1_258' title='bbox 1410 1857 1451 1892; x_wconf 92' lang='lat' dir='ltr'><strong>In</strong></span> <span class='ocrx_word' id='word_1_259' title='bbox 1471 1858 1587 1894; x_wconf 91' lang='lat' dir='ltr'><strong>omni-</strong></span> 
     </span>
     <span class='ocr_line' id='line_1_28' title="bbox 146 1912 1588 1960; baseline -0.001 -9"><span class='ocrx_word' id='word_1_260' title='bbox 146 1917 215 1952; x_wconf 90' lang='lat' dir='ltr'><strong>bus</strong></span> <span class='ocrx_word' id='word_1_261' title='bbox 238 1914 330 1951; x_wconf 86' lang='lat' dir='ltr'><strong>Sall.</strong></span> <span class='ocrx_word' id='word_1_262' title='bbox 353 1914 440 1951; x_wconf 89' lang='lat' dir='ltr'><strong>edd.</strong></span> <span class='ocrx_word' id='word_1_263' title='bbox 464 1914 599 1951; x_wconf 89' lang='lat' dir='ltr'><strong>vitiose</strong></span> <span class='ocrx_word' id='word_1_264' title='bbox 620 1917 676 1950; x_wconf 89' lang='lat' dir='ltr'><strong>est</strong></span> <span class='ocrx_word' id='word_1_265' title='bbox 697 1913 840 1950; x_wconf 80' lang='lat' dir='ltr'><strong>consuli</strong></span> <span class='ocrx_word' id='word_1_266' title='bbox 863 1914 1031 1958; x_wconf 82' lang='lat' dir='ltr'><strong>datam,</strong></span> <span class='ocrx_word' id='word_1_267' title='bbox 1072 1912 1174 1960; x_wconf 88' lang='lat' dir='ltr'><strong>quod</strong></span> <span class='ocrx_word' id='word_1_268' title='bbox 1191 1913 1366 1950; x_wconf 81' lang='lat' dir='ltr'><strong>Krehlius</strong></span> <span class='ocrx_word' id='word_1_269' title='bbox 1394 1914 1588 1950; x_wconf 89' lang='lat' dir='ltr'><strong>meliorum</strong></span> 
     </span>
     <span class='ocr_line' id='line_1_29' title="bbox 147 1969 1589 2018; baseline -0.001 -11"><span class='ocrx_word' id='word_1_270' title='bbox 147 1971 321 2008; x_wconf 83' lang='lat' dir='ltr'><strong>codicum</strong></span> <span class='ocrx_word' id='word_1_271' title='bbox 347 1972 564 2008; x_wconf 87' lang='lat' dir='ltr'><strong>auctoritate</strong></span> <span class='ocrx_word' id='word_1_272' title='bbox 586 1971 770 2016; x_wconf 82' lang='lat' dir='ltr'><strong>correxit3</strong></span> <span class='ocrx_word' id='word_1_273' title='bbox 802 1982 886 2007; x_wconf 90' lang='lat' dir='ltr'><strong>nam</strong></span> <span class='ocrx_word' id='word_1_274' title='bbox 908 1982 1021 2018; x_wconf 91' lang='lat' dir='ltr'><strong>quum</strong></span> <span class='ocrx_word' id='word_1_275' title='bbox 1045 1970 1156 2007; x_wconf 82' lang='lat' dir='ltr'><strong>Ponti</strong></span> <span class='ocrx_word' id='word_1_276' title='bbox 1177 1971 1278 2006; x_wconf 90' lang='lat' dir='ltr'><strong>notio</strong></span> <span class='ocrx_word' id='word_1_277' title='bbox 1301 1971 1339 2006; x_wconf 91' lang='lat' dir='ltr'><strong>in</strong></span> <span class='ocrx_word' id='word_1_278' title='bbox 1368 1969 1440 2007; x_wconf 88' lang='lat' dir='ltr'><strong>hac</strong></span> <span class='ocrx_word' id='word_1_279' title='bbox 1459 1981 1499 2006; x_wconf 88' lang='lat' dir='ltr'><strong>re</strong></span> <span class='ocrx_word' id='word_1_280' title='bbox 1523 1982 1589 2018; x_wconf 90' lang='lat' dir='ltr'><strong>po—</strong></span> 
     </span>
     <span class='ocr_line' id='line_1_30' title="bbox 146 2026 1589 2077; baseline -0.001 -13"><span class='ocrx_word' id='word_1_281' title='bbox 146 2030 215 2065; x_wconf 92' lang='lat' dir='ltr'><strong>tior</strong></span> <span class='ocrx_word' id='word_1_282' title='bbox 237 2028 304 2074; x_wconf 88' lang='lat' dir='ltr'><strong>sit,</strong></span> <span class='ocrx_word' id='word_1_283' title='bbox 330 2028 587 2077; x_wconf 87' lang='lat' dir='ltr'><strong>praedicatum</strong></span> <span class='ocrx_word' id='word_1_284' title='bbox 619 2028 707 2064; x_wconf 89' lang='lat' dir='ltr'><strong>huic</strong></span> <span class='ocrx_word' id='word_1_285' title='bbox 729 2028 891 2076; x_wconf 83' lang='lat' dir='ltr'><strong>legitime</strong></span> <span class='ocrx_word' id='word_1_286' title='bbox 920 2026 1244 2072; x_wconf 59' lang='lat' dir='ltr'><strong>accommodatum</strong></span> <span class='ocrx_word' id='word_1_287' title='bbox 1276 2027 1325 2064; x_wconf 82' lang='lat' dir='ltr'><strong>cf.</strong></span> <span class='ocrx_word' id='word_1_288' title='bbox 1347 2026 1506 2063; x_wconf 88' lang='lat' dir='ltr'><strong>Gramm.</strong></span> <span class='ocrx_word' id='word_1_289' title='bbox 1528 2028 1589 2064; x_wconf 86' lang='lat' dir='ltr'><strong>lat.</strong></span> 
     </span>
     <span class='ocr_line' id='line_1_31' title="bbox 146 2083 1591 2136; baseline -0.001 -14"><span class='ocrx_word' id='word_1_290' title='bbox 146 2088 261 2122; x_wconf 88' lang='lat' dir='ltr'><strong>nostr.</strong></span> <span class='ocrx_word' id='word_1_291' title='bbox 287 2088 321 2128; x_wconf 78' lang='lat' dir='ltr'><strong>s.</strong></span> <span class='ocrx_word' id='word_1_292' title='bbox 347 2090 424 2130; x_wconf 87' lang='lat'>120,</span> <span class='ocrx_word' id='word_1_293' title='bbox 447 2090 481 2124; x_wconf 93' lang='lat'><strong>1.</strong></span> <span class='ocrx_word' id='word_1_294' title='bbox 505 2086 543 2122; x_wconf 91' lang='lat' dir='ltr'><strong>b.</strong></span> <span class='ocrx_word' id='word_1_295' title='bbox 561 2083 601 2136; x_wconf 90' lang='grc' dir='ltr'><strong>β.</strong></span> <span class='ocrx_word' id='word_1_296' title='bbox 619 2097 657 2132; x_wconf 92' lang='lat' dir='ltr'><strong>p.</strong></span> <span class='ocrx_word' id='word_1_297' title='bbox 679 2088 761 2123; x_wconf 83' lang='lat'><strong>283.</strong></span> <span class='ocrx_word' id='word_1_298' title='bbox 785 2103 838 2110; x_wconf 89' lang='lat'>—</span> <span class='ocrx_word' id='word_1_299' title='bbox 859 2083 970 2122; x_wconf 78' lang='lat' dir='ltr'><strong>Sese</strong></span> <span class='ocrx_word' id='word_1_300' title='bbox 993 2085 1120 2121; x_wconf 82' lang='lat' dir='ltr'><strong>missos</strong></span> <span class='ocrx_word' id='word_1_301' title='bbox 1141 2093 1221 2120; x_wconf 77' lang='lat' dir='ltr'><strong>esse</strong></span> <span class='ocrx_word' id='word_1_302' title='bbox 1243 2095 1336 2121; x_wconf 85' lang='lat' dir='ltr'><strong>vera</strong></span> <span class='ocrx_word' id='word_1_303' title='bbox 1355 2083 1506 2120; x_wconf 88' lang='lat' dir='ltr'><strong>Douzae</strong></span> <span class='ocrx_word' id='word_1_304' title='bbox 1532 2087 1591 2120; x_wconf 88' lang='lat' dir='ltr'><strong>est</strong></span> 
     </span>
     <span class='ocr_line' id='line_1_32' title="bbox 147 2141 1587 2187; baseline -0.002 -8"><span class='ocrx_word' id='word_1_305' title='bbox 147 2141 379 2187; x_wconf 86' lang='lat' dir='ltr'><strong>emendatio;</strong></span> <span class='ocrx_word' id='word_1_306' title='bbox 407 2143 444 2178; x_wconf 88' lang='lat' dir='ltr'><strong>in</strong></span> <span class='ocrx_word' id='word_1_307' title='bbox 464 2142 578 2179; x_wconf 90' lang='lat' dir='ltr'><strong>codd.</strong></span> <span class='ocrx_word' id='word_1_308' title='bbox 603 2142 700 2179; x_wconf 87' lang='lat' dir='ltr'><strong>enim</strong></span> <span class='ocrx_word' id='word_1_309' title='bbox 725 2145 781 2178; x_wconf 86' lang='lat' dir='ltr'><strong>est</strong></span> <span class='ocrx_word' id='word_1_310' title='bbox 801 2143 862 2178; x_wconf 87' lang='lat' dir='ltr'><strong>vel</strong></span> <span class='ocrx_word' id='word_1_311' title='bbox 895 2152 975 2178; x_wconf 84' lang='lat' dir='ltr'><strong>esse</strong></span> <span class='ocrx_word' id='word_1_312' title='bbox 991 2142 1120 2177; x_wconf 81' lang='lat' dir='ltr'><strong>missos</strong></span> <span class='ocrx_word' id='word_1_313' title='bbox 1142 2150 1240 2185; x_wconf 79' lang='lat' dir='ltr'><strong>esse,</strong></span> <span class='ocrx_word' id='word_1_314' title='bbox 1269 2142 1331 2177; x_wconf 90' lang='lat' dir='ltr'><strong>vel</strong></span> <span class='ocrx_word' id='word_1_315' title='bbox 1349 2150 1429 2178; x_wconf 76' lang='lat' dir='ltr'><strong>esse</strong></span> <span class='ocrx_word' id='word_1_316' title='bbox 1449 2141 1587 2186; x_wconf 74' lang='lat' dir='ltr'><strong>missos,</strong></span> 
     </span>
     <span class='ocr_line' id='line_1_33' title="bbox 147 2197 1588 2246; baseline -0.002 -9"><span class='ocrx_word' id='word_1_317' title='bbox 147 2199 208 2237; x_wconf 89' lang='lat' dir='ltr'><strong>vel</strong></span> <span class='ocrx_word' id='word_1_318' title='bbox 228 2200 357 2236; x_wconf 82' lang='lat' dir='ltr'><strong>missos</strong></span> <span class='ocrx_word' id='word_1_319' title='bbox 375 2209 466 2243; x_wconf 79' lang='lat' dir='ltr'><strong>esse,</strong></span> <span class='ocrx_word' id='word_1_320' title='bbox 490 2210 585 2246; x_wconf 88' lang='lat' dir='ltr'><strong>quae</strong></span> <span class='ocrx_word' id='word_1_321' title='bbox 609 2199 900 2246; x_wconf 87' lang='lat' dir='ltr'><strong>depravationes</strong></span> <span class='ocrx_word' id='word_1_322' title='bbox 922 2197 1110 2245; x_wconf 92' lang='lat' dir='ltr'><strong>quomodo</strong></span> <span class='ocrx_word' id='word_1_323' title='bbox 1129 2201 1232 2234; x_wconf 90' lang='lat' dir='ltr'><strong>ortae</strong></span> <span class='ocrx_word' id='word_1_324' title='bbox 1253 2199 1326 2234; x_wconf 87' lang='lat' dir='ltr'><strong>sint</strong></span> <span class='ocrx_word' id='word_1_325' title='bbox 1346 2209 1422 2234; x_wconf 91' lang='lat' dir='ltr'><strong>non</strong></span> <span class='ocrx_word' id='word_1_326' title='bbox 1443 2201 1500 2234; x_wconf 89' lang='lat' dir='ltr'><strong>est</strong></span> <span class='ocrx_word' id='word_1_327' title='bbox 1520 2197 1588 2234; x_wconf 79' lang='lat' dir='ltr'><strong>dir-</strong></span> 
     </span>
     <span class='ocr_line' id='line_1_34' title="bbox 145 2250 1588 2302; baseline 0 -11"><span class='ocrx_word' id='word_1_328' title='bbox 145 2255 242 2292; x_wconf 89' lang='lat' dir='ltr'><strong>ficile</strong></span> <span class='ocrx_word' id='word_1_329' title='bbox 266 2255 315 2291; x_wconf 89' lang='lat' dir='ltr'><strong>ad</strong></span> <span class='ocrx_word' id='word_1_330' title='bbox 336 2250 576 2292; x_wconf 74' lang='lat' dir='ltr'><strong>videndum.&#39;</strong></span> <span class='ocrx_word' id='word_1_331' title='bbox 613 2256 706 2292; x_wconf 85' lang='lat' dir='ltr'><strong>Nam</strong></span> <span class='ocrx_word' id='word_1_332' title='bbox 736 2267 849 2302; x_wconf 91' lang='lat' dir='ltr'><strong>quum</strong></span> <span class='ocrx_word' id='word_1_333' title='bbox 876 2265 1103 2302; x_wconf 88' lang='lat' dir='ltr'><strong>pronomen,</strong></span> <span class='ocrx_word' id='word_1_334' title='bbox 1128 2265 1200 2301; x_wconf 91' lang='lat' dir='ltr'><strong>quo</strong></span> <span class='ocrx_word' id='word_1_335' title='bbox 1234 2255 1359 2302; x_wconf 91' lang='lat' dir='ltr'><strong>utique</strong></span> <span class='ocrx_word' id='word_1_336' title='bbox 1391 2266 1487 2302; x_wconf 89' lang='lat' dir='ltr'><strong>opus</strong></span> <span class='ocrx_word' id='word_1_337' title='bbox 1517 2257 1588 2302; x_wconf 83' lang='lat' dir='ltr'><strong>est,</strong></span> 
     </span>
     <span class='ocr_line' id='line_1_35' title="bbox 145 2311 1590 2360; baseline -0.002 -11"><span class='ocrx_word' id='word_1_338' title='bbox 145 2313 232 2360; x_wconf 92' lang='lat' dir='ltr'><strong>quia</strong></span> <span class='ocrx_word' id='word_1_339' title='bbox 252 2312 290 2348; x_wconf 90' lang='lat' dir='ltr'><strong>in</strong></span> <span class='ocrx_word' id='word_1_340' title='bbox 314 2324 414 2350; x_wconf 88' lang='lat' dir='ltr'><strong>novo</strong></span> <span class='ocrx_word' id='word_1_341' title='bbox 437 2313 603 2349; x_wconf 89' lang='lat' dir='ltr'><strong>subiecto</strong></span> <span class='ocrx_word' id='word_1_342' title='bbox 624 2313 683 2349; x_wconf 92' lang='lat' dir='ltr'><strong>vis</strong></span> <span class='ocrx_word' id='word_1_343' title='bbox 706 2313 912 2349; x_wconf 90' lang='lat' dir='ltr'><strong>sententiae</strong></span> <span class='ocrx_word' id='word_1_344' title='bbox 934 2312 1042 2356; x_wconf 89' lang='lat' dir='ltr'><strong>inest,</strong></span> <span class='ocrx_word' id='word_1_345' title='bbox 1062 2322 1084 2346; x_wconf 91' lang='lat' dir='ltr'><strong>a</strong></span> <span class='ocrx_word' id='word_1_346' title='bbox 1105 2311 1358 2348; x_wconf 89' lang='lat' dir='ltr'><strong>somniculoso</strong></span> <span class='ocrx_word' id='word_1_347' title='bbox 1381 2311 1530 2348; x_wconf 87' lang='lat' dir='ltr'><strong>librario</strong></span> <span class='ocrx_word' id='word_1_348' title='bbox 1551 2311 1590 2347; x_wconf 91' lang='lat' dir='ltr'><strong>in</strong></span> 
     </span>
     <span class='ocr_line' id='line_1_36' title="bbox 144 2367 1589 2414; baseline -0.001 -9"><span class='ocrx_word' id='word_1_349' title='bbox 144 2369 371 2406; x_wconf 70' lang='lat' dir='ltr'><strong>asseruisset</strong></span> <span class='ocrx_word' id='word_1_350' title='bbox 391 2369 649 2414; x_wconf 80' lang='lat' dir='ltr'><strong>deformatum,</strong></span> <span class='ocrx_word' id='word_1_351' title='bbox 667 2370 825 2405; x_wconf 84' lang='lat' dir='ltr'><strong>insecuti</strong></span> <span class='ocrx_word' id='word_1_352' title='bbox 843 2370 987 2405; x_wconf 89' lang='lat' dir='ltr'><strong>scribae</strong></span> <span class='ocrx_word' id='word_1_353' title='bbox 1008 2379 1123 2404; x_wconf 89' lang='lat' dir='ltr'><strong>unum</strong></span> <span class='ocrx_word' id='word_1_354' title='bbox 1138 2367 1361 2405; x_wconf 85' lang='lat' dir='ltr'><strong>infinitivum</strong></span> <span class='ocrx_word' id='word_1_355' title='bbox 1377 2367 1589 2405; x_wconf 86' lang='lat' dir='ltr'><strong>redundare</strong></span> 
     </span>
     <span class='ocr_line' id='line_1_37' title="bbox 147 2424 1589 2473; baseline -0.001 -11"><span class='ocrx_word' id='word_1_356' title='bbox 147 2426 318 2462; x_wconf 87' lang='lat' dir='ltr'><strong>videntes</strong></span> <span class='ocrx_word' id='word_1_357' title='bbox 346 2427 408 2462; x_wconf 90' lang='lat' dir='ltr'><strong>alii</strong></span> <span class='ocrx_word' id='word_1_358' title='bbox 429 2427 614 2473; x_wconf 89' lang='lat' dir='ltr'><strong>priorem,</strong></span> <span class='ocrx_word' id='word_1_359' title='bbox 643 2426 703 2461; x_wconf 90' lang='lat' dir='ltr'><strong>alii</strong></span> <span class='ocrx_word' id='word_1_360' title='bbox 727 2426 972 2472; x_wconf 87' lang='lat' dir='ltr'><strong>posteriorem</strong></span> <span class='ocrx_word' id='word_1_361' title='bbox 996 2425 1212 2462; x_wconf 87' lang='lat' dir='ltr'><strong>omiserunt.</strong></span> <span class='ocrx_word' id='word_1_362' title='bbox 1253 2447 1308 2451; x_wconf 89' lang='lat'><strong>—</strong></span> <span class='ocrx_word' id='word_1_363' title='bbox 1348 2425 1459 2472; x_wconf 86' lang='lat' dir='ltr'><strong>Legis</strong></span> <span class='ocrx_word' id='word_1_364' title='bbox 1481 2424 1589 2461; x_wconf 89' lang='lat' dir='ltr'><strong>Gabi-</strong></span> 
     </span>
     <span class='ocr_line' id='line_1_38' title="bbox 144 2481 1587 2528; baseline -0.003 -8"><span class='ocrx_word' id='word_1_365' title='bbox 144 2485 243 2527; x_wconf 89' lang='lat' dir='ltr'><strong>niae,</strong></span> <span class='ocrx_word' id='word_1_366' title='bbox 265 2484 361 2519; x_wconf 90' lang='lat' dir='ltr'><strong>latae</strong></span> <span class='ocrx_word' id='word_1_367' title='bbox 383 2495 417 2519; x_wconf 88' lang='lat' dir='ltr'><strong>a.</strong></span> <span class='ocrx_word' id='word_1_368' title='bbox 439 2485 498 2522; x_wconf 87' lang='lat'><strong>67.</strong></span> <span class='ocrx_word' id='word_1_369' title='bbox 523 2494 557 2518; x_wconf 89' lang='lat' dir='ltr'><strong>a.</strong></span> <span class='ocrx_word' id='word_1_370' title='bbox 574 2481 657 2518; x_wconf 90' lang='lat' dir='ltr'><strong>Chr.</strong></span> <span class='ocrx_word' id='word_1_371' title='bbox 675 2494 712 2517; x_wconf 93' lang='lat' dir='ltr'><strong>n.</strong></span> <span class='ocrx_word' id='word_1_372' title='bbox 731 2484 777 2519; x_wconf 90' lang='lat' dir='ltr'><strong>ab</strong></span> <span class='ocrx_word' id='word_1_373' title='bbox 799 2483 844 2518; x_wconf 92' lang='lat' dir='ltr'><strong>A.</strong></span> <span class='ocrx_word' id='word_1_374' title='bbox 869 2482 1023 2518; x_wconf 89' lang='lat' dir='ltr'><strong>Gabinio</strong></span> <span class='ocrx_word' id='word_1_375' title='bbox 1046 2481 1190 2518; x_wconf 90' lang='lat' dir='ltr'><strong>tribuno</strong></span> <span class='ocrx_word' id='word_1_376' title='bbox 1210 2482 1345 2528; x_wconf 85' lang='lat' dir='ltr'><strong>plebis,</strong></span> <span class='ocrx_word' id='word_1_377' title='bbox 1365 2492 1587 2528; x_wconf 89' lang='lat' dir='ltr'><strong>quamquam</strong></span> 
     </span>
     <span class='ocr_line' id='line_1_39' title="bbox 145 2536 1587 2586; baseline -0.002 -10"><span class='ocrx_word' id='word_1_378' title='bbox 145 2551 290 2577; x_wconf 90' lang='lat' dir='ltr'><strong>summa</strong></span> <span class='ocrx_word' id='word_1_379' title='bbox 327 2543 404 2580; x_wconf 81' lang='lat' dir='ltr'><strong>crat</strong></span> <span class='ocrx_word' id='word_1_380' title='bbox 443 2539 490 2575; x_wconf 92' lang='lat' dir='ltr'><strong>de</strong></span> <span class='ocrx_word' id='word_1_381' title='bbox 520 2550 594 2575; x_wconf 92' lang='lat' dir='ltr'><strong>uno</strong></span> <span class='ocrx_word' id='word_1_382' title='bbox 634 2540 859 2586; x_wconf 88' lang='lat' dir='ltr'><strong>imperatore</strong></span> <span class='ocrx_word' id='word_1_383' title='bbox 900 2543 1030 2575; x_wconf 87' lang='lat' dir='ltr'><strong>contra</strong></span> <span class='ocrx_word' id='word_1_384' title='bbox 1058 2537 1272 2586; x_wconf 87' lang='lat' dir='ltr'><strong>praedones</strong></span> <span class='ocrx_word' id='word_1_385' title='bbox 1314 2536 1587 2581; x_wconf 81' lang='lat' dir='ltr'><strong>constituendo,</strong></span> 
     </span>
     <span class='ocr_line' id='line_1_40' title="bbox 146 2594 1586 2643; baseline -0.003 -9"><span class='ocrx_word' id='word_1_386' title='bbox 146 2601 288 2641; x_wconf 87' lang='lat' dir='ltr'><strong>tamen,</strong></span> <span class='ocrx_word' id='word_1_387' title='bbox 319 2600 496 2643; x_wconf 87' lang='lat' dir='ltr'><strong>quantum</strong></span> <span class='ocrx_word' id='word_1_388' title='bbox 518 2608 566 2632; x_wconf 86' lang='lat' dir='ltr'><strong>ex</strong></span> <span class='ocrx_word' id='word_1_389' title='bbox 587 2595 755 2634; x_wconf 86' lang='lat' dir='ltr'><strong>Sallustii</strong></span> <span class='ocrx_word' id='word_1_390' title='bbox 780 2597 863 2632; x_wconf 92' lang='lat' dir='ltr'><strong>loco</strong></span> <span class='ocrx_word' id='word_1_391' title='bbox 884 2595 1091 2640; x_wconf 86' lang='lat' dir='ltr'><strong>coniicitur,</strong></span> <span class='ocrx_word' id='word_1_392' title='bbox 1114 2597 1306 2642; x_wconf 86' lang='lat' dir='ltr'><strong>complura</strong></span> <span class='ocrx_word' id='word_1_393' title='bbox 1325 2595 1448 2642; x_wconf 81' lang='lat' dir='ltr'><strong>capita</strong></span> <span class='ocrx_word' id='word_1_394' title='bbox 1469 2594 1586 2630; x_wconf 76' lang='lat' dir='ltr'><strong>fuisse</strong></span> 
     </span>
     <span class='ocr_line' id='line_1_41' title="bbox 144 2650 1588 2700; baseline -0.004 -9"><span class='ocrx_word' id='word_1_395' title='bbox 144 2653 328 2698; x_wconf 84' lang='lat' dir='ltr'><strong>videntur,</strong></span> <span class='ocrx_word' id='word_1_396' title='bbox 351 2664 446 2700; x_wconf 90' lang='lat' dir='ltr'><strong>quae</strong></span> <span class='ocrx_word' id='word_1_397' title='bbox 466 2653 515 2689; x_wconf 89' lang='lat' dir='ltr'><strong>ad</strong></span> <span class='ocrx_word' id='word_1_398' title='bbox 538 2665 599 2690; x_wconf 89' lang='lat' dir='ltr'><strong>res</strong></span> <span class='ocrx_word' id='word_1_399' title='bbox 622 2653 738 2690; x_wconf 87' lang='lat' dir='ltr'><strong>Asiae</strong></span> <span class='ocrx_word' id='word_1_400' title='bbox 760 2652 990 2689; x_wconf 88' lang='lat' dir='ltr'><strong>ordinandas</strong></span> <span class='ocrx_word' id='word_1_401' title='bbox 1010 2653 1252 2700; x_wconf 88' lang='lat' dir='ltr'><strong>pertinerent.</strong></span> <span class='ocrx_word' id='word_1_402' title='bbox 1288 2672 1343 2678; x_wconf 90' lang='lat'><strong>—-</strong></span> <span class='ocrx_word' id='word_1_403' title='bbox 1381 2650 1515 2688; x_wconf 70' lang='lat' dir='ltr'><strong>Consul</strong></span> <span class='ocrx_word' id='word_1_404' title='bbox 1530 2654 1588 2686; x_wconf 89' lang='lat' dir='ltr'><strong>est</strong></span> 
     </span>
     <span class='ocr_line' id='line_1_42' title="bbox 144 2707 1583 2755; baseline -0.003 -8"><span class='ocrx_word' id='word_1_405' title='bbox 144 2707 208 2747; x_wconf 85' lang='grc' dir='ltr'><strong>Μ’.</strong></span> <span class='ocrx_word' id='word_1_406' title='bbox 230 2710 372 2746; x_wconf 88' lang='lat' dir='ltr'><strong>Acilius</strong></span> <span class='ocrx_word' id='word_1_407' title='bbox 394 2710 563 2755; x_wconf 88' lang='lat' dir='ltr'><strong>Glabrio;</strong></span> <span class='ocrx_word' id='word_1_408' title='bbox 586 2722 621 2746; x_wconf 93' lang='lat' dir='ltr'><strong>v.</strong></span> <span class='ocrx_word' id='word_1_409' title='bbox 644 2709 692 2746; x_wconf 88' lang='lat' dir='ltr'><strong>ad</strong></span> <span class='ocrx_word' id='word_1_410' title='bbox 712 2710 772 2746; x_wconf 90' lang='lat' dir='ltr'><strong>Fr.</strong></span> <span class='ocrx_word' id='word_1_411' title='bbox 796 2714 852 2748; x_wconf 87' lang='grc'><strong>12.</strong></span> <span class='ocrx_word' id='word_1_412' title='bbox 872 2710 958 2745; x_wconf 88' lang='lat' dir='ltr'><strong>coll.</strong></span> <span class='ocrx_word' id='word_1_413' title='bbox 979 2709 1096 2746; x_wconf 90' lang='lat' dir='ltr'><strong>Dione</strong></span> <span class='ocrx_word' id='word_1_414' title='bbox 1118 2707 1224 2746; x_wconf 87' lang='lat' dir='ltr'><strong>Cass.</strong></span> <span class='ocrx_word' id='word_1_415' title='bbox 1246 2708 1398 2752; x_wconf 88' lang='lat' dir='ltr'>XXXV,</span> <span class='ocrx_word' id='word_1_416' title='bbox 1418 2711 1454 2745; x_wconf 87' lang='grc'><strong>2.</strong></span> <span class='ocrx_word' id='word_1_417' title='bbox 1477 2709 1583 2754; x_wconf 81' lang='lat' dir='ltr'><strong>p.78.</strong></span> 
     </span>
     <span class='ocr_line' id='line_1_43' title="bbox 143 2763 1584 2815; baseline -0.004 -10"><span class='ocrx_word' id='word_1_418' title='bbox 143 2771 179 2805; x_wconf 87' lang='lat' dir='ltr'><strong>et</strong></span> <span class='ocrx_word' id='word_1_419' title='bbox 197 2778 229 2805; x_wconf 90' lang='lat' dir='ltr'><strong>c.</strong></span> <span class='ocrx_word' id='word_1_420' title='bbox 252 2769 310 2807; x_wconf 89' lang='grc'><strong>17.</strong></span> <span class='ocrx_word' id='word_1_421' title='bbox 331 2778 369 2815; x_wconf 91' lang='lat' dir='ltr'><strong>p.</strong></span> <span class='ocrx_word' id='word_1_422' title='bbox 391 2769 449 2806; x_wconf 89' lang='grc'><strong>86.</strong></span> <span class='ocrx_word' id='word_1_423' title='bbox 473 2767 591 2804; x_wconf 85' lang='lat' dir='ltr'><strong>Reim.</strong></span> <span class='ocrx_word' id='word_1_424' title='bbox 613 2766 799 2804; x_wconf 86' lang='lat' dir='ltr'><strong>Plutarch.</strong></span> <span class='ocrx_word' id='word_1_425' title='bbox 824 2767 862 2803; x_wconf 92' lang='lat' dir='ltr'><strong>in</strong></span> <span class='ocrx_word' id='word_1_426' title='bbox 885 2767 1014 2814; x_wconf 91' lang='lat' dir='ltr'><strong>Pomp.</strong></span> <span class='ocrx_word' id='word_1_427' title='bbox 1038 2779 1071 2804; x_wconf 90' lang='lat' dir='ltr'><strong>c.</strong></span> <span class='ocrx_word' id='word_1_428' title='bbox 1092 2770 1151 2811; x_wconf 81' lang='lat'>30,</span> <span class='ocrx_word' id='word_1_429' title='bbox 1176 2766 1226 2803; x_wconf 90' lang='lat' dir='ltr'><strong>in.</strong></span> <span class='ocrx_word' id='word_1_430' title='bbox 1250 2785 1307 2791; x_wconf 81' lang='lat'><em>-</em></span> <span class='ocrx_word' id='word_1_431' title='bbox 1325 2764 1378 2801; x_wconf 91' lang='lat' dir='ltr'><strong>De</strong></span> <span class='ocrx_word' id='word_1_432' title='bbox 1404 2763 1584 2800; x_wconf 87' lang='lat' dir='ltr'><strong>missione</strong></span> 
     </span>
    </p>
   </div>
  </div>
 </body>
</html>
