<?xml version="1.0" encoding="UTF-8"?>
<!DOCTYPE html PUBLIC "-//W3C//DTD XHTML 1.0 Transitional//EN"
    "http://www.w3.org/TR/xhtml1/DTD/xhtml1-transitional.dtd">
<html xmlns="http://www.w3.org/1999/xhtml" xml:lang="en" lang="en">
 <head>
  <title>
</title>
<meta http-equiv="Content-Type" content="text/html;charset=utf-8" />
  <meta name='ocr-system' content='tesseract 3.04.00' />
  <meta name='ocr-capabilities' content='ocr_page ocr_carea ocr_par ocr_line ocrx_word'/>
</head>
<body>
  <div class='ocr_page' id='page_1' title='image "./operaquaesupersu03salluoft_0119.png"; bbox 0 0 1774 3002; ppageno 0'>
   <div class='ocr_carea' id='block_1_1' title="bbox 470 157 1624 223">
    <p class='ocr_par' dir='ltr' id='par_1_1' title="bbox 470 157 1624 223">
     <span class='ocr_line' id='line_1_1' title="bbox 470 157 1624 223; baseline 0.002 -2"><span class='ocrx_word' id='word_1_1' title='bbox 470 167 801 221; x_wconf 73' lang='lat' dir='ltr'><strong>msro&#39;mARuu</strong></span> <span class='ocrx_word' id='word_1_2' title='bbox 828 182 1142 221; x_wconf 71' lang='lat' dir='ltr'><strong>FRAGMENTA.</strong></span> <span class='ocrx_word' id='word_1_3' title='bbox 1197 184 1285 220; x_wconf 75' lang='lat' dir='ltr'><strong>Lm.</strong></span> <span class='ocrx_word' id='word_1_4' title='bbox 1317 185 1346 220; x_wconf 93' lang='lat'><strong>1.</strong></span> <span class='ocrx_word' id='word_1_5' title='bbox 1567 157 1624 223; x_wconf 70' lang='lat' dir='ltr'><strong>oa</strong></span> 
     </span>
    </p>
   </div>
   <div class='ocr_carea' id='block_1_2' title="bbox 0 0 308 292">
    <p class='ocr_par' dir='ltr' id='par_1_2' title="bbox 0 0 308 292">
     <span class='ocr_line' id='line_1_2' title="bbox 0 0 308 292; baseline 0 2710"><span class='ocrx_word' id='word_1_6' title='bbox 0 0 308 292; x_wconf 95' lang='lat' dir='ltr'><strong> </strong></span> 
     </span>
    </p>
   </div>
   <div class='ocr_carea' id='block_1_3' title="bbox 141 295 1623 694">
    <p class='ocr_par' dir='ltr' id='par_1_3' title="bbox 141 295 1623 694">
     <span class='ocr_line' id='line_1_3' title="bbox 179 295 1622 357; baseline -0.001 -11.025"><span class='ocrx_word' id='word_1_7' title='bbox 179 297 294 354; x_wconf 71' lang='lat' dir='ltr'><strong>Quid</strong></span> <span class='ocrx_word' id='word_1_8' title='bbox 323 297 398 344; x_wconf 83' lang='lat' dir='ltr'><strong>ille</strong></span> <span class='ocrx_word' id='word_1_9' title='bbox 431 295 488 342; x_wconf 92' lang='lat' dir='ltr'><strong>ob</strong></span> <span class='ocrx_word' id='word_1_10' title='bbox 526 295 636 342; x_wconf 87' lang='lat' dir='ltr'><strong>bene</strong></span> <span class='ocrx_word' id='word_1_11' title='bbox 667 296 784 343; x_wconf 78' lang='lat' dir='ltr'><strong>facta</strong></span> <span class='ocrx_word' id='word_1_12' title='bbox 821 296 1031 357; x_wconf 79' lang='lat' dir='ltr'><strong>cepisset,</strong></span> <span class='ocrx_word' id='word_1_13' title='bbox 1067 295 1194 342; x_wconf 90' lang='lat' dir='ltr'><strong>cuius</strong></span> <span class='ocrx_word' id='word_1_14' title='bbox 1230 296 1471 343; x_wconf 85' lang='lat' dir='ltr'><strong>sceleribus</strong></span> <span class='ocrx_word' id='word_1_15' title='bbox 1501 300 1622 345; x_wconf 84' lang='lat' dir='ltr'><strong>tanta</strong></span> 
     </span>
     <span class='ocr_line' id='line_1_4' title="bbox 141 363 1623 443; baseline 0.002 -18"><span class='ocrx_word' id='word_1_16' title='bbox 141 397 164 431; x_wconf 83' lang='lat'><strong>5</strong></span> <span class='ocrx_word' id='word_1_17' title='bbox 179 381 387 443; x_wconf 24' lang='lat' dir='ltr'><strong>praemia*</strong></span> <span class='ocrx_word' id='word_1_18' title='bbox 408 366 651 426; x_wconf 67' lang='lat' dir='ltr'><strong>tribuistis?</strong></span> <span class='ocrx_word' id='word_1_19' title='bbox 700 380 761 427; x_wconf 88' lang='lat' dir='ltr'><strong>At</strong></span> <span class='ocrx_word' id='word_1_20' title='bbox 797 378 962 425; x_wconf 89' lang='lat' dir='ltr'><strong>scilicet</strong></span> <span class='ocrx_word' id='word_1_21' title='bbox 998 363 1101 435; x_wconf 88' lang='lat' dir='ltr'><strong>eos,</strong></span> <span class='ocrx_word' id='word_1_22' title='bbox 1146 379 1222 441; x_wconf 92' lang='lat' dir='ltr'><strong>qui</strong></span> <span class='ocrx_word' id='word_1_23' title='bbox 1260 380 1316 426; x_wconf 91' lang='lat' dir='ltr'><strong>ad</strong></span> <span class='ocrx_word' id='word_1_24' title='bbox 1352 384 1623 441; x_wconf 89' lang='lat' dir='ltr'><strong>postremum</strong></span> 
     </span>
     <span class='ocr_line' id='line_1_5' title="bbox 177 462 1620 525; baseline 0.002 -16"><span class='ocrx_word' id='word_1_25' title='bbox 177 478 319 525; x_wconf 87' lang='lat' dir='ltr'><strong>usque</strong></span> <span class='ocrx_word' id='word_1_26' title='bbox 357 463 554 524; x_wconf 82' lang='lat' dir='ltr'><strong>legatoS‚</strong></span> <span class='ocrx_word' id='word_1_27' title='bbox 592 477 767 522; x_wconf 84' lang='lat' dir='ltr'><strong>pacem,</strong></span> <span class='ocrx_word' id='word_1_28' title='bbox 782 509 785 511; x_wconf 66' lang='grc'><strong>,</strong></span> <span class='ocrx_word' id='word_1_29' title='bbox 798 462 1075 509; x_wconf 81' lang='lat' dir='ltr'><strong>concordiam</strong></span> <span class='ocrx_word' id='word_1_30' title='bbox 1113 464 1158 509; x_wconf 91' lang='lat' dir='ltr'><strong>et</strong></span> <span class='ocrx_word' id='word_1_31' title='bbox 1195 462 1282 509; x_wconf 88' lang='lat' dir='ltr'><strong>alia</strong></span> <span class='ocrx_word' id='word_1_32' title='bbox 1320 463 1620 512; x_wconf 87' lang='lat' dir='ltr'><strong>huiuscemodi</strong></span> 
     </span>
     <span class='ocr_line' id='line_1_6' title="bbox 177 544 1621 613; baseline 0.002 -21"><span class='ocrx_word' id='word_1_33' title='bbox 177 546 487 602; x_wconf 77' lang='lat' dir='ltr'><strong>decreverunt,</strong></span> <span class='ocrx_word' id='word_1_34' title='bbox 526 546 712 607; x_wconf 84' lang='lat' dir='ltr'><strong>gratiam</strong></span> <span class='ocrx_word' id='word_1_35' title='bbox 746 547 802 593; x_wconf 82' lang='lat' dir='ltr'><strong>ab</strong></span> <span class='ocrx_word' id='word_1_36' title='bbox 839 561 894 592; x_wconf 89' lang='lat' dir='ltr'><strong>eo</strong></span> <span class='ocrx_word' id='word_1_37' title='bbox 929 544 1170 606; x_wconf 84' lang='lat' dir='ltr'><strong>peperisse.</strong></span> <span class='ocrx_word' id='word_1_38' title='bbox 1227 546 1320 594; x_wconf 87' lang='lat' dir='ltr'><strong>lmo</strong></span> <span class='ocrx_word' id='word_1_39' title='bbox 1348 548 1547 613; x_wconf 78' lang='lat' dir='ltr'><strong>,despecti</strong></span> <span class='ocrx_word' id='word_1_40' title='bbox 1577 551 1621 595; x_wconf 88' lang='lat' dir='ltr'><strong>et</strong></span> 
     </span>
     <span class='ocr_line' id='line_1_7' title="bbox 173 627 1621 694; baseline 0.003 -20"><span class='ocrx_word' id='word_1_41' title='bbox 173 627 342 691; x_wconf 79' lang='lat' dir='ltr'><strong>indigni</strong></span> <span class='ocrx_word' id='word_1_42' title='bbox 361 627 737 690; x_wconf 80' lang='lat' dir='ltr'><strong>republicahabiti</strong></span> <span class='ocrx_word' id='word_1_43' title='bbox 755 630 945 690; x_wconf 78' lang='lat' dir='ltr'><strong>praedae</strong></span> <span class='ocrx_word' id='word_1_44' title='bbox 973 629 1072 676; x_wconf 91' lang='lat' dir='ltr'><strong>loco</strong></span> <span class='ocrx_word' id='word_1_45' title='bbox 1099 632 1421 687; x_wconf 86' lang='lat' dir='ltr'><strong>aestumantur,</strong></span> <span class='ocrx_word' id='word_1_46' title='bbox 1458 632 1621 694; x_wconf 89' lang='lat' dir='ltr'><strong>quippe</strong></span> 
     </span>
    </p>
   </div>
   <div class='ocr_carea' id='block_1_4' title="bbox 166 766 1621 1942">
    <p class='ocr_par' dir='ltr' id='par_1_4' title="bbox 166 766 1621 1659">
     <span class='ocr_line' id='line_1_8' title="bbox 166 766 1621 816; baseline 0.003 -14"><span class='ocrx_word' id='word_1_47' title='bbox 166 766 254 814; x_wconf 61' lang='lat' dir='ltr'><strong>pfli</strong></span> <span class='ocrx_word' id='word_1_48' title='bbox 269 767 467 814; x_wconf 77' lang='lat' dir='ltr'><strong>praetoris,</strong></span> <span class='ocrx_word' id='word_1_49' title='bbox 496 768 559 813; x_wconf 82' lang='lat' dir='ltr'><strong>qm·</strong></span> <span class='ocrx_word' id='word_1_50' title='bbox 575 769 751 803; x_wconf 80' lang='lat' dir='ltr'><strong>accusari</strong></span> <span class='ocrx_word' id='word_1_51' title='bbox 770 772 944 814; x_wconf 81' lang='lat' dir='ltr'><strong>coeperat</strong></span> <span class='ocrx_word' id='word_1_52' title='bbox 962 779 986 802; x_wconf 91' lang='lat' dir='ltr'><strong>a</strong></span> <span class='ocrx_word' id='word_1_53' title='bbox 1004 767 1143 804; x_wconf 82' lang='lat' dir='ltr'><strong>duobus</strong></span> <span class='ocrx_word' id='word_1_54' title='bbox 1160 768 1336 816; x_wconf 75' lang='lat' dir='ltr'><strong>Metellis,</strong></span> <span class='ocrx_word' id='word_1_55' title='bbox 1356 769 1483 806; x_wconf 79' lang='lat' dir='ltr'><strong>Celere</strong></span> <span class='ocrx_word' id='word_1_56' title='bbox 1496 773 1532 806; x_wconf 76' lang='lat' dir='ltr'><strong>el</strong></span> <span class='ocrx_word' id='word_1_57' title='bbox 1549 770 1621 807; x_wconf 83' lang='lat' dir='ltr'><strong>Ne·</strong></span> 
     </span>
     <span class='ocr_line' id='line_1_9' title="bbox 166 822 1620 882; baseline 0.003 -24"><span class='ocrx_word' id='word_1_58' title='bbox 166 827 255 870; x_wconf 79' lang='lat' dir='ltr'><strong>pole</strong></span> <span class='ocrx_word' id='word_1_59' title='bbox 264 838 277 863; x_wconf 92' lang='lat'><strong>‚·</strong></span> <span class='ocrx_word' id='word_1_60' title='bbox 293 824 358 870; x_wconf 76' lang='lat' dir='ltr'><strong>qui</strong></span> <span class='ocrx_word' id='word_1_61' title='bbox 369 833 480 870; x_wconf 72' lang='lat' dir='ltr'><strong>quum</strong></span> <span class='ocrx_word' id='word_1_62' title='bbox 494 822 630 869; x_wconf 68' lang='lat' dir='ltr'><strong>leq-&#39;hus</strong></span> <span class='ocrx_word' id='word_1_63' title='bbox 646 824 951 877; x_wconf 65' lang='lat' dir='ltr'><strong>interrogassent,</strong></span> <span class='ocrx_word' id='word_1_64' title='bbox 982 825 1065 860; x_wconf 76' lang='lat' dir='ltr'><strong>nica·</strong></span> <span class='ocrx_word' id='word_1_65' title='bbox 1085 825 1164 861; x_wconf 81' lang='lat' dir='ltr'><strong>eius</strong></span> <span class='ocrx_word' id='word_1_66' title='bbox 1183 827 1287 873; x_wconf 84' lang='lat' dir='ltr'><strong>apud</strong></span> <span class='ocrx_word' id='word_1_67' title='bbox 1300 826 1481 874; x_wconf 85' lang='lat' dir='ltr'><strong>populum</strong></span> <span class='ocrx_word' id='word_1_68' title='bbox 1497 829 1620 882; x_wconf 76' lang='lat' dir='ltr'><strong>qratia</strong></span> 
     </span>
     <span class='ocr_line' id='line_1_10' title="bbox 174 878 1619 930; baseline 0.003 -15"><span class='ocrx_word' id='word_1_69' title='bbox 174 880 401 915; x_wconf 74' lang='lat' dir='ltr'><strong>destiterant.</strong></span> <span class='ocrx_word' id='word_1_70' title='bbox 450 878 541 915; x_wconf 87' lang='lat' dir='ltr'><strong>ibid.</strong></span> <span class='ocrx_word' id='word_1_71' title='bbox 561 879 606 914; x_wconf 88' lang='lat' dir='ltr'><strong>Ill</strong></span> <span class='ocrx_word' id='word_1_72' title='bbox 621 907 630 920; x_wconf 82' lang='grc'>,</span> <span class='ocrx_word' id='word_1_73' title='bbox 650 881 708 923; x_wconf 85' lang='grc'><strong>91,</strong></span> <span class='ocrx_word' id='word_1_74' title='bbox 728 883 811 918; x_wconf 73' lang='lat'><strong>212.</strong></span> <span class='ocrx_word' id='word_1_75' title='bbox 854 879 938 915; x_wconf 84' lang='lat' dir='ltr'><strong>Hoc</strong></span> <span class='ocrx_word' id='word_1_76' title='bbox 951 882 1091 916; x_wconf 79' lang='lat' dir='ltr'><strong>crimen</strong></span> <span class='ocrx_word' id='word_1_77' title='bbox 1105 892 1178 917; x_wconf 80' lang='lat' dir='ltr'><strong>non</strong></span> <span class='ocrx_word' id='word_1_78' title='bbox 1194 883 1299 919; x_wconf 71' lang='lat' dir='ltr'><strong>niodo</strong></span> <span class='ocrx_word' id='word_1_79' title='bbox 1316 882 1492 919; x_wconf 76' lang='lat' dir='ltr'><strong>Marcelli</strong></span> <span class='ocrx_word' id='word_1_80' title='bbox 1504 883 1619 930; x_wconf 75' lang='lat' dir='ltr'><strong>fado,</strong></span> 
     </span>
     <span class='ocr_line' id='line_1_11' title="bbox 173 935 1619 985; baseline 0.003 -13"><span class='ocrx_word' id='word_1_81' title='bbox 173 935 243 972; x_wconf 87' lang='lat' dir='ltr'><strong>sed</strong></span> <span class='ocrx_word' id='word_1_82' title='bbox 266 945 315 972; x_wconf 85' lang='lat' dir='ltr'><strong>ne</strong></span> <span class='ocrx_word' id='word_1_83' title='bbox 340 935 511 982; x_wconf 79' lang='lat' dir='ltr'><strong>Lepidi</strong></span> <span class='ocrx_word' id='word_1_84' title='bbox 535 935 679 982; x_wconf 74' lang='lat' dir='ltr'><strong>quidem</strong></span> <span class='ocrx_word' id='word_1_85' title='bbox 688 941 798 982; x_wconf 77' lang='lat' dir='ltr'><strong>poles</strong></span> <span class='ocrx_word' id='word_1_86' title='bbox 816 935 1028 982; x_wconf 81' lang='lat' dir='ltr'><strong>defendere.</strong></span> <span class='ocrx_word' id='word_1_87' title='bbox 1075 937 1224 985; x_wconf 87' lang='lat' dir='ltr'><strong>Ampel.</strong></span> <span class='ocrx_word' id='word_1_88' title='bbox 1243 940 1307 975; x_wconf 84' lang='lat' dir='ltr'><strong>lib.</strong></span> <span class='ocrx_word' id='word_1_89' title='bbox 1327 950 1484 975; x_wconf 84' lang='lat' dir='ltr'><strong>memor.</strong></span> <span class='ocrx_word' id='word_1_90' title='bbox 1503 951 1538 975; x_wconf 89' lang='lat' dir='ltr'><strong>c.</strong></span> <span class='ocrx_word' id='word_1_91' title='bbox 1558 942 1619 978; x_wconf 76' lang='grc' dir='ltr'><strong>4ο.</strong></span> 
     </span>
     <span class='ocr_line' id='line_1_12' title="bbox 174 988 1619 1039; baseline 0.003 -10"><span class='ocrx_word' id='word_1_92' title='bbox 174 991 319 1030; x_wconf 73' lang='lat' dir='ltr'><strong>Beuum</strong></span> <span class='ocrx_word' id='word_1_93' title='bbox 337 988 501 1038; x_wconf 75' lang='lat' dir='ltr'><strong>Lepidus</strong></span> <span class='ocrx_word' id='word_1_94' title='bbox 528 996 659 1027; x_wconf 57' lang='lat' dir='ltr'><strong>conti-a</strong></span> <span class='ocrx_word' id='word_1_95' title='bbox 679 991 844 1029; x_wconf 76' lang='lat' dir='ltr'><strong>Catulum</strong></span> <span class='ocrx_word' id='word_1_96' title='bbox 863 994 1056 1039; x_wconf 67' lang='grc' dir='ltr'><strong>εωείῶυίι,</strong></span> <span class='ocrx_word' id='word_1_97' title='bbox 1081 993 1127 1029; x_wconf 80' lang='lat' dir='ltr'><strong>ob</strong></span> <span class='ocrx_word' id='word_1_98' title='bbox 1146 998 1278 1032; x_wconf 70' lang='lat' dir='ltr'><strong>melam</strong></span> <span class='ocrx_word' id='word_1_99' title='bbox 1306 995 1507 1032; x_wconf 78' lang='lat' dir='ltr'><strong>Siciliae</strong></span> <span class='ocrx_word' id='word_1_100' title='bbox 1533 1006 1619 1033; x_wconf 72' lang='lat' dir='ltr'><strong>ea:-</strong></span> 
     </span>
     <span class='ocr_line' id='line_1_13' title="bbox 174 1047 1618 1101; baseline 0.003 -17"><span class='ocrx_word' id='word_1_101' title='bbox 174 1047 427 1095; x_wconf 70' lang='lat' dir='ltr'><strong>spoliaiae.</strong></span> <span class='ocrx_word' id='word_1_102' title='bbox 467 1049 518 1082; x_wconf 85' lang='lat' dir='ltr'><strong>ct’.</strong></span> <span class='ocrx_word' id='word_1_103' title='bbox 539 1047 636 1083; x_wconf 74' lang='lat' dir='ltr'><strong>insta</strong></span> <span class='ocrx_word' id='word_1_104' title='bbox 654 1050 691 1090; x_wconf 76' lang='lat' dir='ltr'><strong>s.</strong></span> <span class='ocrx_word' id='word_1_105' title='bbox 716 1052 771 1086; x_wconf 87' lang='lat'><strong>15.</strong></span> <span class='ocrx_word' id='word_1_106' title='bbox 790 1068 846 1074; x_wconf 91' lang='lat'><strong>—-</strong></span> <span class='ocrx_word' id='word_1_107' title='bbox 892 1048 958 1085; x_wconf 72' lang='lat' dir='ltr'><strong>Ea:</strong></span> <span class='ocrx_word' id='word_1_108' title='bbox 988 1050 1167 1087; x_wconf 82' lang='lat' dir='ltr'><strong>incertum</strong></span> <span class='ocrx_word' id='word_1_109' title='bbox 1197 1056 1273 1097; x_wconf 89' lang='lat' dir='ltr'><strong>est,</strong></span> <span class='ocrx_word' id='word_1_110' title='bbox 1300 1056 1420 1088; x_wconf 88' lang='lat' dir='ltr'><strong>utrum</strong></span> <span class='ocrx_word' id='word_1_111' title='bbox 1440 1053 1618 1101; x_wconf 86' lang='lat' dir='ltr'><strong>temporis</strong></span> 
     </span>
     <span class='ocr_line' id='line_1_14' title="bbox 174 1103 1618 1154; baseline 0.006 -16"><span class='ocrx_word' id='word_1_112' title='bbox 174 1103 324 1140; x_wconf 85' lang='lat' dir='ltr'><strong>notione</strong></span> <span class='ocrx_word' id='word_1_113' title='bbox 352 1104 477 1139; x_wconf 83' lang='lat' dir='ltr'><strong>valeat</strong></span> <span class='ocrx_word' id='word_1_114' title='bbox 497 1107 586 1150; x_wconf 80' lang='lat' dir='ltr'><strong>post</strong></span> <span class='ocrx_word' id='word_1_115' title='bbox 613 1104 678 1148; x_wconf 87' lang='lat' dir='ltr'><strong>(v.</strong></span> <span class='ocrx_word' id='word_1_116' title='bbox 701 1104 751 1140; x_wconf 89' lang='lat' dir='ltr'><strong>ad</strong></span> <span class='ocrx_word' id='word_1_117' title='bbox 774 1103 880 1140; x_wconf 86' lang='lat' dir='ltr'><strong>Catil.</strong></span> <span class='ocrx_word' id='word_1_118' title='bbox 898 1116 932 1140; x_wconf 91' lang='lat' dir='ltr'><strong>c.</strong></span> <span class='ocrx_word' id='word_1_119' title='bbox 953 1105 1026 1149; x_wconf 89' lang='lat' dir='ltr'><strong>IV,</strong></span> <span class='ocrx_word' id='word_1_120' title='bbox 1055 1107 1136 1150; x_wconf 89' lang='grc'><strong>1.),</strong></span> <span class='ocrx_word' id='word_1_121' title='bbox 1169 1119 1216 1144; x_wconf 94' lang='lat' dir='ltr'><strong>an</strong></span> <span class='ocrx_word' id='word_1_122' title='bbox 1236 1120 1397 1145; x_wconf 83' lang='lat' dir='ltr'><strong>caussae</strong></span> <span class='ocrx_word' id='word_1_123' title='bbox 1419 1110 1455 1144; x_wconf 88' lang='lat' dir='ltr'><strong>vi</strong></span> <span class='ocrx_word' id='word_1_124' title='bbox 1484 1110 1546 1154; x_wconf 86' lang='lat' dir='ltr'><strong>(v.</strong></span> <span class='ocrx_word' id='word_1_125' title='bbox 1569 1109 1618 1145; x_wconf 86' lang='lat' dir='ltr'><strong>ad</strong></span> 
     </span>
     <span class='ocr_line' id='line_1_15' title="bbox 174 1159 1617 1210; baseline 0.004 -13"><span class='ocrx_word' id='word_1_126' title='bbox 174 1159 252 1197; x_wconf 74' lang='lat' dir='ltr'><strong>Gai.</strong></span> <span class='ocrx_word' id='word_1_127' title='bbox 278 1171 316 1197; x_wconf 85' lang='lat' dir='ltr'><strong>c.</strong></span> <span class='ocrx_word' id='word_1_128' title='bbox 343 1159 431 1203; x_wconf 86' lang='lat' dir='ltr'><strong>XII,</strong></span> <span class='ocrx_word' id='word_1_129' title='bbox 462 1161 526 1204; x_wconf 78' lang='lat'><strong>2.)</strong></span> <span class='ocrx_word' id='word_1_130' title='bbox 554 1160 739 1207; x_wconf 85' lang='lat' dir='ltr'><strong>significet</strong></span> <span class='ocrx_word' id='word_1_131' title='bbox 765 1163 953 1210; x_wconf 75' lang='lat' dir='ltr'><strong>rapinis</strong></span> <span class='ocrx_word' id='word_1_132' title='bbox 977 1167 1127 1208; x_wconf 80' lang='lat' dir='ltr'><strong>partum</strong></span> <span class='ocrx_word' id='word_1_133' title='bbox 1149 1174 1230 1201; x_wconf 84' lang='lat' dir='ltr'><strong>esse</strong></span> <span class='ocrx_word' id='word_1_134' title='bbox 1249 1166 1491 1205; x_wconf 75' lang='lat' dir='ltr'><strong>consulatum.</strong></span> <span class='ocrx_word' id='word_1_135' title='bbox 1538 1166 1617 1203; x_wconf 87' lang='lat' dir='ltr'><strong>Hoc</strong></span> 
     </span>
     <span class='ocr_line' id='line_1_16' title="bbox 175 1218 1617 1269; baseline 0.005 -17"><span class='ocrx_word' id='word_1_136' title='bbox 175 1221 398 1263; x_wconf 69' lang='lat' dir='ltr'><strong>quatuquam</strong></span> <span class='ocrx_word' id='word_1_137' title='bbox 412 1220 564 1264; x_wconf 83' lang='lat' dir='ltr'><strong>propter</strong></span> <span class='ocrx_word' id='word_1_138' title='bbox 583 1218 778 1263; x_wconf 81' lang='lat' dir='ltr'><strong>sequentia</strong></span> <span class='ocrx_word' id='word_1_139' title='bbox 794 1218 1084 1266; x_wconf 76' lang='lat' dir='ltr'><strong>praeferendum</strong></span> <span class='ocrx_word' id='word_1_140' title='bbox 1103 1220 1290 1265; x_wconf 83' lang='lat' dir='ltr'><strong>videatur,</strong></span> <span class='ocrx_word' id='word_1_141' title='bbox 1314 1227 1436 1258; x_wconf 89' lang='lat' dir='ltr'><strong>tamen</strong></span> <span class='ocrx_word' id='word_1_142' title='bbox 1453 1233 1514 1259; x_wconf 84' lang='lat' dir='ltr'><strong>res</strong></span> <span class='ocrx_word' id='word_1_143' title='bbox 1535 1223 1617 1269; x_wconf 89' lang='lat' dir='ltr'><strong>ipsa</strong></span> 
     </span>
     <span class='ocr_line' id='line_1_17' title="bbox 173 1273 1617 1326; baseline 0.006 -18"><span class='ocrx_word' id='word_1_144' title='bbox 173 1273 296 1320; x_wconf 84' lang='lat' dir='ltr'><strong>potius</strong></span> <span class='ocrx_word' id='word_1_145' title='bbox 315 1273 480 1319; x_wconf 85' lang='lat' dir='ltr'><strong>priorem</strong></span> <span class='ocrx_word' id='word_1_146' title='bbox 494 1273 779 1320; x_wconf 77' lang='lat' dir='ltr'><strong>explicationem</strong></span> <span class='ocrx_word' id='word_1_147' title='bbox 799 1275 954 1318; x_wconf 88' lang='lat' dir='ltr'><strong>suadet;</strong></span> <span class='ocrx_word' id='word_1_148' title='bbox 980 1286 1066 1311; x_wconf 87' lang='lat' dir='ltr'><strong>nam</strong></span> <span class='ocrx_word' id='word_1_149' title='bbox 1088 1288 1201 1323; x_wconf 90' lang='lat' dir='ltr'><strong>quum</strong></span> <span class='ocrx_word' id='word_1_150' title='bbox 1218 1279 1382 1325; x_wconf 82' lang='lat' dir='ltr'><strong>Lepidus</strong></span> <span class='ocrx_word' id='word_1_151' title='bbox 1401 1280 1617 1326; x_wconf 85' lang='lat' dir='ltr'><strong>rapinarum</strong></span> 
     </span>
     <span class='ocr_line' id='line_1_18' title="bbox 171 1331 1615 1383; baseline 0.005 -17"><span class='ocrx_word' id='word_1_152' title='bbox 171 1339 308 1366; x_wconf 70' lang='lat' dir='ltr'><strong>caussa</strong></span> <span class='ocrx_word' id='word_1_153' title='bbox 322 1333 523 1366; x_wconf 82' lang='lat' dir='ltr'><strong>accusatus</strong></span> <span class='ocrx_word' id='word_1_154' title='bbox 538 1335 651 1373; x_wconf 86' lang='lat' dir='ltr'><strong>esset,</strong></span> <span class='ocrx_word' id='word_1_155' title='bbox 675 1331 868 1378; x_wconf 83' lang='lat' dir='ltr'><strong>Philippus</strong></span> <span class='ocrx_word' id='word_1_156' title='bbox 886 1331 974 1368; x_wconf 89' lang='lat' dir='ltr'><strong>dicit</strong></span> <span class='ocrx_word' id='word_1_157' title='bbox 993 1332 1235 1370; x_wconf 84' lang='lat' dir='ltr'><strong>nihilominus</strong></span> <span class='ocrx_word' id='word_1_158' title='bbox 1256 1347 1341 1371; x_wconf 88' lang='lat' dir='ltr'><strong>eum</strong></span> <span class='ocrx_word' id='word_1_159' title='bbox 1355 1340 1444 1382; x_wconf 76' lang='lat' dir='ltr'><strong>post</strong></span> <span class='ocrx_word' id='word_1_160' title='bbox 1462 1337 1615 1383; x_wconf 83' lang='lat' dir='ltr'><strong>rapinas</strong></span> 
     </span>
     <span class='ocr_line' id='line_1_19' title="bbox 170 1378 1614 1439; baseline 0.006 -18"><span class='ocrx_word' id='word_1_161' title='bbox 170 1378 402 1422; x_wconf 83' lang='lat' dir='ltr'><strong>consulatum</strong></span> <span class='ocrx_word' id='word_1_162' title='bbox 424 1387 644 1432; x_wconf 57' lang='lat' dir='ltr'><strong>accepisse,</strong></span> <span class='ocrx_word' id='word_1_163' title='bbox 673 1388 744 1431; x_wconf 79' lang='lat' dir='ltr'><strong>nisi</strong></span> <span class='ocrx_word' id='word_1_164' title='bbox 767 1385 859 1423; x_wconf 71' lang='lat' dir='ltr'><strong>t‘o‘rte</strong></span> <span class='ocrx_word' id='word_1_165' title='bbox 879 1387 952 1423; x_wconf 79' lang='lat' dir='ltr'><strong>hoc</strong></span> <span class='ocrx_word' id='word_1_166' title='bbox 974 1389 1102 1432; x_wconf 79' lang='lat' dir='ltr'><strong>votuit,</strong></span> <span class='ocrx_word' id='word_1_167' title='bbox 1129 1391 1268 1437; x_wconf 83' lang='lat' dir='ltr'><strong>opibus,</strong></span> <span class='ocrx_word' id='word_1_168' title='bbox 1296 1402 1349 1427; x_wconf 69' lang='lat' dir='ltr'><strong>ex</strong></span> <span class='ocrx_word' id='word_1_169' title='bbox 1369 1393 1513 1439; x_wconf 77' lang='lat' dir='ltr'><strong>rapinis</strong></span> <span class='ocrx_word' id='word_1_170' title='bbox 1539 1395 1614 1429; x_wconf 89' lang='lat' dir='ltr'><strong>col—</strong></span> 
     </span>
     <span class='ocr_line' id='line_1_20' title="bbox 170 1442 1615 1495; baseline 0.006 -17"><span class='ocrx_word' id='word_1_171' title='bbox 170 1443 290 1485; x_wconf 69' lang='lat' dir='ltr'><strong>lectis,</strong></span> <span class='ocrx_word' id='word_1_172' title='bbox 314 1442 449 1488; x_wconf 88' lang='lat' dir='ltr'><strong>quibus</strong></span> <span class='ocrx_word' id='word_1_173' title='bbox 469 1443 569 1489; x_wconf 89' lang='lat' dir='ltr'><strong>plebi</strong></span> <span class='ocrx_word' id='word_1_174' title='bbox 588 1444 805 1490; x_wconf 77' lang='lat' dir='ltr'><strong>largiretur,</strong></span> <span class='ocrx_word' id='word_1_175' title='bbox 836 1455 920 1479; x_wconf 88' lang='lat' dir='ltr'><strong>eum</strong></span> <span class='ocrx_word' id='word_1_176' title='bbox 940 1446 1172 1482; x_wconf 84' lang='lat' dir='ltr'><strong>consulatum</strong></span> <span class='ocrx_word' id='word_1_177' title='bbox 1194 1448 1264 1483; x_wconf 91' lang='lat' dir='ltr'><strong>sibi</strong></span> <span class='ocrx_word' id='word_1_178' title='bbox 1284 1459 1456 1495; x_wconf 88' lang='lat' dir='ltr'><strong>parasse.</strong></span> <span class='ocrx_word' id='word_1_179' title='bbox 1479 1469 1528 1491; x_wconf 69' lang='grc'><strong>,-</strong></span> <span class='ocrx_word' id='word_1_180' title='bbox 1562 1449 1615 1486; x_wconf 74' lang='grc' dir='ltr'><strong>Οῠ</strong></span> 
     </span>
     <span class='ocr_line' id='line_1_21' title="bbox 169 1498 1613 1551; baseline 0.006 -18"><span class='ocrx_word' id='word_1_181' title='bbox 169 1498 378 1534; x_wconf 68' lang='lat' dir='ltr'><strong>seditionem</strong></span> <span class='ocrx_word' id='word_1_182' title='bbox 401 1509 454 1534; x_wconf 89' lang='lat' dir='ltr'><strong>sc.</strong></span> <span class='ocrx_word' id='word_1_183' title='bbox 480 1499 517 1534; x_wconf 91' lang='lat' dir='ltr'><strong>in</strong></span> <span class='ocrx_word' id='word_1_184' title='bbox 538 1499 621 1545; x_wconf 87' lang='lat' dir='ltr'><strong>ipsa</strong></span> <span class='ocrx_word' id='word_1_185' title='bbox 643 1501 732 1535; x_wconf 86' lang='lat' dir='ltr'><strong>urbe</strong></span> <span class='ocrx_word' id='word_1_186' title='bbox 751 1501 973 1545; x_wconf 82' lang='lat' dir='ltr'><strong>excitatam;</strong></span> <span class='ocrx_word' id='word_1_187' title='bbox 1002 1512 1038 1536; x_wconf 88' lang='lat' dir='ltr'><strong>v.</strong></span> <span class='ocrx_word' id='word_1_188' title='bbox 1059 1502 1111 1537; x_wconf 87' lang='lat' dir='ltr'><strong>ad</strong></span> <span class='ocrx_word' id='word_1_189' title='bbox 1128 1503 1158 1538; x_wconf 89' lang='lat' dir='ltr'><strong>F</strong></span> <span class='ocrx_word' id='word_1_190' title='bbox 1159 1514 1279 1551; x_wconf 77' lang='lat' dir='ltr'><strong>rag-m.</strong></span> <span class='ocrx_word' id='word_1_191' title='bbox 1300 1505 1337 1548; x_wconf 89' lang='grc' dir='ltr'><strong>Ι,</strong></span> <span class='ocrx_word' id='word_1_192' title='bbox 1359 1506 1420 1543; x_wconf 75' lang='lat'><strong>46.</strong></span> <span class='ocrx_word' id='word_1_193' title='bbox 1436 1526 1494 1532; x_wconf 89' lang='lat'>—</span> <span class='ocrx_word' id='word_1_194' title='bbox 1540 1507 1613 1542; x_wconf 88' lang='lat' dir='ltr'><strong>Pro</strong></span> 
     </span>
     <span class='ocr_line' id='line_1_22' title="bbox 169 1553 1611 1608; baseline 0.007 -19"><span class='ocrx_word' id='word_1_195' title='bbox 169 1554 261 1589; x_wconf 84' lang='lat' dir='ltr'><strong>bene</strong></span> <span class='ocrx_word' id='word_1_196' title='bbox 274 1553 381 1600; x_wconf 80' lang='lat' dir='ltr'><strong>sacla</strong></span> <span class='ocrx_word' id='word_1_197' title='bbox 403 1555 443 1590; x_wconf 90' lang='lat' dir='ltr'><strong>in</strong></span> <span class='ocrx_word' id='word_1_198' title='bbox 464 1553 577 1591; x_wconf 89' lang='lat' dir='ltr'><strong>Cortii</strong></span> <span class='ocrx_word' id='word_1_199' title='bbox 600 1559 638 1590; x_wconf 86' lang='lat' dir='ltr'><strong>et</strong></span> <span class='ocrx_word' id='word_1_200' title='bbox 661 1555 846 1593; x_wconf 84' lang='lat' dir='ltr'><strong>Gerlachii</strong></span> <span class='ocrx_word' id='word_1_201' title='bbox 866 1556 929 1592; x_wconf 90' lang='lat' dir='ltr'><strong>ed.</strong></span> <span class='ocrx_word' id='word_1_202' title='bbox 949 1558 1038 1593; x_wconf 88' lang='lat' dir='ltr'><strong>mai.</strong></span> <span class='ocrx_word' id='word_1_203' title='bbox 1055 1569 1256 1607; x_wconf 86' lang='lat' dir='ltr'><strong>perperam</strong></span> <span class='ocrx_word' id='word_1_204' title='bbox 1277 1561 1454 1608; x_wconf 88' lang='lat' dir='ltr'><strong>scriptum</strong></span> <span class='ocrx_word' id='word_1_205' title='bbox 1474 1566 1533 1598; x_wconf 84' lang='lat' dir='ltr'><strong>est</strong></span> <span class='ocrx_word' id='word_1_206' title='bbox 1550 1562 1611 1599; x_wconf 82' lang='lat' dir='ltr'><strong>be-</strong></span> 
     </span>
     <span class='ocr_line' id='line_1_23' title="bbox 168 1610 1390 1659; baseline 0.002 -14"><span class='ocrx_word' id='word_1_207' title='bbox 168 1610 338 1657; x_wconf 60' lang='lat' dir='ltr'><strong>nefacim-</strong></span> <span class='ocrx_word' id='word_1_208' title='bbox 366 1621 407 1647; x_wconf 89' lang='lat' dir='ltr'><strong>v.</strong></span> <span class='ocrx_word' id='word_1_209' title='bbox 428 1610 478 1646; x_wconf 89' lang='lat' dir='ltr'><strong>ad</strong></span> <span class='ocrx_word' id='word_1_210' title='bbox 498 1610 578 1647; x_wconf 87' lang='lat' dir='ltr'><strong>Cat.</strong></span> <span class='ocrx_word' id='word_1_211' title='bbox 599 1612 703 1656; x_wconf 89' lang='lat' dir='ltr'><strong>VIII,</strong></span> <span class='ocrx_word' id='word_1_212' title='bbox 724 1616 760 1650; x_wconf 92' lang='lat'><strong>5.</strong></span> <span class='ocrx_word' id='word_1_213' title='bbox 779 1624 816 1659; x_wconf 85' lang='lat' dir='ltr'><strong>p.</strong></span> <span class='ocrx_word' id='word_1_214' title='bbox 837 1615 897 1652; x_wconf 73' lang='lat'><strong>46.</strong></span> <span class='ocrx_word' id='word_1_215' title='bbox 1386 1646 1390 1648; x_wconf 89' lang='lat'><strong>.</strong></span> 
     </span>
    </p>

    <p class='ocr_par' dir='ltr' id='par_1_5' title="bbox 167 1666 1612 1942">
     <span class='ocr_line' id='line_1_24' title="bbox 281 1666 1611 1720; baseline 0.008 -19"><span class='ocrx_word' id='word_1_216' title='bbox 281 1669 318 1709; x_wconf 75' lang='lat' dir='ltr'><strong>s.</strong></span> <span class='ocrx_word' id='word_1_217' title='bbox 343 1669 380 1704; x_wconf 90' lang='lat'><strong>5.</strong></span> <span class='ocrx_word' id='word_1_218' title='bbox 435 1666 485 1703; x_wconf 75' lang='lat' dir='ltr'><strong>A!</strong></span> <span class='ocrx_word' id='word_1_219' title='bbox 499 1668 635 1703; x_wconf 73' lang='lat' dir='ltr'><strong>salice!</strong></span> <span class='ocrx_word' id='word_1_220' title='bbox 652 1678 715 1704; x_wconf 88' lang='lat' dir='ltr'><strong>eos</strong></span> <span class='ocrx_word' id='word_1_221' title='bbox 737 1688 785 1695; x_wconf 91' lang='lat'>—</span> <span class='ocrx_word' id='word_1_222' title='bbox 806 1669 853 1705; x_wconf 85' lang='lat' dir='ltr'><strong>ab</strong></span> <span class='ocrx_word' id='word_1_223' title='bbox 873 1679 916 1706; x_wconf 87' lang='lat' dir='ltr'><strong>eo</strong></span> <span class='ocrx_word' id='word_1_224' title='bbox 927 1667 1154 1720; x_wconf 73' lang='lat' dir='ltr'><strong>peperisse).</strong></span> <span class='ocrx_word' id='word_1_225' title='bbox 1200 1672 1253 1708; x_wconf 87' lang='lat' dir='ltr'><strong>Ita</strong></span> <span class='ocrx_word' id='word_1_226' title='bbox 1273 1673 1493 1710; x_wconf 84' lang='lat' dir='ltr'><strong>Gerlachius</strong></span> <span class='ocrx_word' id='word_1_227' title='bbox 1512 1679 1611 1711; x_wconf 84' lang='lat' dir='ltr'><strong>recte</strong></span> 
     </span>
     <span class='ocr_line' id='line_1_25' title="bbox 169 1722 1612 1778; baseline 0.008 -21"><span class='ocrx_word' id='word_1_228' title='bbox 169 1733 217 1757; x_wconf 83' lang='lat' dir='ltr'><strong>ex</strong></span> <span class='ocrx_word' id='word_1_229' title='bbox 237 1722 322 1758; x_wconf 89' lang='lat' dir='ltr'><strong>Vat.</strong></span> <span class='ocrx_word' id='word_1_230' title='bbox 343 1726 379 1760; x_wconf 87' lang='lat' dir='ltr'><strong>l.</strong></span> <span class='ocrx_word' id='word_1_231' title='bbox 398 1727 434 1757; x_wconf 88' lang='lat' dir='ltr'><strong>et</strong></span> <span class='ocrx_word' id='word_1_232' title='bbox 451 1726 489 1761; x_wconf 76' lang='lat'><strong>2.</strong></span> <span class='ocrx_word' id='word_1_233' title='bbox 516 1723 653 1768; x_wconf 83' lang='lat' dir='ltr'><strong>edidit,</strong></span> <span class='ocrx_word' id='word_1_234' title='bbox 675 1726 896 1771; x_wconf 82' lang='lat' dir='ltr'><strong>quibuscum</strong></span> <span class='ocrx_word' id='word_1_235' title='bbox 916 1727 1101 1762; x_wconf 76' lang='lat' dir='ltr'><strong>consentit</strong></span> <span class='ocrx_word' id='word_1_236' title='bbox 1117 1728 1228 1763; x_wconf 88' lang='lat' dir='ltr'><strong>etiam</strong></span> <span class='ocrx_word' id='word_1_237' title='bbox 1246 1729 1330 1765; x_wconf 84' lang='lat' dir='ltr'><strong>Vat.</strong></span> <span class='ocrx_word' id='word_1_238' title='bbox 1345 1732 1395 1773; x_wconf 84' lang='grc'><strong>3.,</strong></span> <span class='ocrx_word' id='word_1_239' title='bbox 1417 1730 1490 1766; x_wconf 88' lang='lat' dir='ltr'><strong>nisi</strong></span> <span class='ocrx_word' id='word_1_240' title='bbox 1510 1732 1612 1778; x_wconf 89' lang='lat' dir='ltr'><strong>quod</strong></span> 
     </span>
     <span class='ocr_line' id='line_1_26' title="bbox 168 1778 1611 1837; baseline 0.008 -24"><span class='ocrx_word' id='word_1_241' title='bbox 168 1778 349 1815; x_wconf 79' lang='lat' dir='ltr'><strong>mendose</strong></span> <span class='ocrx_word' id='word_1_242' title='bbox 373 1778 489 1816; x_wconf 76' lang='lat' dir='ltr'><strong>habeo</strong></span> <span class='ocrx_word' id='word_1_243' title='bbox 513 1791 582 1827; x_wconf 88' lang='lat' dir='ltr'><strong>pro</strong></span> <span class='ocrx_word' id='word_1_244' title='bbox 607 1780 656 1816; x_wconf 84' lang='lat' dir='ltr'><strong>ab</strong></span> <span class='ocrx_word' id='word_1_245' title='bbox 672 1791 715 1818; x_wconf 90' lang='lat' dir='ltr'><strong>eo</strong></span> <span class='ocrx_word' id='word_1_246' title='bbox 735 1782 897 1819; x_wconf 87' lang='lat' dir='ltr'><strong>exhibet.</strong></span> <span class='ocrx_word' id='word_1_247' title='bbox 955 1783 1068 1830; x_wconf 88' lang='lat' dir='ltr'><strong>Plura</strong></span> <span class='ocrx_word' id='word_1_248' title='bbox 1101 1784 1138 1818; x_wconf 91' lang='lat' dir='ltr'><strong>in</strong></span> <span class='ocrx_word' id='word_1_249' title='bbox 1171 1784 1260 1820; x_wconf 89' lang='lat' dir='ltr'><strong>edd.</strong></span> <span class='ocrx_word' id='word_1_250' title='bbox 1292 1786 1432 1837; x_wconf 78' lang='lat' dir='ltr'><strong>antiqq.</strong></span> <span class='ocrx_word' id='word_1_251' title='bbox 1466 1789 1611 1824; x_wconf 83' lang='lat' dir='ltr'><strong>turbata</strong></span> 
     </span>
     <span class='ocr_line' id='line_1_27' title="bbox 169 1836 1609 1890; baseline 0.006 -20"><span class='ocrx_word' id='word_1_252' title='bbox 169 1838 274 1879; x_wconf 73' lang='lat' dir='ltr'><strong>sunt,</strong></span> <span class='ocrx_word' id='word_1_253' title='bbox 302 1836 341 1871; x_wconf 91' lang='lat' dir='ltr'><strong>in</strong></span> <span class='ocrx_word' id='word_1_254' title='bbox 371 1836 505 1881; x_wconf 85' lang='lat' dir='ltr'><strong>quibus</strong></span> <span class='ocrx_word' id='word_1_255' title='bbox 532 1848 602 1884; x_wconf 89' lang='lat' dir='ltr'><strong>pro</strong></span> <span class='ocrx_word' id='word_1_256' title='bbox 622 1847 684 1873; x_wconf 87' lang='lat' dir='ltr'><strong>eos</strong></span> <span class='ocrx_word' id='word_1_257' title='bbox 704 1840 824 1887; x_wconf 72' lang='lat' dir='ltr'><strong>estiis</strong></span> <span class='ocrx_word' id='word_1_258' title='bbox 845 1839 905 1874; x_wconf 88' lang='lat' dir='ltr'><strong>vel</strong></span> <span class='ocrx_word' id='word_1_259' title='bbox 928 1840 974 1882; x_wconf 87' lang='lat' dir='ltr'><strong>ii,</strong></span> <span class='ocrx_word' id='word_1_260' title='bbox 995 1842 1193 1886; x_wconf 80' lang='lat' dir='ltr'><strong>peperisse</strong></span> <span class='ocrx_word' id='word_1_261' title='bbox 1219 1846 1398 1878; x_wconf 84' lang='lat' dir='ltr'><strong>mutatum</strong></span> <span class='ocrx_word' id='word_1_262' title='bbox 1434 1844 1471 1878; x_wconf 92' lang='lat' dir='ltr'><strong>in</strong></span> <span class='ocrx_word' id='word_1_263' title='bbox 1492 1854 1609 1890; x_wconf 86' lang='lat' dir='ltr'><strong>pepe-</strong></span> 
     </span>
     <span class='ocr_line' id='line_1_28' title="bbox 167 1890 1608 1942; baseline 0.007 -16"><span class='ocrx_word' id='word_1_264' title='bbox 167 1900 273 1934; x_wconf 85' lang='lat' dir='ltr'><strong>rere,</strong></span> <span class='ocrx_word' id='word_1_265' title='bbox 297 1890 459 1937; x_wconf 84' lang='lat' dir='ltr'><strong>denique</strong></span> <span class='ocrx_word' id='word_1_266' title='bbox 492 1893 563 1940; x_wconf 85' lang='lat' dir='ltr'><strong>ad,</strong></span> <span class='ocrx_word' id='word_1_267' title='bbox 599 1893 700 1939; x_wconf 89' lang='lat' dir='ltr'><strong>quod</strong></span> <span class='ocrx_word' id='word_1_268' title='bbox 725 1898 783 1930; x_wconf 89' lang='lat' dir='ltr'><strong>est</strong></span> <span class='ocrx_word' id='word_1_269' title='bbox 811 1898 895 1930; x_wconf 85' lang='lat' dir='ltr'><strong>ante</strong></span> <span class='ocrx_word' id='word_1_270' title='bbox 914 1900 1159 1942; x_wconf 73' lang='lat' dir='ltr'><strong>postremum,</strong></span> <span class='ocrx_word' id='word_1_271' title='bbox 1193 1899 1409 1934; x_wconf 88' lang='lat' dir='ltr'><strong>translatum</strong></span> <span class='ocrx_word' id='word_1_272' title='bbox 1434 1901 1496 1935; x_wconf 85' lang='lat' dir='ltr'><strong>vet</strong></span> <span class='ocrx_word' id='word_1_273' title='bbox 1523 1905 1608 1936; x_wconf 87' lang='lat' dir='ltr'><strong>ante</strong></span> 
     </span>
    </p>
   </div>
   <div class='ocr_carea' id='block_1_5' title="bbox 168 1946 1693 1997">
    <p class='ocr_par' dir='ltr' id='par_1_6' title="bbox 168 1946 1693 1997">
     <span class='ocr_line' id='line_1_29' title="bbox 168 1946 1693 1997; baseline 0.007 -16"><span class='ocrx_word' id='word_1_274' title='bbox 168 1946 302 1992; x_wconf 75' lang='lat' dir='ltr'><strong>leqalos</strong></span> <span class='ocrx_word' id='word_1_275' title='bbox 325 1948 387 1982; x_wconf 87' lang='lat' dir='ltr'><strong>vel</strong></span> <span class='ocrx_word' id='word_1_276' title='bbox 408 1952 493 1983; x_wconf 91' lang='lat' dir='ltr'><strong>ante</strong></span> <span class='ocrx_word' id='word_1_277' title='bbox 508 1951 665 1995; x_wconf 55' lang='grc' dir='ltr'><em>μέθη,-</em></span> <span class='ocrx_word' id='word_1_278' title='bbox 690 1950 765 1986; x_wconf 89' lang='lat' dir='ltr'><strong>hoc</strong></span> <span class='ocrx_word' id='word_1_279' title='bbox 784 1950 887 1986; x_wconf 90' lang='lat' dir='ltr'><strong>haud</strong></span> <span class='ocrx_word' id='word_1_280' title='bbox 906 1951 1018 1987; x_wconf 88' lang='lat' dir='ltr'><strong>dubie</strong></span> <span class='ocrx_word' id='word_1_281' title='bbox 1039 1963 1166 1988; x_wconf 88' lang='lat' dir='ltr'><strong>errore</strong></span> <span class='ocrx_word' id='word_1_282' title='bbox 1187 1955 1345 1997; x_wconf 82' lang='lat' dir='ltr'><strong>sactum,</strong></span> <span class='ocrx_word' id='word_1_283' title='bbox 1376 1958 1523 1990; x_wconf 86' lang='lat' dir='ltr'><strong>ceterae</strong></span> <span class='ocrx_word' id='word_1_284' title='bbox 1542 1955 1609 1991; x_wconf 87' lang='lat' dir='ltr'><strong>de·</strong></span> <span class='ocrx_word' id='word_1_285' title='bbox 1684 1978 1693 1982; x_wconf 81' lang='grc'><strong>-</strong></span> 
     </span>
    </p>
   </div>
   <div class='ocr_carea' id='block_1_6' title="bbox 163 2002 1607 2842">
    <p class='ocr_par' dir='ltr' id='par_1_7' title="bbox 163 2002 1607 2727">
     <span class='ocr_line' id='line_1_30' title="bbox 167 2002 1606 2057; baseline 0.009 -21"><span class='ocrx_word' id='word_1_286' title='bbox 167 2002 408 2048; x_wconf 82' lang='lat' dir='ltr'><strong>pravationes</strong></span> <span class='ocrx_word' id='word_1_287' title='bbox 442 2005 488 2038; x_wconf 88' lang='lat' dir='ltr'><strong>ab</strong></span> <span class='ocrx_word' id='word_1_288' title='bbox 524 2004 850 2050; x_wconf 81' lang='lat' dir='ltr'><strong>interpolatoribus</strong></span> <span class='ocrx_word' id='word_1_289' title='bbox 883 2008 1076 2053; x_wconf 80' lang='lat' dir='ltr'><strong>profectae</strong></span> <span class='ocrx_word' id='word_1_290' title='bbox 1086 2022 1105 2052; x_wconf 92' lang='lat'><strong>‚·</strong></span> <span class='ocrx_word' id='word_1_291' title='bbox 1138 2010 1200 2056; x_wconf 89' lang='lat' dir='ltr'><strong>qui</strong></span> <span class='ocrx_word' id='word_1_292' title='bbox 1234 2011 1370 2046; x_wconf 79' lang='lat' dir='ltr'><strong>scilicet</strong></span> <span class='ocrx_word' id='word_1_293' title='bbox 1399 2012 1606 2057; x_wconf 87' lang='lat' dir='ltr'><strong>particulae</strong></span> 
     </span>
     <span class='ocr_line' id='line_1_31' title="bbox 169 2058 1607 2112; baseline 0.01 -20"><span class='ocrx_word' id='word_1_294' title='bbox 169 2066 276 2093; x_wconf 89' lang='lat' dir='ltr'><strong>usum</strong></span> <span class='ocrx_word' id='word_1_295' title='bbox 300 2066 375 2093; x_wconf 86' lang='lat' dir='ltr'><strong>non</strong></span> <span class='ocrx_word' id='word_1_296' title='bbox 388 2058 585 2106; x_wconf 60' lang='lat' dir='ltr'><strong>&lt;cognitum</strong></span> <span class='ocrx_word' id='word_1_297' title='bbox 602 2059 804 2105; x_wconf 82' lang='lat' dir='ltr'><strong>haberent3</strong></span> <span class='ocrx_word' id='word_1_298' title='bbox 835 2075 875 2097; x_wconf 86' lang='lat' dir='ltr'><strong>v.</strong></span> <span class='ocrx_word' id='word_1_299' title='bbox 893 2062 942 2097; x_wconf 83' lang='lat' dir='ltr'><strong>ad</strong></span> <span class='ocrx_word' id='word_1_300' title='bbox 955 2059 1040 2109; x_wconf 80' lang='lat' dir='ltr'><strong>lug.</strong></span> <span class='ocrx_word' id='word_1_301' title='bbox 1057 2060 1143 2108; x_wconf 82' lang='lat' dir='ltr'><strong>CII,</strong></span> <span class='ocrx_word' id='word_1_302' title='bbox 1163 2068 1203 2112; x_wconf 77' lang='lat'><strong>9.</strong></span> <span class='ocrx_word' id='word_1_303' title='bbox 1217 2066 1257 2112; x_wconf 77' lang='lat' dir='ltr'><strong>p.</strong></span> <span class='ocrx_word' id='word_1_304' title='bbox 1279 2069 1363 2105; x_wconf 89' lang='lat'><strong>551.</strong></span> <span class='ocrx_word' id='word_1_305' title='bbox 1392 2086 1450 2094; x_wconf 83' lang='lat'>—</span> <span class='ocrx_word' id='word_1_306' title='bbox 1476 2069 1527 2109; x_wconf 60' lang='lat' dir='ltr'><strong>Ar</strong></span> <span class='ocrx_word' id='word_1_307' title='bbox 1542 2071 1607 2106; x_wconf 91' lang='lat' dir='ltr'><strong>ob-</strong></span> 
     </span>
     <span class='ocr_line' id='line_1_32' title="bbox 168 2114 1605 2172; baseline 0.01 -24"><span class='ocrx_word' id='word_1_308' title='bbox 168 2114 366 2149; x_wconf 84' lang='lat' dir='ltr'><strong>iectionem</strong></span> <span class='ocrx_word' id='word_1_309' title='bbox 385 2114 687 2152; x_wconf 86' lang='lat' dir='ltr'><strong>adversariorum</strong></span> <span class='ocrx_word' id='word_1_310' title='bbox 710 2128 733 2153; x_wconf 88' lang='lat' dir='ltr'><strong>a</strong></span> <span class='ocrx_word' id='word_1_311' title='bbox 759 2116 928 2165; x_wconf 88' lang='lat' dir='ltr'><strong>Philippo</strong></span> <span class='ocrx_word' id='word_1_312' title='bbox 949 2118 1074 2156; x_wconf 87' lang='lat' dir='ltr'><strong>fictam</strong></span> <span class='ocrx_word' id='word_1_313' title='bbox 1094 2121 1222 2166; x_wconf 88' lang='lat' dir='ltr'><strong>insert,</strong></span> <span class='ocrx_word' id='word_1_314' title='bbox 1244 2133 1338 2172; x_wconf 81' lang='lat' dir='ltr'><strong>qua,</strong></span> <span class='ocrx_word' id='word_1_315' title='bbox 1367 2125 1455 2172; x_wconf 81' lang='lat' dir='ltr'><strong>lieet</strong></span> <span class='ocrx_word' id='word_1_316' title='bbox 1471 2118 1605 2161; x_wconf 84' lang='lat' dir='ltr'><strong>conce—</strong></span> 
     </span>
     <span class='ocr_line' id='line_1_33' title="bbox 169 2169 1604 2219; baseline 0.01 -15"><span class='ocrx_word' id='word_1_317' title='bbox 169 2169 277 2205; x_wconf 78' lang='lat' dir='ltr'><strong>datur</strong></span> <span class='ocrx_word' id='word_1_318' title='bbox 294 2170 438 2216; x_wconf 74' lang='lat' dir='ltr'><strong>Lepido</strong></span> <span class='ocrx_word' id='word_1_319' title='bbox 456 2171 610 2208; x_wconf 80' lang='lat' dir='ltr'><strong>nimium</strong></span> <span class='ocrx_word' id='word_1_320' title='bbox 628 2173 1007 2219; x_wconf 59' lang='lat' dir='ltr'><strong>suisse2concessum,</strong></span> <span class='ocrx_word' id='word_1_321' title='bbox 1028 2172 1151 2213; x_wconf 81' lang='lat' dir='ltr'><strong>tamen</strong></span> <span class='ocrx_word' id='word_1_322' title='bbox 1165 2189 1251 2215; x_wconf 86' lang='lat' dir='ltr'><strong>eam</strong></span> <span class='ocrx_word' id='word_1_323' title='bbox 1270 2190 1349 2215; x_wconf 83' lang='lat' dir='ltr'><strong>rem</strong></span> <span class='ocrx_word' id='word_1_324' title='bbox 1368 2181 1499 2217; x_wconf 88' lang='lat' dir='ltr'><strong>amicis</strong></span> <span class='ocrx_word' id='word_1_325' title='bbox 1522 2183 1604 2219; x_wconf 85' lang='lat' dir='ltr'><strong>eius</strong></span> 
     </span>
     <span class='ocr_line' id='line_1_34' title="bbox 163 2226 1601 2286; baseline 0.008 -24"><span class='ocrx_word' id='word_1_326' title='bbox 163 2226 324 2272; x_wconf 74' lang='lat' dir='ltr'><strong>‚gratiam</strong></span> <span class='ocrx_word' id='word_1_327' title='bbox 350 2229 546 2273; x_wconf 88' lang='lat' dir='ltr'><strong>peperisse</strong></span> <span class='ocrx_word' id='word_1_328' title='bbox 568 2229 820 2275; x_wconf 83' lang='lat' dir='ltr'><strong>contenditur;</strong></span> <span class='ocrx_word' id='word_1_329' title='bbox 852 2242 890 2266; x_wconf 86' lang='lat' dir='ltr'><strong>v.</strong></span> <span class='ocrx_word' id='word_1_330' title='bbox 912 2231 1032 2272; x_wconf 84' lang='lat' dir='ltr'><strong>Hand.</strong></span> <span class='ocrx_word' id='word_1_331' title='bbox 1054 2232 1103 2268; x_wconf 90' lang='lat' dir='ltr'><strong>de</strong></span> <span class='ocrx_word' id='word_1_332' title='bbox 1122 2235 1279 2271; x_wconf 87' lang='lat' dir='ltr'><strong>Particc.</strong></span> <span class='ocrx_word' id='word_1_333' title='bbox 1302 2237 1383 2272; x_wconf 89' lang='lat' dir='ltr'><strong>Lat.</strong></span> <span class='ocrx_word' id='word_1_334' title='bbox 1405 2238 1491 2273; x_wconf 74' lang='lat' dir='ltr'><strong>Vol.</strong></span> <span class='ocrx_word' id='word_1_335' title='bbox 1511 2239 1540 2274; x_wconf 92' lang='grc' dir='ltr'><strong>Ι.</strong></span> <span class='ocrx_word' id='word_1_336' title='bbox 1562 2251 1601 2286; x_wconf 90' lang='lat' dir='ltr'><strong>p.</strong></span> 
     </span>
     <span class='ocr_line' id='line_1_35' title="bbox 166 2281 1601 2340; baseline 0.008 -23"><span class='ocrx_word' id='word_1_337' title='bbox 166 2285 249 2320; x_wconf 77' lang='lat'><strong>432.</strong></span> <span class='ocrx_word' id='word_1_338' title='bbox 270 2301 326 2307; x_wconf 91' lang='lat'><strong>—</strong></span> <span class='ocrx_word' id='word_1_339' title='bbox 366 2281 634 2331; x_wconf 70' lang='lat' dir='ltr'><strong>Dect-evermu,</strong></span> <span class='ocrx_word' id='word_1_340' title='bbox 668 2286 715 2322; x_wconf 86' lang='lat' dir='ltr'><strong>de</strong></span> <span class='ocrx_word' id='word_1_341' title='bbox 744 2298 817 2333; x_wconf 91' lang='lat' dir='ltr'><strong>quo</strong></span> <span class='ocrx_word' id='word_1_342' title='bbox 839 2288 955 2323; x_wconf 86' lang='lat' dir='ltr'><strong>verbo</strong></span> <span class='ocrx_word' id='word_1_343' title='bbox 967 2291 1013 2325; x_wconf 73' lang='lat' dir='ltr'><strong>‘v.</strong></span> <span class='ocrx_word' id='word_1_344' title='bbox 1034 2289 1085 2325; x_wconf 87' lang='lat' dir='ltr'><strong>ad</strong></span> <span class='ocrx_word' id='word_1_345' title='bbox 1102 2290 1183 2338; x_wconf 87' lang='lat' dir='ltr'><strong>lug.</strong></span> <span class='ocrx_word' id='word_1_346' title='bbox 1205 2303 1238 2327; x_wconf 92' lang='lat' dir='ltr'><strong>c.</strong></span> <span class='ocrx_word' id='word_1_347' title='bbox 1264 2291 1356 2336; x_wconf 89' lang='lat' dir='ltr'><strong>CIV,</strong></span> <span class='ocrx_word' id='word_1_348' title='bbox 1375 2297 1412 2330; x_wconf 83' lang='lat'><strong>2.</strong></span> <span class='ocrx_word' id='word_1_349' title='bbox 1445 2305 1486 2340; x_wconf 82' lang='lat' dir='ltr'><strong>p.</strong></span> <span class='ocrx_word' id='word_1_350' title='bbox 1506 2298 1601 2340; x_wconf 63' lang='lat'><strong>566„</strong></span> 
     </span>
     <span class='ocr_line' id='line_1_36' title="bbox 166 2339 1602 2396; baseline 0.01 -24"><span class='ocrx_word' id='word_1_351' title='bbox 166 2349 235 2384; x_wconf 84' lang='lat' dir='ltr'><strong>per</strong></span> <span class='ocrx_word' id='word_1_352' title='bbox 258 2348 416 2386; x_wconf 83' lang='lat' dir='ltr'><strong>zeugma</strong></span> <span class='ocrx_word' id='word_1_353' title='bbox 437 2339 486 2376; x_wconf 86' lang='lat' dir='ltr'><strong>ad</strong></span> <span class='ocrx_word' id='word_1_354' title='bbox 503 2351 728 2389; x_wconf 84' lang='lat' dir='ltr'><strong>praegressa</strong></span> <span class='ocrx_word' id='word_1_355' title='bbox 751 2343 981 2381; x_wconf 80' lang='lat' dir='ltr'><strong>substantiva</strong></span> <span class='ocrx_word' id='word_1_356' title='bbox 1005 2346 1183 2391; x_wconf 61' lang='lat' dir='ltr'><strong>refertum</strong></span> <span class='ocrx_word' id='word_1_357' title='bbox 1215 2359 1301 2385; x_wconf 85' lang='lat' dir='ltr'><strong>nam</strong></span> <span class='ocrx_word' id='word_1_358' title='bbox 1337 2350 1484 2396; x_wconf 89' lang='lat' dir='ltr'><strong>plenior</strong></span> <span class='ocrx_word' id='word_1_359' title='bbox 1518 2363 1602 2387; x_wconf 90' lang='lat' dir='ltr'><strong>sen-</strong></span> 
     </span>
     <span class='ocr_line' id='line_1_37' title="bbox 168 2393 1600 2452; baseline 0.011 -24"><span class='ocrx_word' id='word_1_360' title='bbox 168 2394 281 2429; x_wconf 82' lang='lat' dir='ltr'><strong>tentia</strong></span> <span class='ocrx_word' id='word_1_361' title='bbox 298 2393 393 2430; x_wconf 83' lang='lat' dir='ltr'><strong>haec</strong></span> <span class='ocrx_word' id='word_1_362' title='bbox 412 2400 492 2431; x_wconf 87' lang='lat' dir='ltr'><strong>est:</strong></span> <span class='ocrx_word' id='word_1_363' title='bbox 522 2398 585 2443; x_wconf 85' lang='lat' dir='ltr'><strong>qui</strong></span> <span class='ocrx_word' id='word_1_364' title='bbox 602 2403 828 2436; x_wconf 70' lang='lat' dir='ltr'><strong>eeiisuermd</strong></span> <span class='ocrx_word' id='word_1_365' title='bbox 842 2401 991 2447; x_wconf 83' lang='lat' dir='ltr'><strong>legatos</strong></span> <span class='ocrx_word' id='word_1_366' title='bbox 1017 2413 1103 2438; x_wconf 82' lang='lat' dir='ltr'><strong>esse</strong></span> <span class='ocrx_word' id='word_1_367' title='bbox 1124 2404 1331 2449; x_wconf 70' lang='lat' dir='ltr'><strong>nuiuendos,</strong></span> <span class='ocrx_word' id='word_1_368' title='bbox 1349 2414 1600 2452; x_wconf 12' lang='lat' dir='ltr'><strong>,pacem-ser-</strong></span> 
     </span>
     <span class='ocr_line' id='line_1_38' title="bbox 165 2449 1599 2511; baseline 0.011 -27"><span class='ocrx_word' id='word_1_369' title='bbox 165 2450 346 2496; x_wconf 79' lang='lat' dir='ltr'><strong>nandum,</strong></span> <span class='ocrx_word' id='word_1_370' title='bbox 380 2451 618 2488; x_wconf 77' lang='lat' dir='ltr'><strong>concordiam</strong></span> <span class='ocrx_word' id='word_1_371' title='bbox 636 2449 844 2492; x_wconf 66' lang='lat' dir='ltr'><strong>meinidam.</strong></span> <span class='ocrx_word' id='word_1_372' title='bbox 863 2476 921 2483; x_wconf 91' lang='grc'><strong>--</strong></span> <span class='ocrx_word' id='word_1_373' title='bbox 947 2451 1131 2505; x_wconf 59' lang='lat' dir='ltr'><strong>‘De-specii</strong></span> <span class='ocrx_word' id='word_1_374' title='bbox 1154 2461 1426 2507; x_wconf 82' lang='lat' dir='ltr'><strong>explicavimus</strong></span> <span class='ocrx_word' id='word_1_375' title='bbox 1446 2462 1497 2498; x_wconf 90' lang='lat' dir='ltr'><strong>ad</strong></span> <span class='ocrx_word' id='word_1_376' title='bbox 1519 2464 1599 2511; x_wconf 82' lang='lat' dir='ltr'><strong>lug.</strong></span> 
     </span>
     <span class='ocr_line' id='line_1_39' title="bbox 165 2506 1597 2566; baseline 0.009 -24"><span class='ocrx_word' id='word_1_377' title='bbox 165 2506 347 2553; x_wconf 84' lang='lat' dir='ltr'><strong>LXXXV,</strong></span> <span class='ocrx_word' id='word_1_378' title='bbox 371 2510 428 2546; x_wconf 87' lang='lat'><strong>19.</strong></span> <span class='ocrx_word' id='word_1_379' title='bbox 455 2519 493 2554; x_wconf 89' lang='lat' dir='ltr'><strong>p.</strong></span> <span class='ocrx_word' id='word_1_380' title='bbox 513 2510 595 2546; x_wconf 68' lang='lat'><strong>454.</strong></span> <span class='ocrx_word' id='word_1_381' title='bbox 626 2529 683 2536; x_wconf 82' lang='lat'>—</span> <span class='ocrx_word' id='word_1_382' title='bbox 719 2512 845 2562; x_wconf 78' lang='lat' dir='ltr'><strong>Verba</strong></span> <span class='ocrx_word' id='word_1_383' title='bbox 872 2517 908 2549; x_wconf 84' lang='lat' dir='ltr'><strong>et</strong></span> <span class='ocrx_word' id='word_1_384' title='bbox 933 2514 1074 2561; x_wconf 73' lang='lat' dir='ltr'><strong>mdiqni</strong></span> <span class='ocrx_word' id='word_1_385' title='bbox 1101 2516 1287 2563; x_wconf 79' lang='lat' dir='ltr'><strong>republica</strong></span> <span class='ocrx_word' id='word_1_386' title='bbox 1314 2517 1525 2555; x_wconf 86' lang='lat' dir='ltr'><strong>Arusianus</strong></span> <span class='ocrx_word' id='word_1_387' title='bbox 1558 2531 1597 2566; x_wconf 89' lang='lat' dir='ltr'><strong>p.</strong></span> 
     </span>
     <span class='ocr_line' id='line_1_40' title="bbox 165 2562 1598 2612; baseline 0.013 -17"><span class='ocrx_word' id='word_1_388' title='bbox 165 2565 247 2601; x_wconf 67' lang='lat'><strong>236.</strong></span> <span class='ocrx_word' id='word_1_389' title='bbox 269 2562 331 2602; x_wconf 82' lang='lat' dir='ltr'><strong>ed.</strong></span> <span class='ocrx_word' id='word_1_390' title='bbox 352 2563 459 2598; x_wconf 91' lang='lat' dir='ltr'><strong>Lind.</strong></span> <span class='ocrx_word' id='word_1_391' title='bbox 481 2575 529 2599; x_wconf 86' lang='lat' dir='ltr'><strong>ex</strong></span> <span class='ocrx_word' id='word_1_392' title='bbox 545 2565 665 2611; x_wconf 86' lang='lat' dir='ltr'><strong>primo</strong></span> <span class='ocrx_word' id='word_1_393' title='bbox 685 2566 926 2605; x_wconf 85' lang='lat' dir='ltr'><strong>Historiarum</strong></span> <span class='ocrx_word' id='word_1_394' title='bbox 950 2570 1044 2606; x_wconf 90' lang='lat' dir='ltr'><strong>libro</strong></span> <span class='ocrx_word' id='word_1_395' title='bbox 1073 2571 1212 2608; x_wconf 89' lang='lat' dir='ltr'><strong>laudat.</strong></span> <span class='ocrx_word' id='word_1_396' title='bbox 1241 2592 1296 2598; x_wconf 89' lang='lat'><strong>-—</strong></span> <span class='ocrx_word' id='word_1_397' title='bbox 1322 2573 1496 2612; x_wconf 86' lang='lat' dir='ltr'><strong>Praedae</strong></span> <span class='ocrx_word' id='word_1_398' title='bbox 1520 2576 1598 2612; x_wconf 86' lang='lat' dir='ltr'><strong>loco</strong></span> 
     </span>
     <span class='ocr_line' id='line_1_41' title="bbox 166 2615 1595 2679; baseline 0.01 -25"><span class='ocrx_word' id='word_1_399' title='bbox 166 2622 417 2656; x_wconf 64' lang='lat' dir='ltr'><strong>manamaur</strong></span> <span class='ocrx_word' id='word_1_400' title='bbox 437 2615 558 2656; x_wconf 79' lang='lat' dir='ltr'><strong>Faber</strong></span> <span class='ocrx_word' id='word_1_401' title='bbox 577 2622 674 2673; x_wconf 81' lang='lat' dir='ltr'><strong>bene</strong></span> <span class='ocrx_word' id='word_1_402' title='bbox 694 2624 749 2660; x_wconf 86' lang='lat' dir='ltr'><strong>sic</strong></span> <span class='ocrx_word' id='word_1_403' title='bbox 768 2625 951 2671; x_wconf 85' lang='lat' dir='ltr'><strong>explicat:</strong></span> <span class='ocrx_word' id='word_1_404' title='bbox 983 2627 1076 2662; x_wconf 84' lang='lat' dir='ltr'><strong>tales</strong></span> <span class='ocrx_word' id='word_1_405' title='bbox 1093 2629 1140 2664; x_wconf 88' lang='lat' dir='ltr'><strong>ab</strong></span> <span class='ocrx_word' id='word_1_406' title='bbox 1166 2639 1212 2664; x_wconf 93' lang='lat' dir='ltr'><strong>eo</strong></span> <span class='ocrx_word' id='word_1_407' title='bbox 1233 2634 1427 2676; x_wconf 84' lang='lat' dir='ltr'><strong>putantur,</strong></span> <span class='ocrx_word' id='word_1_408' title='bbox 1454 2631 1595 2679; x_wconf 71' lang='lat' dir='ltr'><strong>quibus,</strong></span> 
     </span>
     <span class='ocr_line' id='line_1_42' title="bbox 167 2674 1276 2727; baseline 0.011 -18"><span class='ocrx_word' id='word_1_409' title='bbox 167 2674 278 2710; x_wconf 80' lang='lat' dir='ltr'><strong>victis</strong></span> <span class='ocrx_word' id='word_1_410' title='bbox 297 2676 453 2719; x_wconf 85' lang='lat' dir='ltr'><strong>ceteris,</strong></span> <span class='ocrx_word' id='word_1_411' title='bbox 482 2677 679 2714; x_wconf 77' lang='lat' dir='ltr'><strong>certissime</strong></span> <span class='ocrx_word' id='word_1_412' title='bbox 696 2679 859 2727; x_wconf 69' lang='lat' dir='ltr'><strong>impet-et.</strong></span> <span class='ocrx_word' id='word_1_413' title='bbox 879 2701 935 2707; x_wconf 91' lang='lat'><strong>—</strong></span> <span class='ocrx_word' id='word_1_414' title='bbox 963 2680 1062 2727; x_wconf 82' lang='lat' dir='ltr'><strong>Quo,</strong></span> <span class='ocrx_word' id='word_1_415' title='bbox 1086 2696 1141 2719; x_wconf 88' lang='lat' dir='ltr'><strong>sc.</strong></span> <span class='ocrx_word' id='word_1_416' title='bbox 1163 2689 1276 2721; x_wconf 86' lang='lat' dir='ltr'><strong>metu.</strong></span> 
     </span>
    </p>

    <p class='ocr_par' dir='ltr' id='par_1_8' title="bbox 166 2731 1597 2842">
     <span class='ocr_line' id='line_1_43' title="bbox 278 2731 1594 2784; baseline 0.011 -18"><span class='ocrx_word' id='word_1_417' title='bbox 278 2733 314 2773; x_wconf 72' lang='lat' dir='ltr'><strong>S.</strong></span> <span class='ocrx_word' id='word_1_418' title='bbox 333 2733 371 2769; x_wconf 82' lang='lat'><strong>6.</strong></span> <span class='ocrx_word' id='word_1_419' title='bbox 426 2731 864 2784; x_wconf 10' lang='lat' dir='ltr'><strong>Eli-miambconiurare).</strong></span> <span class='ocrx_word' id='word_1_420' title='bbox 920 2737 974 2773; x_wconf 85' lang='lat' dir='ltr'><strong>De</strong></span> <span class='ocrx_word' id='word_1_421' title='bbox 997 2739 1167 2776; x_wconf 87' lang='lat' dir='ltr'><strong>Etruriae</strong></span> <span class='ocrx_word' id='word_1_422' title='bbox 1189 2743 1443 2778; x_wconf 84' lang='lat' dir='ltr'><strong>coniuratione</strong></span> <span class='ocrx_word' id='word_1_423' title='bbox 1477 2756 1515 2779; x_wconf 91' lang='lat' dir='ltr'><strong>v.</strong></span> <span class='ocrx_word' id='word_1_424' title='bbox 1546 2743 1594 2778; x_wconf 90' lang='lat' dir='ltr'><strong>ad</strong></span> 
     </span>
     <span class='ocr_line' id='line_1_44' title="bbox 166 2784 1597 2842; baseline 0.01 -22"><span class='ocrx_word' id='word_1_425' title='bbox 166 2784 313 2833; x_wconf 73' lang='lat' dir='ltr'><strong>Fragm.</strong></span> <span class='ocrx_word' id='word_1_426' title='bbox 335 2786 370 2831; x_wconf 90' lang='lat'><strong>1,</strong></span> <span class='ocrx_word' id='word_1_427' title='bbox 389 2789 447 2825; x_wconf 69' lang='lat'><strong>48.</strong></span> <span class='ocrx_word' id='word_1_428' title='bbox 468 2790 526 2826; x_wconf 71' lang='lat'><strong>49.</strong></span> <span class='ocrx_word' id='word_1_429' title='bbox 546 2808 603 2815; x_wconf 89' lang='lat'><strong>—</strong></span> <span class='ocrx_word' id='word_1_430' title='bbox 629 2789 782 2829; x_wconf 77' lang='lat' dir='ltr'><strong>Accersi</strong></span> <span class='ocrx_word' id='word_1_431' title='bbox 804 2797 861 2828; x_wconf 86' lang='lat' dir='ltr'><strong>est</strong></span> <span class='ocrx_word' id='word_1_432' title='bbox 882 2794 921 2829; x_wconf 91' lang='lat' dir='ltr'><strong>in</strong></span> <span class='ocrx_word' id='word_1_433' title='bbox 940 2794 1024 2830; x_wconf 81' lang='lat' dir='ltr'><strong>Vat.</strong></span> <span class='ocrx_word' id='word_1_434' title='bbox 1054 2799 1089 2834; x_wconf 92' lang='lat'><strong>1.</strong></span> <span class='ocrx_word' id='word_1_435' title='bbox 1110 2799 1144 2833; x_wconf 81' lang='lat'><strong>2.</strong></span> <span class='ocrx_word' id='word_1_436' title='bbox 1162 2799 1222 2842; x_wconf 81' lang='lat'><strong>3.;</strong></span> <span class='ocrx_word' id='word_1_437' title='bbox 1254 2798 1438 2835; x_wconf 85' lang='lat' dir='ltr'><strong>editiones</strong></span> <span class='ocrx_word' id='word_1_438' title='bbox 1459 2798 1597 2838; x_wconf 83' lang='lat' dir='ltr'><strong>babent</strong></span> 
     </span>
    </p>
   </div>
  </div>
 </body>
</html>
