1774 3002
127 171 211 213 228
635 176 675 213 C.
707 175 938 215 SALLUSTI
969 177 1119 216 CRISPI

262 304 331 346 44.
388 301 669 362 [Αηαονεοη,
701 303 868 363 lyricus
890 308 1045 363 poeta,
1080 303 1212 349 Teius
1236 305 1345 364 suit,
1373 307 1400 349 τ’.
1428 302 1496 364 e.]
1522 304 1577 350 ab

127 383 236 428 urbe
273 383 394 440 Teio,
417 400 547 446 quam
579 385 621 429 in
651 385 957 446 Paphlagonia
988 400 1089 431 esse
1112 385 1377 446 [Sallustius
1402 378 1573 440 mdabat,

126 482 253 527 quum
289 469 344 513 de
375 470 461 513 silea
491 467 677 514 Pontico
704 467 939 529 loquitur]

261 554 331 611 45.
387 551 659 597 Proxumum
698 551 962 612 [Sallustius
995 553 1038 597 in
1075 554 1161 598 situ
1191 543 1359 613 Ponti]
1384 553 1439 599 de
1465 568 1578 613 pro-

125 688 215 723 Latt.
241 688 327 722 Vol.
353 688 412 723 lll.
433 699 470 734 p.
493 691 575 726 195.
597 691 631 730 §-
649 691 709 727 27.
767 690 937 724 Pessime
970 689 1081 735 igitur
1113 689 1206 725 haec
1229 690 1430 735 particula,
1463 701 1573 736 quam

107 745 224 780 -Gerl.
251 745 354 780 solus
373 744 507 789 habet,
537 744 626 780 inde
647 755 669 780 a
690 745 868 782 Carrione
896 746 1037 781 omissa
1059 750 1129 781 est.
1188 745 1374 782 Simul‘ex
1394 746 1466 782 hoc
1493 748 1574 782 loco

125 802 378 847 cognoscitur,
406 812 490 837 eam
513 806 704 837 auctorem
726 802 879 838 instituti
903 803 961 837 sui
982 802 1112 837 iniisse
1142 803 1264 848 viam,
1293 807 1332 838 ut
1351 814 1374 839 a
1394 795 1572 850 Bithynia

122 857 308 904 incipiens
329 869 398 904 per
417 858 580 893 relicuas
598 857 777 906 deinceps
802 863 920 894 terras
942 870 985 894 ac
1007 863 1138 905 gentes
1157 863 1344 906 pergeret,
1366 863 1404 894 et
1425 859 1478 894 sie
1501 860 1574 895 cir-

124 914 226 950 cuitu
245 915 350 950 Ponti
373 915 471 950 sacto
494 916 533 950 in
556 925 600 950 ea
621 915 804 952 Thraciae
825 919 942 961 parte,
962 917 1024 951 ubi
1042 915 1264 962 Byzantium
1283 920 1351 960 est,
1369 915 1572 951 desineret.

123 970 227 1006 Hanc
248 971 430 1006 rationem
446 971 609 1007 imitatus
630 977 687 1007 est
704 973 827 1007 Amm.
843 972 1009 1008 Marcell.
1034 971 1146 1017 XXII,
1157 975 1207 1016 8.,
1225 971 1442 1009 Sallustium
1459 977 1570 1018 quum

122 1027 159 1062 in
190 1027 369 1064 universa
396 1027 635 1074 digressione
657 1028 703 1063 de
726 1030 866 1073 Ponto,
890 1032 966 1063 tum
988 1029 1024 1064 in
1047 1028 1258 1064 disserendi
1287 1028 1419 1064 ordine
1445 1032 1571 1075 aperte

123 1088 354 1120 secutus.—
369 1084 473 1128 Quae
494 1085 758 1131 Fragmentum
779 1083 959 1120 claudunt
979 1086 1095 1121 verba
1115 1086 1198 1131 ipsa
1218 1086 1313 1120 enim
1331 1089 1386 1121 est
1407 1086 1572 1120 etmaior

120 1139 287 1188 Phryyia
310 1141 374 1178 vix
392 1145 553 1187 possunt
578 1141 778 1187 explicari,
809 1141 1071 1177 enunciatione
1104 1152 1179 1176 non
1205 1142 1366 1188 amplius
1398 1142 1567 1188 integra;

122 1208 239 1243 quare
268 1198 443 1233 nolumus
471 1201 635 1242 tentare,
665 1209 761 1244 quae
790 1198 927 1234 rectius
957 1199 1068 1244 plane
1096 1208 1170 1233 non
1200 1197 1442 1244 attinguntur.
1481 1196 1570 1233 Ger-

121 1253 266 1291 lachius
295 1254 334 1290 in
361 1257 518 1300 utraque
546 1254 607 1290 ed.
628 1258 664 1289 et
682 1254 841 1298 delevit,
874 1265 947 1300 quo
982 1256 1101 1290 verba
1128 1254 1212 1300 ipsa
1241 1254 1393 1300 quidem
1415 1264 1566 1295 sensum

120 1310 400 1356 quodammodo
430 1311 638 1357 accipiunt,
674 1315 839 1346 ceterum
868 1311 981 1347 nexui
1005 1310 1272 1347 sententiarum
1300 1311 1451 1347 minime
1480 1321 1567 1346 con·

119 1367 266 1403 sulitur.
324 1366 439 1413 Apud
459 1367 645 1403 Isidorum
670 1367 773 1414 Orig.
793 1367 893 1411 XIV,
914 1369 949 1412 3,
969 1370 1028 1406 39.
1051 1368 1157 1403 locus
1179 1367 1234 1403 sic
1253 1371 1395 1403 exstat:
1415 1366 1567 1413 „Prima

118 1424 230 1460 Asiae
246 1424 401 1460 minoris
421 1423 596 1472 Bithynia
618 1423 655 1458 in
677 1424 782 1459 Ponti
803 1423 960 1459 exordio
981 1423 1030 1460 ad
1049 1427 1195 1470 partem
1215 1424 1306 1459 solis
1327 1424 1479 1460 orientis
1503 1423 1568 1459 ad—

120 1490 234 1517 versa
257 1479 440 1517 Thraciae
463 1480 577 1524 iacet,
601 1481 723 1516 multis
741 1474 850 1516 antea
871 1480 1074 1516 nominibus
1093 1481 1296 1527 appellata.
1346 1481 1442 1517 Nam
1461 1480 1566 1527 prius

118 1537 308 1587 Bebrycia
328 1537 439 1581 dicta,
453 1536 591 1573 deinde
607 1536 828 1583 Mygdonia,
846 1548 934 1572 mox
956 1548 978 1572 a
992 1537 1153 1584 Bithyno
1177 1547 1266 1584 rege
1278 1536 1454 1584 Bithynia
1475 1547 1566 1572 nun—

118 1597 265 1640 cupata.
308 1592 401 1640 Ipsa
424 1597 481 1629 est
505 1598 540 1637 ec
556 1594 676 1628 maior
694 1592 898 1640 Phryyia.“

231 1649 292 1685 Fr.
310 1652 375 1687 44.
395 1648 571 1695 [Cort..p.
594 1653 696 1687 1012.
718 1649 816 1694 Gerl.
839 1650 899 1684 ed.
920 1650 1007 1684 mai.
1030 1651 1107 1685 Inc.
1124 1652 1207 1688 217.
1229 1649 1288 1685 ed.
1309 1649 1398 1694 min,
1422 1649 1481 1693 ΙΙΙ,
1503 1650 1562 1686 48.

117 1718 155 1753 p.
180 1709 264 1750 218,
285 1710 343 1744 15.
363 1706 474 1741 Debr.
493 1706 552 1749 ΙΙΙ,
577 1706 675 1750 135.]
707 1706 841 1750 Locus,
864 1717 886 1740 a
907 1706 1093 1752 Porphyr.
1113 1706 1160 1741 ad
1181 1707 1270 1742 Hor.
1288 1705 1359 1741 od.
1382 1706 1406 1750 l,
1429 1707 1485 1749 17,
1507 1707 1566 1742 18.

118 1763 265 1807 allatus,
287 1772 362 1798 non
383 1763 467 1808 ipsa
481 1761 645 1798 Sallustii
666 1763 783 1797 verba
797 1763 963 1808 praebet,
987 1762 1056 1797 sed
1072 1761 1325 1798 tantummodo
1339 1761 1562 1797 documento

119 1823 176 1855 est
195 1823 386 1855 auctorem
407 1819 444 1854 in
466 1819 572 1854 Ponti
594 1817 845 1864 descriptione
872 1818 918 1853 de
938 1819 1196 1864 Paphlagonia
1218 1819 1373 1863 eiusque
1395 1817 1561 1863 regionis

119 1875 270 1913 urbibus
282 1874 448 1911 ‘dixisse
509 1874 622 1921 Apud
642 1874 828 1921 Porphyr.
849 1875 985 1910 vitiose
1007 1880 1064 1910 est
1091 1874 1137 1910 ab
1164 1874 1255 1910 urbe
1290 1873 1418 1916 Teia,
1462 1871 1561 1919 quod

118 1932 372 1976 correximus3
403 1942 487 1967 nam
517 1931 707 1977 antiquum
735 1932 836 1967 urbis
867 1941 1001 1966 nomen
1031 1927 1097 1966 fuit
1119 1923 1239 1979 Τήϊον
1263 1934 1356 1966 teste
1378 1929 1560 1966 Strabone

117 1988 196 2024 XII.
218 2000 255 2034 p.
275 1990 358 2026 818.
385 1987 425 2024 C.
447 1999 482 2034 p.
498 1991 582 2026 820.
610 1987 652 2023 Β.
675 1991 768 2034 etp.
793 1990 876 2025 848.
898 1986 939 2023 C.
959 1987 1106 2031 Almel.,
1128 1998 1196 2032 pro
1217 1998 1295 2033 quo·
1311 1990 1444 2033 postea
1458 1985 1560 2022 Tium

117 2045 179 2080 vel
213 2045 315 2085 Tius,
333 2045 517 2088 obtinuit3=
546 2055 582 2079 v.
603 2043 795 2091 Forbiger.
826 2045 963 2090 Geogr.
997 2044 1110 2090 antiq.
1140 2043 1224 2078 Vol.
1243 2043 1345 2089 11.‘p.
1364 2045 1448 2080 392.
1505 2042 1561 2077 Ex

120 2100 253 2137 iisdem
277 2101 313 2135 ll.
336 2102 374 2136 ll.
407 2101 624 2147 intelligitur
645 2100 775 2136 Teium
799 2101 834 2135 in
856 2100 1033 2146 Bithynia
1052 2100 1190 2146 potius,
1213 2103 1323 2146 quam
1344 2100 1381 2134 in
1401 2097 1560 2144 Paphla-

118 2157 231 2203 gonia
256 2157 366 2192 situm
386 2158 527 2202 fuisse;
550 2156 620 2192 sed
639 2167 753 2202 quum
773 2156 876 2192 haud
895 2157 1027 2202 procul
1048 2157 1094 2191 ab
1115 2152 1226 2191 huius
1246 2155 1381 2191 finibus
1398 2156 1559 2198 abesset,

118 2213 181 2251 alii
205 2212 379 2253 videntur
399 2213 681 2259 Paphlagoniae
704 2213 930 2248 attribuisse.
985 2211 1074 2247 Cum
1099 2211 1274 2248 Sallustio
1296 2215 1395 2246 certe
1419 2210 1506 2246 facit
1525 2214 1561 2244 et

117 2270 247 2315 Pomp.
271 2269 370 2304 Mela
390 2270 416 2312 Ι,
440 2272 496 2312 19,
509 2272 543 2307 8.
564 2264 571 2268 ”
591 2269 683 2305 Tum
708 2269 815 2304 Tios
840 2268 1024 2315 oppidum,
1047 2267 1272 2304 Milesiorum
1295 2267 1478 2315 quondam
1499 2277 1560 2302 co·

117 2327 234 2371 Ionia,
265 2325 350 2360 sed
375 2326 462 2360 iam
493 2325 585 2360 soli
611 2325 860 2371 qenaisque
887 2324 1268 2371 Paphlayonum3
1308 2328 1344 2359 et
1372 2323 1558 2359 Aminian.

56 2377 59 2381 ’
117 2382 234 2418 Marc.
255 2380 368 2426 XXII,
388 2383 422 2419 8.
469 2380 558 2416 Post
577 2380 774 2426 Bithyniae
785 2385 935 2426 partem
947 2382 1164 2426 prmn'na'ae
1184 2381 1323 2417 Pontus
1341 2383 1377 2415 et
1394 2378 1566 2426 Paphla--

113 2440 223 2485 yonia
232 2437 517 2484 protenduntur,
540 2438 578 2472 in
607 2436 735 2483 quibus
752 2454 809 2462 —-
829 2440 864 2472 et
882 2437 934 2472 Ti
941 2446 991 2472 us
1011 2441 1045 2472 et
1063 2437 1254 2473 Amastris.
1293 2438 1451 2472 Prorsus
1471 2434 1575 2470 ridi·'

117 2495 223 2530 culus
247 2504 339 2530 vero
353 2492 747 2539 errorPorphyrionis,
772 2493 834 2539 qui
855 2493 978 2529 Teium
995 2504 1078 2529 eum
1102 2493 1184 2538 Teo,
1202 2494 1328 2529 Ioniae
1342 2493 1444 2536 urbe,
1455 2489 1559 2526 unde

115 2550 318 2586 Anacreon
337 2549 520 2586 oriundus
543 2548 625 2593 suit,
657 2548 914 2593 confundens,
944 2548 1229 2586 celeberrimum
1248 2549 1390 2585 Ionium
1413 2549 1572 2594 poetam>

117 2606 400 2657 Paphlagonem
421 2605 564 2642 fecerit.

228 2662 286 2697 Fr.
306 2665 375 2699 45.
398 2661 510 2706 [Cort.
531 2672 569 2708 p.
591 2664 694 2700 1011.
723 2661 821 2697 Gerl.
845 2660 905 2696 ed.
929 2662 1015 2698 mai.
1038 2661 1118 2696 Inc-
1139 2667 1219 2701 215.
1241 2661 1301 2697 ed.
1323 2662 1410 2697 min.
1416 2660 1490 2707 111,
1499 2664 1557 2700 46.

116 2730 154 2764 p.
177 2719 258 2762 218,
278 2720 312 2755 8
337 2717 528 2762 Debr.111,
554 2718 651 2762 121.]
680 2717 946 2763 Fragmentum
966 2717 1051 2760 hoc,
1075 2729 1096 2754 a
1116 2719 1236 2754 Nonio
1254 2717 1333 2761 XII,
1353 2720 1410 2754 24.
1427 2728 1466 2764 p
1477 2721 1558 2761 524,

115 2778 148 2811 4.
174 2773 288 2810 Mero.
314 2771 516 2816 laudatum,
549 2772 721 2810 eiusdem
741 2776 798 2809 est
816 2774 968 2819 generis
994 2782 1038 2808 ac
1060 2772 1144 2818 loci,
1175 2777 1284 2820 atque
1311 2771 1571 2819 praecedens-⁷
