1774 3002
124 145 207 187 140
527 132 529 134 “
598 149 638 185 c,
673 148 904 188 SALLUSTI
934 149 1085 189 crustu

120 272 270 318 talium
300 271 430 318 etiam
457 288 621 318 morem
650 274 884 330 curabant,
918 275 1141 320 exornatis
1165 269 1347 322 aedibus
1373 291 1453 336 per
1482 293 1567 322 au-

121 355 218 400 laea
248 358 290 401 et
313 355 465 416 signa,
497 357 730 418 scenisque
758 358 812 403 ad
845 359 1181 422 ostentationem
1210 359 1470 406 histrionum
1494 361 1568 406 fa-

121 439 318 498 bricatis,
350 439 479 485 simul
512 455 642 486 croco
683 456 841 501 sparsa
875 442 1056 498 humuS,
1095 444 1138 488 et
1173 441 1279 497 alia,
1313 442 1356 489 in
1390 443 1567 491 modum

119 602 298 648 probatur
325 601 536 637 testimonio
557 602 670 638 Probi
689 602 804 638 Instit.
830 602 990 639 Gramm.
1006 601 1055 646 ΙΙ,
1079 606 1118 647 1,
1142 605 1201 639 41.
1221 613 1260 648 p.
1280 605 1360 642 131.
1420 603 1569 649 „secus

123 658 217 694 duas
239 668 299 692 res
323 656 529 703 significat,
554 658 773 694 adverbium
797 657 1018 705 separandi,
1040 663 1075 693 et
1097 669 1251 702 sexum3
1275 658 1567 696 Sallustius:

120 715 224 751 virile
246 723 292 749 ac
310 713 484 749 muliebre
502 715 650 750 seeus.“
681 716 729 751 cs.
742 713 886 751 Charis.
912 715 940 750 Ι.
961 717 1018 759 16,
1030 717 1089 753 49.
1113 716 1220 760 p.44.
1244 715 1413 753 Lindem.
1436 719 1492 763 (p.
1510 719 1567 755 61.

120 770 293 814 Putsch.)
325 769 468 815 „Secus
487 772 607 806 neutri
630 771 782 818 generis
808 775 865 807 est
885 770 1033 816 nomen,
1055 774 1092 805 ut
1119 773 1155 805 et
1176 769 1446 808 Sallustius
1467 773 1571 809 virile

118 836 226 864 secus
264 826 373 870 dicit,
404 826 478 862 hoc
510 831 568 863 est
594 829 710 864 virilis
736 837 869 873 sea-us,
901 827 1003 874 quod
1031 838 1100 874 per
1130 837 1261 863 omnes
1283 838 1394 865 casus
1425 829 1571 876 integra

120 884 242 920 forma
282 883 530 918 declinatur.“
590 881 779 928 Quod'ad
805 896 913 920 usum
945 883 1051 920 vocis
1090 883 1235 929 attinet,
1267 882 1460 922 Charisius
1488 886 1511 921 l.
1544 887 1569 921 l.

120 940 259 988 pariter
290 944 400 987 atque
429 938 642 987 Gronovius
672 941 721 977 ad
741 941 823 977 Liv.
843 939 985 985 XXVI,
1011 942 1075 984 47,
1118 944 1148 978 1.
1180 943 1216 975 et
1238 938 1383 978 Cortius
1413 942 1462 978 ad
1481 941 1521 977 h.
1547 943 1570 978 l.

122 997 202 1033 eius
233 996 416 1032 rationem
436 1007 511 1031 non
536 1002 831 1043 perspexerunt,
864 1007 1021 1043 quorum
1047 997 1243 1043 opiniones
1272 998 1367 1033 bene
1397 999 1571 1034 refutavit

119 1051 452 1089 Drakenborchius
474 1052 524 1088 ad
545 1053 639 1090 Livii
663 1056 687 1090 l.
708 1055 732 1090 l.
754 1055 936 1090 Nimirum
957 1062 1062 1088 secus
1089 1064 1186 1097 vox,
1218 1063 1328 1099 quarn
1359 1054 1410 1090 illi
1433 1055 1494 1090 vel
1516 1055 1570 1090 in-

121 1109 384 1146 declinabilem
413 1119 521 1154 esse,
556 1111 618 1146 vel
644 1111 800 1157 genitivi
832 1114 894 1146 aut
924 1109 1076 1145 ablativi
1106 1113 1328 1155 potestatem
1351 1110 1490 1146 habere
1515 1111 1569 1147 di-

118 1169 226 1213 cunt,
248 1176 324 1201 non
344 1166 417 1201 nisi
438 1176 522 1201 eum
543 1166 741 1203 adiectivis
760 1167 862 1203 virile
880 1169 915 1202 et
938 1165 1110 1202 muliebre
1130 1165 1327 1201 coniuncta
1351 1168 1567 1203 accusativo

119 1226 261 1258 tantum
283 1233 375 1259 casu
394 1223 565 1269 ponitur,
600 1224 707 1260 cuius
725 1234 771 1259 ea
792 1224 851 1259 vis
871 1227 946 1266 est,
976 1226 1014 1257 ut
1040 1221 1276 1268 praecedens
1302 1233 1439 1259 nomen
1459 1234 1569 1260 accu-

121 1280 237 1316 ratius
274 1278 449 1324 definiat3
489 1279 534 1314 cs.
565 1278 676 1315 Conr.
704 1281 819 1326 Leop.
857 1278 1078 1316 Schneideri
1106 1278 1270 1314 Gramm.
1299 1279 1377 1314 Lat.
1414 1279 1500 1315 Vol.
1522 1280 1569 1315 II.

120 1336 161 1372 P.
188 1335 218 1371 Ι.
255 1347 290 1382 p.
312 1337 396 1374 462.
454 1335 637 1382 Kruegeri
660 1336 821 1373 Gramm.
844 1337 905 1371 lat.
930 1338 963 1377 §.
985 1337 1069 1373 323.
1102 1339 1177 1373 not.
1198 1338 1231 1373 3.
1254 1346 1290 1381 p.
1313 1337 1393 1373 428.
1453 1335 1568 1372 Tacit.

121 1391 269 1427 Annall.
288 1392 352 1435 IV,
375 1395 440 1436 62,
471 1395 507 1429 2.
566 1391 766 1439 Affluxere
790 1392 890 1428 avidi
911 1392 1036 1427 talium
1056 1387 1286 1438 imperitante
1310 1391 1453 1428 Tiberio
1471 1403 1567 1440 pro-

120 1448 434 1496 culvoluptatibus
452 1447 567 1484 habiti
585 1450 728 1485 virile
746 1459 803 1484 ae
821 1448 1048 1484 muliebre
1066 1457 1222 1494 secus,
1246 1449 1362 1484 omnis
1376 1453 1494 1484 aetas.
1513 1468 1569 1482 —.

130 1504 324 1542 Visebatur
351 1504 572 1540 Gerlachius
597 1505 682 1541 Vol.
708 1506 775 1550 111,
806 1516 843 1551 p.
865 1507 923 1542 81.
945 1504 1112 1551 pessime
1137 1505 1395 1550 interpretatur
1419 1504 1570 1541 honnus

121 1564 156 1597 et
176 1560 294 1608 officii
320 1570 454 1597 caussa
473 1561 717 1607 adibatur,
747 1572 961 1608 provocans
987 1560 1036 1597 ad
1055 1561 1188 1596 Donati
1210 1560 1476 1605 auctoritatem,
1506 1561 1568 1607 qui

121 1616 171 1653 ad
193 1617 342 1653 Terent.
361 1617 500 1664 Hecyr.
520 1617 556 1660 Ι,
577 1621 620 1662 2,
644 1621 727 1657 113.
747 1617 856 1653 docet
875 1619 994 1653 visere
1016 1616 1130 1652 officii
1153 1628 1251 1653 esse.
1311 1617 1420 1661 Quod
1442 1620 1482 1653 ut
1500 1628 1568 1664 per

123 1685 166 1711 se
185 1684 318 1710 verum
340 1677 416 1717 est,
447 1674 497 1708 ita
517 1674 667 1709 minime
690 1675 865 1710 convenit
892 1684 975 1708 cum
1003 1672 1168 1709 Sallustii
1194 1673 1322 1709 verbis
1341 1672 1568 1710 anteceden-

123 1730 243 1774 tibus3
278 1739 366 1765 nam
387 1729 575 1776 quomodo
601 1730 772 1766 Metellus
803 1729 918 1765 officii
951 1739 1089 1764 caussa
1112 1739 1203 1775 per
1231 1730 1334 1764 vias
1360 1739 1414 1764 ac
1443 1732 1567 1764 tecta

122 1788 324 1823 omnium
343 1786 444 1822 adiri
459 1786 636 1833 potuerit,
656 1790 806 1832 praeter
829 1785 1064 1822 Gerlachium
1087 1786 1150 1822 vix
1170 1785 1366 1831 quisquam
1388 1796 1567 1832 assequa-

123 1847 192 1879 tur.
251 1843 378 1878 Verba
397 1842 498 1878 hunc
513 1853 672 1878 sensum
699 1843 858 1883 habent:
881 1853 993 1888 quum
1013 1841 1183 1877 Metellus
1208 1841 1245 1876 in
1269 1841 1482 1877 ulteriorem
1505 1841 1566 1877 Hi-

124 1888 300 1946 spaniam·
316 1898 592 1945 regrederetur,
614 1899 777 1946 undique
800 1897 1058 1942 confluebant,
1084 1898 1146 1944 qui
1165 1907 1246 1934 eum
1272 1897 1482 1934 redeuntem
1501 1899 1564 1934 vel

123 1956 158 1991 in
180 1956 244 1992 via
263 1956 326 1991 vel
349 1966 396 1990 ex
421 1954 578 1991 aedibus
595 1959 815 2002 spectarent,
834 1954 967 1992 honori
986 1954 1067 1990 eius
1095 1954 1167 1989 hoc
1182 1954 1398 1990 tribuentes.

235 2015 268 2055 §-
293 2015 337 2049 2.·
384 2011 495 2047 Eum
529 2016 703 2058 quaestor
729 2031 784 2038 —
812 2021 946 2058 quum
984 2010 1037 2046 ad
1058 2019 1209 2046 coenam
1246 2010 1565 2055 invitassent)

122 2069 163 2104 In
197 2068 369 2104 omnibus
391 2066 570 2103 Sallustii·
589 2068 678 2104 edd.
699 2068 794 2105 haec
823 2068 873 2103 ita
898 2068 1091 2114 leguntur:
1129 2077 1264 2114 quum
1302 2069 1474 2113 quaestor
1510 2086 1566 2091 —

121 2135 217 2161 eum
260 2124 312 2159 ad
349 2133 501 2160 coenam
532 2125 873 2162 invitaverant.
942 2122 1020 2160 Sed
1050 2121 1294 2175 quumxapud
1321 2122 1565 2166 Macrobium,

122 2181 271 2216 unicum
291 2179 404 2216 huius
423 2180 636 2227 Fragmenti
668 2182 826 2224 sontem,
858 2181 973 2216 verba
1002 2179 1052 2214 ita
1073 2182 1237 2222 exstent,
1267 2182 1305 2214 ut
1332 2180 1371 2215 in
1391 2182 1566 2226 contextu

123 2236 402 2284 expressimus,
440 2237 486 2271 ab
517 2235 591 2276 hac
614 2238 798 2284 scriptura
830 2240 905 2272 tum
930 2238 1082 2282 propter
1106 2238 1295 2270 externam
1322 2230 1458 2279 fidem,
1490 2238 1565 2270 tum

123 2293 210 2340 quia
229 2292 380 2339 linguae
399 2302 472 2327 usu
491 2293 612 2338 magis
635 2291 929 2335 commendatur,
956 2301 1031 2326 non
1050 2290 1304 2327 recedendum
1327 2291 1563 2338 putavimus;

122 2360 209 2385 nam
239 2352 279 2384 ut
305 2348 471 2384 insolens
502 2351 559 2383 est
585 2349 703 2384 oratio
738 2359 759 2384 a
794 2358 904 2394 quum
939 2347 1120 2393 incipiens
1149 2347 1444 2385 demonstrativo
1480 2348 1565 2383 sub-

79 2397 81 2400 ’
123 2409 326 2453 sequente,
368 2405 418 2440 ita
445 2405 599 2441 inversa
620 2405 713 2440 ratio
745 2403 856 2450 longe
884 2406 941 2438 est
970 2403 1160 2439 tritissima
1194 2407 1230 2439 et
1255 2403 1305 2440 ad
1342 2402 1563 2439 nectendam

123 2462 329 2498 orationem
351 2461 561 2508 aptissima.
581 2479 639 2486 ·—
665 2462 736 2496 Pro
757 2461 969 2496 invitassent
988 2470 1119 2496 omnes
1143 2458 1310 2497 Sallustii
1332 2459 1419 2495 edd.
1438 2461 1564 2495 tenent

120 2519 373 2563 invitaverant,
393 2517 494 2564 quod
510 2527 578 2564 per
601 2527 642 2553 se
662 2528 737 2553 non
753 2520 810 2552 est
822 2515 1097 2561 damnandum3
1120 2516 1189 2552 sed
1211 2516 1468 2552 coniunctivus
1490 2526 1564 2550 non

122 2575 245 2612 solum
264 2573 445 2609 Macrobii
475 2572 669 2610 codicibus
696 2575 942 2615 sustentatur,
988 2571 1055 2607 sed
1083 2572 1193 2608 etiam
1222 2576 1375 2619 propter
1401 2581 1561 2607 caussae
1583 2598 1585 2600 .

123 2630 311 2667 notionem
341 2640 426 2665 cum
450 2629 684 2667 condicionis
716 2629 753 2665 vi
783 2627 1059 2675 quodammodo
1101 2628 1335 2667 coniunctam
1363 2626 1451 2663 huic
1479 2627 1562 2662 loco

124 2687 257 2723 melius
279 2686 474 2729 convenit;
508 2687 555 2721 cs.
579 2687 661 2723 Liv.
683 2685 735 2730 II,
755 2686 815 2729 27,
835 2687 872 2722 8.
905 2684 1112 2730 Desperato
1141 2684 1327 2720 consulum
1345 2685 1564 2730 senatusque

124 2743 283 2788 auxilio,
319 2754 450 2789 quum
480 2743 517 2777 in
547 2744 602 2778 ius
636 2743 723 2779 duci
747 2741 940 2778 debitorem
974 2739 1225 2785 vidissent,
1263 2739 1422 2786 undique
1450 2749 1562 2775 eon-
