1774 3002
156 149 239 191 208
412 141 414 146 ’
637 153 677 190 o.
712 154 942 194 sALLus‘n
974 155 1126 195 CRISPI

292 282 332 322 9.
391 277 452 323 llli
479 278 607 323 tertio
627 293 777 325 mense
803 295 1045 340 pervenere
1072 280 1115 325 in
1142 280 1331 326 Pontum
1357 282 1493 328 multo
1523 297 1604 328 ce—

153 358 290 406 lerius
321 375 400 420 spe
428 361 697 409 Mithridatis.

292 448 358 490 10.
418 444 580 506 Ingens
616 446 711 507 ipse
741 446 899 493 virium
923 450 1054 509 atque
1085 448 1227 494 animi.

294 530 360 572 11.
419 527 556 590 Equis
586 532 628 575 et
658 531 790 577 armis
827 531 1060 578 decoribus
1089 533 1247 602 cultus.

152 655 296 713 τῶριον
321 659 514 728 {basum-ev·
549 658 568 704 ὃ
591 662 634 704 δὲ
657 670 727 714 (sc.
750 669 958 715 Sertorius)
978 660 1069 714 τοὺς
1087 664 1267 720 πρέσβεις
1295 663 1341 713 ἐς
1366 657 1459 718 τὴν
1488 662 1598 704 ἑαυ-

152 719 241 756 τοῦ
275 714 557 771 σύγκλητον
585 735 891 776 παραγαγων
924 747 973 754 -
1010 723 1233 763 συνετίθετο
1259 724 1315 776 τῷ
1338 716 1595 776 Μυθριδᾶτῃ.

151 776 253 812 Haec
278 789 501 826 quamquam
534 782 571 816 in
600 783 817 818 universum
849 783 939 819 satis
960 784 1072 831 plana
1101 787 1206 827 sunt,
1239 782 1387 829 singula
1409 785 1533 817 tamen
1559 780 1597 815 in

151 834 308 880 abrupta
337 837 520 873 sententia
550 839 775 875 obscuritate
804 841 986 877 laborant.
1035 839 1255 876 Coniectura
1285 838 1317 875 si
1337 837 1427 885 quid
1453 841 1596 873 tentan-

151 888 239 925 dum
267 895 343 936 est,
380 892 578 931 Sallustius
609 895 681 931 hoc
712 896 860 932 videtur
891 907 1086 942 narrasse,
1120 895 1274 932 Sertorii
1307 899 1499 942 senatum,
1535 905 1596 930 ac-

151 951 260 993 cepto
282 950 417 985 nuncio
439 951 584 997 legatos
607 951 829 988 Mithridatis
853 954 1075 997 advenisse,
1095 953 1232 988 diutius
1254 953 1326 988 illis
1347 951 1591 995 morantibus,

152 1014 298 1040 summa
319 1016 387 1042 eos
416 1018 505 1043 cura
525 1010 690 1055 perquiri
714 1009 893 1055 iussisse,
925 1012 1066 1054 missis,
1097 1010 1157 1056 qui
1180 1020 1248 1056 per
1269 1019 1370 1044 mare
1392 1008 1514 1055 portui
1539 1007 1594 1042 vi-

149 1060 274 1095 cinum
302 1063 427 1099 onmia
457 1066 741 1110 specularentur
771 1071 805 1101 et
833 1068 1073 1114 vestigarent.
1119 1067 1221 1110 Quae
1249 1069 1454 1112 sequuntur
1477 1065 1590 1100 verba

147 1127 258 1162 quum
271 1128 346 1165 per
362 1124 412 1155 tot
432 1121 596 1168 scaphas
619 1143 674 1147 —
693 1124 889 1168 miserant,
925 1122 1028 1159 haud
1059 1122 1169 1158 dubie
1199 1132 1375 1158 caussam
1403 1120 1591 1156 continent

147 1177 222 1209 tam
244 1174 449 1212 industriae
469 1179 822 1226 pervestigationis3
854 1191 968 1225 quare
994 1190 1088 1225 quae
1118 1178 1271 1223 desunt,
1313 1178 1366 1214 sic
1396 1178 1473 1213 sere
1502 1187 1590 1223 sup-

145 1230 286 1276 plenda
308 1232 502 1269 vIdentur:
534 1246 673 1282 „quum
693 1247 761 1282 per
782 1240 834 1271 tot
853 1236 1031 1283 scaphas,
1055 1246 1147 1282 quas
1167 1235 1216 1271 ad
1237 1235 1334 1270 ostia
1352 1245 1437 1270 cum
1457 1233 1588 1280 paucis

144 1285 231 1323 fidis
252 1294 508 1334 percontatum
531 1292 728 1337 miserant,
759 1293 813 1328 illi
831 1303 1011 1339 nusquam
1037 1294 1105 1328 visi
1131 1297 1165 1327 et
1190 1292 1327 1327 invenci
1352 1290 1507 1327 essent.“
1537 1309 1585 1315 -

147 1342 246 1379 Ostia
277 1350 406 1382 contra
439 1348 750 1384 consuetudinem
782 1349 918 1395 plurali
951 1350 1089 1385 dictum
1119 1359 1187 1395 pro
1219 1349 1386 1388 ostium.
1409 1348 1454 1382 cf.
1483 1347 1587 1393 Virg.

142 1400 238 1436 Aen.
260 1401 287 1448 1,
305 1404 388 1440 400.
415 1403 533 1440 Haud
557 1406 665 1441 aliter
687 1415 908 1453 puppesque
931 1409 1014 1442 tuae
1033 1405 1222 1452 pubesque
1240 1408 1386 1440 tuorum
1408 1404 1481 1440 Aut
1496 1414 1588 1450 por-

143 1460 217 1493 tum
240 1462 352 1503 tenet,
382 1464 448 1496 aut
466 1462 579 1507 pleno
604 1462 700 1498 subit
722 1464 844 1498 ostia
874 1464 964 1499 velo.
993 1482 1049 1487 —-
1078 1456 1340 1498 Percontatum
1365 1459 1585 1507 scripsimus

141 1524 210 1559 pro
223 1520 527 1562 percunctatum,
556 1518 657 1565 quod
678 1519 716 1554 in
737 1518 827 1554 edd.
847 1524 923 1564 est;
954 1531 991 1556 v.
1015 1518 1064 1555 ad
1085 1516 1190 1554 Catil.
1213 1529 1245 1555 c.
1265 1517 1340 1563 XL,
1357 1521 1394 1555 2.
1418 1535 1476 1543 -ν
1511 1515 1584 1552 Μί-

139 1575 271 1606 8erant
295 1583 363 1618 per
395 1574 551 1620 synesin
581 1575 735 1611 refertur
764 1575 814 1611 ad
839 1579 1010 1616 senatus,·
1045 1575 1094 1612 cf.
1127 1574 1176 1610 ad
1201 1574 1280 1621 lug.
1299 1573 1383 1619 XV,
1405 1577 1439 1612 1.
1468 1584 1506 1620 p
1525 1575 1583 1612 93.

139 1625 360 1674 Iuyurtham
387 1641 411 1665 α
432 1636 602 1667 senatu
622 1636 772 1679 petere,
800 1641 905 1669 nese
931 1633 1043 1668 alium
1062 1635 1323 1701 putarent,
1350 1629 1583 1667 acNuman-

138 1684 211 1719 tiae
231 1686 396 1732 coquitur·
414 1690 517 1722 esset.
564 1688 614 1724 ib.
634 1687 800 1733 XXVIII,
822 1692 857 1725 2.

249 1741 310 1777 Fr.
338 1745 372 1780 9.
419 1742 535 1787 [Cort.
556 1755 594 1791 p.
617 1746 698 1783 998.
727 1744 825 1780 Gerl.
847 1743 909 1779 ed.
940 1743 1028 1779 mai.
1055 1743 1134 1779 Inc.
1161 1745 1207 1780 4..
1233 1742 1295 1780 ed.
1324 1742 1412 1777 min.
1439 1741 1500 1785 ΙΙΙ,
1522 1744 1580 1780 80.

136 1808 174 1843 p-
195 1800 276 1843 223,
300 1796 356 1838 18.
376 1799 487 1836 Debr.
511 1801 571 1845 III,
592 1800 686 1850 116.]
739 1801 867 1837 Verba
892 1800 973 1836 sine
1005 1799 1088 1835 libri
1109 1799 1247 1834 indicio
1276 1800 1448 1845 leguntur
1479 1797 1581 1844 apud

136 1854 250 1891 Arus.
272 1867 311 1892 v.
331 1857 455 1901 cicius,
486 1868 525 1903 p.
545 1861 628 1895 221.
650 1857 710 1893 ed.
731 1857 838 1893 Lind.
877 1857 949 1892 Pro
971 1856 1025 1892 illi
1045 1856 1084 1891 in
1103 1855 1188 1892 cod.
1209 1855 1390 1891 Ambr.et
1407 1853 1504 1890 Gud.
1524 1858 1581 1889 est

134 1911 215 1957 illo,
244 1912 347 1959 quod
375 1912 540 1950 editores
569 1913 710 1950 dudum
738 1917 994 1950 correxerunt.
1042 1912 1277 1959 Quamquam
1299 1911 1481 1947 incertum
1510 1914 1579 1954 est,

137 1966 184 2003 de
208 1969 342 2014 quibus
372 1974 502 2006 auctor
528 1972 720 2018 loquatur,
749 1969 853 2007 haud
877 1968 1114 2006 incommode
1136 1973 1259 2005 tamen
1281 1967 1437 2015 cogitari
1456 1970 1580 2013 potest

136 2023 183 2059 de
205 2025 327 2061 reditu
356 2027 564 2074 legatorum
586 2027 811 2067 Mithridatis
831 2026 881 2062 ad
905 2025 1111 2063 Sertorium
1133 2024 1322 2062 societatis
1344 2023 1430 2060 belli
1449 2023 1578 2059 ineun-

135 2079 206 2116 dae
222 2092 359 2119 caussa
371 2084 590 2129 missorum3
612 2097 650 2120 v.
666 2084 727 2120 Fr.
748 2082 925 2130 praeced.
950 2081 1015 2118 Illi
1027 2082 1138 2130 igitur
1158 2085 1243 2118 sunt
1264 2080 1378 2128 legati
1398 2080 1472 2127 ipsi
1491 2090 1576 2116 cum

134 2137 184 2172 M.
206 2138 345 2185 Mario,
373 2151 484 2186 quem
516 2139 702 2177 Sertorius
731 2141 811 2187 regi
847 2139 1005 2186 peritum
1034 2138 1121 2174 belli
1152 2137 1286 2174 ducem
1314 2137 1488 2181 miserat3
1526 2136 1576 2171 cf.

133 2194 319 2231 Plutarch.
342 2196 379 2231 in
401 2197 540 2232 Lucull.
562 2208 596 2232 c.
616 2201 659 2241 8,
690 2196 789 2232 med.
823 2207 857 2232 c.
879 2198 942 2241 12,
963 2199 1080 2239 extr.;
1116 2195 1154 2230 in
1176 2194 1315 2232 Sertor.
1337 2204 1371 2229 c.
1389 2195 1453 2235 24,
1474 2191 1574 2228 med.

132 2250 241 2287 Oros.
262 2251 325 2296 VI,
346 2256 381 2296 2,
402 2252 504 2288 med.
524 2253 687 2300 Appian.
709 2252 832 2288 Mithr.
851 2263 885 2288 c.
905 2254 964 2296 68,
985 2251 1047 2298 qui
1067 2251 1162 2287 salso
1184 2261 1269 2286 eum
1292 2241 1471 2299 Μάρκον
1493 2240 1572 2285 Οὗ-

131 2300 249 2358 ἄριον
264 2309 443 2344 nominat.
460 2309 699 2353 Debrossius,
721 2320 831 2356 quem
854 2306 1124 2354 sequituchrl.
1144 2307 1206 2343 ΠΙ
1226 2318 1264 2354 p.
1287 2307 1367 2344 117.
1389 2306 1505 2341 verba
1522 2304 1573 2340 de

65 2374 68 2378 ’
132 2365 284 2401 Lucullo
304 2365 493 2413 intelligit,
516 2377 599 2402 cum
622 2367 787 2401 exercitu
811 2366 848 2400 in
869 2365 1024 2399 Pontum
1043 2364 1329 2411 progrediente,
1345 2362 1405 2398 cui
1426 2365 1574 2398 senten-

132 2422 204 2457 tiae
224 2422 279 2458 illi
292 2422 447 2469 pluralis
467 2425 503 2457 et
522 2426 725 2457 memorata
745 2420 967 2457 Mithridatis
991 2430 1077 2467 spes
1100 2431 1256 2467 prorsus
1277 2420 1412 2455 obstat.

244 2479 306 2514 Fr.
327 2483 384 2517 10.
429 2475 546 2526 [Cort.
575 2489 611 2524 p.
633 2480 716 2516 978.
752 2477 851 2514 Gerl.
874 2476 936 2512 ed.
958 2478 1045 2512 mai.
1066 2477 1124 2521 111,
1144 2480 1202 2515 28.
1232 2475 1292 2511 ed.
1317 2475 1407 2511 min.
1427 2474 1486 2518 111,
1510 2475 1568 2512 89.

128 2545 167 2582 p.
189 2539 270 2581 224,
289 2539 324 2575 3.
355 2535 466 2572 Debr.
486 2533 530 2579 ΙΙ,
554 2534 628 2579 52]
666 2536 779 2569 Arus.
809 2544 847 2569 v.
866 2534 1003 2581 inqens.
1031 2544 1070 2579 p.
1085 2535 1167 2572 236.
1190 2531 1299 2568 Lind.
1353 2531 1407 2566 De
1426 2528 1567 2566 Mithri-

129 2591 215 2628 date
242 2591 337 2628 haec
369 2592 469 2627 dicta
498 2601 584 2627 esse
615 2590 682 2627 vix
711 2589 878 2626 dubitare
912 2590 998 2626 sinit
1027 2589 1108 2626 libri
1139 2589 1205 2633 ΙΙΙ,
1246 2587 1344 2624 unde
1373 2586 1568 2632 desumpta

130 2651 234 2693 sunt,
262 2647 578 2684 commemoratio.
619 2645 769 2683 Scilicet
789 2646 964 2681 videntur
984 2647 1099 2681 verba
1123 2646 1239 2681 fuisse
1261 2645 1296 2679 in
1317 2641 1567 2688 descriptione

129 2708 332 2751 apparatus
357 2704 503 2747 bellici,
526 2714 636 2750 quam
657 2702 857 2739 Sallustius
879 2713 999 2737 rerum
1026 2706 1216 2747 gestarum
1239 2698 1438 2735 narrationi
1460 2708 1567 2744 prae-

127 2761 240 2798 misit.
282 2760 405 2805 Quare
424 2761 556 2797 virium
577 2759 624 2795 de
646 2759 837 2806 copiarum
859 2758 1127 2804 magnitudine,
1151 2767 1224 2792 non
1247 2755 1293 2791 de
1315 2754 1484 2801 corporis
1507 2764 1566 2789 ro-
