1774 3002
137 179 222 222 182
622 185 661 222 C.
695 186 926 225 SALLUSTI
953 187 1109 226 CRISPI

273 315 354 372 68..
399 311 474 356 Ille
505 311 681 358 festinat
707 313 919 360 subsidiis
944 309 1163 376 principes
1194 330 1361 377 augere
1392 317 1436 362 et
1473 317 1587 363 den-

136 409 234 441 sere
266 389 467 441 frontem.

267 482 335 523 69.
394 476 558 525 Terror
586 479 788 530 hostibus
827 495 884 525 ex
912 480 1073 527 fiducia
1101 482 1170 529 sui
1201 482 1392 528 incessit.

268 565 335 609 70.
392 562 685 610 Circumventi
715 578 741 608 a
771 563 974 620 dextera,
1007 565 1122 612 unde
1148 566 1312 618 ferrum
1340 567 1454 626 erat,
1475 567 1589 612 saxa

130 648 205 692 aut
236 646 340 710 quid
377 647 463 693 tale
495 647 638 708 capita
664 648 934 709 affligebant.

127 762 250 810 primo
279 758 529 800 Historiarum
558 763 650 801 libro
682 763 898 811 Catilinam,
912 764 1100 802 secundo
1130 759 1348 813 Iugurtham
1378 764 1581 812 significari

129 819 377 916 credelssntffl.
421 877 552 923 [Deest
572 876 675 924 apud¹
695 876 792 914 Cort.
812 882 848 914 et
863 877 962 915 Gerl
986 878 1035 915 ed
1054 879 1141 915 mai.
1155 900 1211 905 ——-
1231 879 1293 915 ed.
1315 879 1405 915 min.
1427 878 1504 914 Ine.
1521 881 1580 918 68.

124 945 163 980 p.
183 936 264 980 239,
287 936 342 972 14.
377 934 489 971 Debr.
520 934 568 979 V,
589 935 669 979 30]
715 932 924 982 Eutychius
951 936 994 981 ΙΙ,
1028 939 1080 974 14.
1117 937 1155 972 in
1183 934 1295 983 Coi-p.
1315 936 1486 973 Gratum.
1519 937 1580 972 lat.

126 990 212 1026 Vol.
234 989 260 1025 1.
283 1001 322 1038 p.
345 993 425 1030 192.
449 991 510 1027 ed.
534 990 641 1027 Lind.
673 991 768 1028 haec
789 984 908 1029 verba
928 993 1039 1029 refert
1058 998 1211 1041 propter
1231 993 1386 1030 densere
1408 990 1579 1039 verbum,

125 1053 234 1092 raro,
256 1050 303 1083 'ut
324 1046 385 1083 ille
409 1047 517 1091 dicit,
551 1048 708 1093 lectum3
752 1049 800 1085 cf.
822 1048 939 1086 Tacit.
966 1050 1065 1086 Ann.
1097 1050 1140 1095 H,
1164 1053 1221 1096 14,
1241 1053 1278 1090 2.
1303 1048 1582 1087 'Denserent

121 1104 234 1150 ictus,
254 1115 323 1140 ora
342 1104 578 1141 mucronibus
595 1109 834 1153 quaererent,
859 1107 921 1142 ubi
939 1118 978 1144 v.
1001 1106 1206 1154 Kiessling.
1255 1105 1350 1152 Quia
1372 1106 1576 1153 Fragmen-

122 1164 200 1197 tum
233 1172 282 1198 ex
308 1162 469 1199 secundo
499 1162 591 1198 libro
625 1162 818 1208 laudatur,
864 1168 1067 1212 propterea
1097 1162 1316 1201 Gerlach'ius
1348 1162 1398 1200 ad
1425 1161 1577 1201 Incerta

122 1218 258 1254 rotulit.

232 1275 293 1311 Fr.
313 1278 373 1315 69.
411 1275 542 1321 [Deest
560 1275 663 1322 apud
685 1276 796 1322 Cort„
819 1277 919 1314 Gerl.
941 1277 1002 1313 ed.
1020 1277 1107 1313 mai.
1129 1281 1166 1313 et
1181 1276 1293 1314 Debr.
1314 1297 1371 1302 -—-
1391 1276 1490 1312 Geri-
1508 1276 1578 1315 ed.

119 1331 271 1377 min.‘II,
285 1334 346 1382 339.
367 1344 405 1379 p.
422 1336 506 1377 202,
523 1332 600 1376 15.]
639 1333 905 1381 Fragmentum
924 1344 1058 1370 recens
1080 1333 1226 1371 accedit
1255 1345 1304 1370 ex
1323 1333 1437 1370 Arus.
1460 1344 1499 1369 v.
1514 1335 1576 1370 *in-

117 1389 243 1434 εεεείι,
273 1401 312 1436 p.
329 1392 412 1428 242.
435 1388 546 1425 Lind.
599 1388 666 1426 Ex
689 1390 728 1427 h.
750 1392 774 1426 l.
806 1402 881 1427 non
902 1402 1063 1427 caussae
1086 1391 1156 1428 sed
1179 1391 1362 1438 temporis
1388 1390 1576 1438 significa-

117 1446 219 1483 tione
240 1447 407 1493 positum
428 1446 528 1482 idem
549 1447 627 1483 sere
648 1451 706 1483 est
725 1451 834 1495 atque
852 1452 942 1496 post
948 1463 960 1490 ;
987 1449 1035 1484 cl'.
1058 1448 1108 1484 ad
1130 1448 1236 1485 Catil.
1256 1447 1321 1492 IV,
1345 1452 1378 1486 l.
1400 1458 1439 1495 p.
1458 1451 1518 1486 22.

228 1503 289 1540 Fr.
323 1505 382 1542 70.
436 1501 552 1553 [Cort.
579 1514 616 1550 p.
638 1507 720 1543 962.
753 1505 852 1541 Gerl.
881 1505 942 1542 ed.
977 1504 1065 1541 mai.
1087 1506 1130 1550 ΙΙ,
1152 1501 1210 1544 51.
1242 1504 1305 1541 ed.
1334 1505 1424 1541 min.
1446 1504 1491 1552 Π,
1515 1506 1574 1544 71.

114 1571 152 1608 p.
175 1563 257 1605 204,
280 1563 340 1599 23.
363 1560 480 1597 'Deba
502 1561 546 1604 ΙΙ,
566 1559 666 1610 151.]
713 1562 839 1598 Verba
867 1563 913 1599 ab
942 1562 1133 1598 Arusiano
1164 1573 1202 1601 v.
1235 1561 1399 1610 afflictus
1430 1573 1469 1608 p.
1491 1564 1576 1600 215.-

117 1616 223 1652 Lind.
245 1621 419 1663 servata,
450 1616 563 1653 valde
583 1619 747 1654 obscura
768 1622 853 1654 sunt
878 1622 913 1654 et
935 1619 1000 1656 vix
1021 1619 1261 1666 explicanda.
1300 1619 1343 1654 In
1363 1618 1464 1665 Ang.
1484 1618 1574 1655 Maii

115 1672 247 1710 codice
269 1674 399 1710 Ambr.
423 1677 480 1710 est
509 1675 747 1710 circumventi
765 1675 923 1715 dextra5
951 1686 1021 1722 pro
1042 1687 1117 1722 quo
1137 1686 1252 1722 quum
1277 1674 1363 1725 cod.
1386 1674 1483 1711 Gud.
1506 1674 1575 1711 ha-

113 1731 200 1767 beat
228 1731 482 1767 circumventis
518 1730 697 1776 dextera,
740 1731 1019 1768 Lindemannus
1052 1732 1231 1779 scriptum
1263 1727 1380 1776 fuisse
1415 1731 1574 1768 coniecit

113 1787 351 1825 circumventi
375 1799 399 1823 a
429 1788 588 1824 dextera
596 1802 609 1828 ‚·
642 1791 719 1823 tum
739 1799 807 1834 pro
828 1789 950 1825 unde
979 1788 1128 1836 ferrum
1147 1793 1248 1834 erat,
1283 1793 1322 1824 ut
1346 1792 1404 1824 est
1427 1789 1466 1824 in
1485 1787 1571 1824 cod.

111 1844 277 1890 Ambr.„
297 1844 394 1881 Gud.
422 1844 535 1881 habet
558 1845 684 1880 nuda
709 1844 858 1892 ferrum
877 1849 979 1887 eral,·
1009 1845 1170 1893 denique
1197 1856 1267 1892 pro
1294 1846 1439 1892 capita,
1470 1844 1573 1892 quod

34 1916 49 1921 ‘
113 1900 208 1937 Gud.
230 1903 398 1949 praebet,
422 1902 462 1938 in
481 1900 566 1937 cod.
589 1901 720 1938 Ambr.
742 1905 799 1938 est
818 1903 948 1950 capiti,
973 1901 1072 1938 unde
1091 1903 1214 1939 Maius
1235 1901 1323 1938 feeit
1341 1904 1467 1949 caput.
1512 1901 1572 1938 Ex

109 1957 169 1994 his
199 1959 406 2006 scripturae
427 1958 695 2005 discrepantiis
718 1968 838 2006 aeque
860 1958 1012 1996 difficile
1035 1963 1092 1996 est
1113 1969 1242 1996 veram
1267 1959 1465 1995 lectionem
1482 1969 1572 1995 con-

111 2014 285 2061 stituere,
316 2026 359 2052 ac
381 2019 518 2052 iustam
543 2017 767 2052 sententiam
787 2016 985 2053 extricare.
1027 2015 1195 2053 Coniicio
1214 2020 1340 2052 tamen
1357 2025 1571 2054 sermonem

110 2082 196 2107 esse
223 2072 272 2108 de
296 2073 473 2109 militibus
504 2073 730 2119 inermibus,
765 2074 850 2120 qui,
890 2083 1004 2120 quum
1025 2073 1156 2109 fraude
1177 2074 1229 2110 ita
1249 2076 1379 2109 essent
1396 2073 1434 2108 in
1454 2082 1572 2120 angu-

109 2128 199 2164 stias
229 2127 400 2174 adducti,
439 2133 478 2166 ut
506 2131 551 2165 ab
572 2140 648 2166 una
667 2134 772 2194 parte
795 2130 986 2177 iniquitate
1007 2130 1177 2175 10c1,ab
1206 2130 1322 2166 altera
1344 2130 1391 2166 ab
1417 2129 1570 2170 armatis

107 2184 280 2222 hostibus
310 2190 589 2232 premerentur,
629 2187 732 2223 saxis
766 2197 807 2223 se
838 2187 1086 2223 defenderent
1119 2191 1155 2223 et
1183 2187 1338 2234 quovis
1349 2185 1464 2222 modo
1494 2186 1568 2224 sibi

110 2240 362 2278 consulerent.
404 2242 514 2287 Quod
536 2244 568 2279 si
589 2252 722 2281 verum
742 2247 812 2292 est,
835 2245 953 2280 verba
973 2244 1072 2280 unde
1088 2243 1237 2291 ferrum
1258 2247 1343 2280 erat
1357 2241 1570 2290 significant

109 2299 209 2335 unde
223 2299 363 2335 armati
373 2299 593 2347 inyruebant
608 2300 690 2336 sive
704 2300 768 2336 ubi
781 2302 919 2336 armati
929 2300 1095 2342 staban15
1112 2311 1214 2347 -quae
1237 2298 1430 2340 sententia.
1442 2310 1570 2347 quam-

40 2379 43 2381 >
109 2356 221 2403 quam
240 2356 448 2404 insolenter
466 2366 649 2403 expressa
669 2360 747 2407 est,
778 2360 902 2393 tamen
923 2367 970 2393 eo
992 2361 1206 2403 excusatur,
1239 2356 1341 2404 quod
1360 2355 1567 2395 inermibus

104 2412 213 2460 ferro
239 2413 411 2450 instructi
433 2416 687 2460 opponuntur.
736 2412 856 2450 Simul
888 2425 935 2450 ex
964 2426 1030 2460 ρο,
1060 2413 1161 2461 quod
1183 2414 1281 2451 unde
1303 2413 1471 2461 positum
1497 2416 1567 2456 est,

105 2480 175 2517 pro
201 2481 274 2516 quo
296 2470 407 2506 etiam
427 2470 490 2507 ubi
510 2469 586 2505 dici
604 2472 770 2516 poterat.
799 2470 1017 2517 intelligitur
1047 2483 1070 2506 a
1091 2471 1249 2508 dextera
1269 2467 1373 2506 recte'
1391 2480 1416 2505 a
1431 2467 1567 2505 Linde-

106 2536 244 2562 manno
278 2530 487 2563 correctum
511 2536 619 2571 esse,
653 2527 740 2574 quia
761 2526 945 2563 adverbia
967 2528 1021 2563 sic
1043 2528 1113 2564 sibi
1141 2527 1384 2574 respondent.
1436 2525 1565 2572 Gap-‘ta

109 2582 329 2631 affligebant
348 2595 404 2621 sc.
422 2583 587 2620 hostium
608 2586 847 2634 armatorum.
870 2603 926 2609 —-
943 2578 1030 2620 Alio
1051 2584 1165 2620 modo
1184 2584 1335 2630 Fragm.
1352 2582 1423 2619 sibi
1441 2592 1567 2617 emen-

110 2638 278 2676 dandum
298 2640 421 2676 videri
444 2639 535 2676 mihi
565 2639 793 2688 significavit
821 2639 1038 2689 *Casselius,
1068 2641 1117 2677 V.
1144 2640 1190 2676 D.
1219 2640 1337 2676 Ratus
1360 2639 1469 2675 enim·
1491 2649 1566 2674 non

109 2697 257 2741 locum,
291 2697 352 2732 ubi
381 2701 631 2744 pugnaretur,
658 2695 728 2734 sed
747 2695 944 2746 homines,
975 2698 1038 2745 qui
1063 2701 1293 2745 pugnarent,
1323 2707 1346 2732 a
1378 2695 1469 2732 Sall.
1501 2694 1565 2731 de-

106 2753 234 2797 scribi,
257 2753 312 2788 sie
327 2755 445 2789 verba
467 2751 668 2790 scribenda
683 2764 770 2790 esse
788 2746 970 2790 coniecit:
988 2754 1224 2790 circumventi
1236 2753 1395 2789 dextera
1416 2749 1562 2802 (nuda

103 2810 245 2862 ferro
268 2812 367 2856 erat)
387 2819 488 2847 saxa
508 2814 574 2846 aul
591 2810 680 2860 quid
695 2810 766 2847 lale
785 2804 910 2859 ca'pita
931 2811 1157 2860 affliyebant.
1179 2809 1282 2856 Quae
1298 2810 1348 2845 ita
1368 2809 1406 2845 in
1425 2819 1559 2858 paren-
