1774 3002
169 156 197 196 2
657 160 696 197 C.
727 160 957 200 SALLUSTI
988 159 1140 199 CRISPI

794 282 882 315 CAP.
910 285 998 317 VIII.

262 351 463 394 Fragmenta
489 351 679 383 incertioris
705 354 904 385 sententiae.
951 354 1006 388 Fr.
1033 352 1197 386 83—86.

808 431 898 467 CAP.
924 433 983 464 IX.

260 501 479 544 Fragmenta,
512 510 655 542 quorum
678 501 910 543 interpretatio
938 512 977 534 ne
1003 502 1204 535 ooniecturis
1230 499 1367 542 quidem
1393 500 1470 532 iniri
1496 504 1617 543 potest.

168 558 222 590 Fr.
250 558 439 592 87—106.

813 637 902 672 CAr.
932 637 976 670 X.

261 706 463 750 Fragmenta
479 707 700 749 paucissimis
718 711 847 738 tantum
867 713 924 738 aut
944 707 1091 750 singuiis
1116 706 1294 739 vocabulis
1319 707 1519 750 composita.
1563 708 1617 740 Fr.

172 763 237 797 107
245 783 293 789 —
304 764 381 799 121.

490 1103 896 1167 fllsTmuARUM
931 1103 1298 1167 FRAGMENTA.

809 1220 915 1266 LIB.
954 1221 984 1266 Ι.

823 1443 913 1476 cm».
941 1445 967 1476 1.

222 1522 413 1564 Exponitur
437 1524 480 1555 de
504 1523 726 1556 Historiarum
749 1524 921 1556 scribendi
948 1524 1110 1566 oonsilio,
1135 1535 1174 1557 ae
1199 1525 1300 1558 simul
1327 1525 1370 1558 de
1395 1525 1566 1569 prioribus

736 1581 908 1613 historicis
933 1582 1058 1625 agitur.

311 1759 346 1798 1.
388 1753 479 1799 Res
515 1755 670 1815 populi
699 1754 886 1803 Romani
923 1758 978 1803 M.
1019 1755 1187 1815 Lepido
1225 1754 1276 1810 Q.
1311 1753 1467 1801 Catulo
1497 1769 1615 1800 coss.

171 1851 222 1881 ac
246 1836 403 1881 deinde
431 1837 607 1883 militiae
640 1842 683 1884 et
710 1840 827 1885 domi
857 1842 1012 1901 gestas
1043 1838 1286 1899 composui.

282 1974 342 2009 Fr.
374 1979 407 2012 1.
457 1974 582 2019 [Cort.
608 1984 647 2023 p.
674 1980 753 2016 933.
785 1977 884 2013 Gerl.
914 1976 976 2012 ed.
1004 1976 1093 2013 mai.
1124 1975 1158 2020 Ι,
1185 1979 1219 2013 1.
1248 1974 1310 2011 ed.
1341 1974 1430 2010 min.
1459 1974 1550 2018 1,-1.
1578 1985 1616 2021 p.

171 2033 251 2074 182,
282 2031 309 2065 Ι.
341 2031 453 2066 Debr.
480 2032 507 2076 Ι,
539 2034 588 2077 1.]
624 2032 839 2070 Sallustium
867 2034 927 2070 his
957 2034 1083 2070 verbis
1113 2032 1296 2068 Historias
1326 2041 1504 2067 exorsum
1531 2042 1618 2067 esse

169 2091 271 2133 patet
298 2098 346 2122 ex
366 2087 447 2123 Tib.
468 2088 610 2125 Donato
641 2090 689 2126 ad
709 2091 818 2138 Virg.
842 2091 939 2126 Aen.
971 2090 998 2134 Ι,
1019 2094 1065 2135 1.,
1097 2090 1159 2136 qui
1178 2089 1280 2125 illum
1308 2088 1421 2123 refert
1446 2087 1501 2123 sic
1521 2098 1617 2134 opus

172 2144 366 2190 coepisse,
396 2147 436 2180 ut
458 2147 581 2191 primo
611 2156 729 2193 rem,
761 2147 890 2183 deinde
909 2148 1045 2194 populi
1071 2146 1235 2182 Romani
1251 2154 1514 2191 personam
1542 2155 1617 2191 po-

170 2203 287 2236 neret.
343 2199 469 2236 Verba
499 2202 581 2247 ipsa
612 2206 779 2240 servavit
807 2203 928 2239 Rufin.
961 2202 1008 2238 de
1036 2213 1205 2249 compos.
1236 2205 1272 2237 et
1299 2201 1427 2236 metris
1455 2197 1546 2236 orht.
1578 2211 1616 2247 p.

173 2259 252 2294 192.
283 2255 397 2293 Orell.
454 2257 596 2293 Eadem
629 2258 775 2295 duobus
807 2261 913 2304 locis,
944 2259 1014 2295 sed
1034 2270 1110 2294 non
1142 2258 1232 2294 satis
1263 2261 1450 2302 accurate,
1480 2267 1618 2293 memo-

170 2313 269 2349 ravit
295 2313 540 2359 Priscianus5
559 2325 646 2350 nam
675 2316 757 2361 XV,
788 2317 887 2360 2,·6.
913 2327 952 2362 p.
972 2317 1055 2354 616.
1082 2315 1143 2350 ed.
1173 2315 1237 2350 Kr.
1269 2313 1524 2351 tantummodo
1551 2313 1618 2349 ha-

172 2371 234 2406 bet
262 2380 309 2405 ac
334 2370 463 2406 deinde
488 2371 634 2407 militiae
662 2375 697 2408 el
725 2372 824 2408 domi
847 2376 971 2419 qestas
993 2372 1199 2418 composui,
1226 2371 1352 2417 paullo
1380 2374 1467 2417 post
1492 2373 1616 2406 autem

172 2425 266 2471 XV,
296 2430 338 2471 3,
367 2428 426 2465 17.
451 2439 491 2474 p.
514 2430 602 2476 ¹623.
635 2428 730 2465 haec
757 2430 954 2476 leguntur:
987 2428 1064 2464 Res
1093 2428 1223 2474 populi
1250 2427 1358 2463 Rom.
1393 2426 1448 2462 M.
1478 2425 1616 2472 Lepido

174 2482 370 2530 Catuloque
394 2493 488 2520 coss.
517 2495 564 2520 ac
587 2485 716 2522 deinde
751 2486 850 2522 domi
875 2488 911 2521 et
938 2485 1084 2521 militiae
1102 2488 1239 2532 qestas.
1288 2483 1391 2528 Quae
1416 2486 1455 2518 ut
1481 2492 1617 2529 oppor-

173 2542 261 2575 tune
294 2543 422 2576 mutua
451 2551 522 2587 ope
553 2541 720 2589 suppleri
748 2545 925 2589 possunt,
960 2542 1008 2577 ita
1037 2544 1138 2588 patet
1166 2539 1374 2587 posteriore
1402 2538 1486 2575 loco
1517 2539 1615 2574 male

175 2597 354 2643 scriptum
374 2607 459 2633 esse
475 2597 682 2645 Cautaque,
702 2603 777 2635 tum
803 2598 902 2645 quia,
924 2597 1071 2634 duobus
1093 2597 1303 2633 nominibus
1320 2595 1486 2640 sociatis,
1509 2605 1616 2641 prae-

173 2663 311 2689 nomen
330 2664 405 2689 non
425 2655 527 2689 alteri
549 2655 717 2700 additur,
747 2655 797 2691 ad
818 2656 973 2691 alterum
995 2655 1190 2698 omittitur,
1215 2653 1284 2690 sed
1305 2655 1369 2688 aut
1389 2652 1533 2698 utrique
1554 2655 1616 2686 aut

166 2711 295 2747 neutri
313 2710 498 2755 adiicitur,
520 2714 596 2746 tum
620 2712 708 2758 quia
728 2713 923 2748 consulum
937 2711 1089 2747 nomina
1111 2711 1273 2758 legitime
1292 2709 1374 2745 sine
1394 2709 1529 2754 copula
1548 2718 1615 2754 po-

175 2771 333 2811 nuntur3
364 2779 403 2803 v.
425 2767 473 2802 ad
498 2766 603 2803 Catil.
632 2769 762 2812 XLIII,
793 2772 829 2806 2.
852 2780 889 2815 p.
909 2770 990 2806 199.
1011 2769 1097 2803 coll.
1122 2767 1255 2803 Beiero
1285 2765 1334 2801 ad
1355 2764 1432 2802 Cic.
1461 2764 1509 2800 de
1538 2762 1612 2800 Off.
