1774 3002
476 170 806 211 HISTORIARUM
831 167 1131 209 FRAGMENTA
1162 165 1384 205 INCERTA.
1554 157 1637 202 3⁷1

337 303 378 344 3.
433 298 561 345 Caloe
594 296 748 343 civitas
785 300 854 343 est
888 292 1174 355 Campaniae3
1209 306 1310 338 nam
1350 290 1395 336 in
1428 287 1641 335 Flaminia

161 389 166 396 ·
203 396 316 443 quae
343 384 424 438 est,
452 380 557 428 Cale
590 379 758 425 dicitur.
821 379 901 426 Est
932 380 975 424 et
1007 377 1053 423 in
1087 375 1309 423 Gallaecia
1335 374 1421 420 hoc
1450 371 1638 426 nomine,

204 479 332 526 quam
368 463 604 511 Sallustius
629 478 657 509 a
689 462 912 523 Perperna
938 463 1108 520 captam
1134 458 1458 505 commemorat.

334 552 377 595 4.
427 546 628 608 Speciem
662 548 817 608 captae
844 543 966 590 urbis
996 542 1173 589 efficere
1195 540 1485 588 discedentes.

336 635 377 677 5.
429 631 486 677 Ut
528 645 610 677 res·
639 629 782 690 magis
819 642 948 689 quam
984 626 1122 673 verba
1154 624 1438 686 gererentur,
1476 620 1639 667 liberos

202 716 494 775 parentesque
522 714 567 760 in
600 712 738 760 muris
764 712 1030 757 locaverant.

314 849 375 886 Fr·
396 853 432 889 3.
468 848 582 899 [Cort.
609 861 648 897 p.
671 853 775 888 1011.
809 847 907 884 Gerl.
930 845 990 882 ed.
1011 846 1098 882 mai.
1119 845 1196 882 Ine.
1216 846 1300 883 206.
1321 842 1383 879 ed.
1404 842 1494 879 min.
1513 842 1556 887 11,
1578 846 1636 884 16.

202 917 242 952 p-
273 908 356 950 201,
394 909 449 945 16.
482 906 595 943 Debr.
631 906 692 951 m,
724 905 823 949 103.]
864 902 975 940 Serv.
1002 901 1053 938 ad
1079 902 1188 948 Virg.
1205 901 1301 938 Aen.
1321 900 1402 945 Vll,
1422 901 1506 938 ⁷28.
1563 900 1636 936 Pro

206 962 390 998 Gassaecia
419 963 532 1010 vulgo
565 965 738 1008 corrupte
759 960 881 996 editur
901 958 1039 1003 Gallia,
1068 957 1171 1005 quod
1199 956 1340 993 dudum
1360 956 1523 993 correxit
1538 956 1637 993 Vos-

201 1018 284 1055 sius
310 1017 361 1054 ad
388 1018 525 1055 Melam
550 1030 588 1065 p.
615 1020 693 1057 186.
751 1016 837 1054 Gale
864 1016 903 1051 in
923 1015 1114 1051 Gallaecia
1133 1014 1205 1051 sita
1223 1014 1291 1050 ruit
1308 1012 1359 1049 ad
1376 1013 1512 1048 ostium
1533 1012 1637 1049 Durii

203 1072 379 1118 fluminis,
402 1075 466 1111 ubi
485 1074 600 1111 hodie
618 1079 678 1111 est
699 1073 861 1120 Oport03
881 1072 930 1108 cl'.
953 1071 1146 1119 Forbiger.
1171 1070 1309 1117 Geogr.
1329 1069 1445 1116 antiq.
1468 1069 1550 1105 vol.
1575 1069 1637 1106 ln.

200 1140 239 1176 p.
258 1132 318 1170 87.
342 1134 420 1167 not.
444 1134 482 1169 2.
539 1129 699 1176 Quando
727 1140 775 1166 ea
796 1141 820 1166 a
842 1129 1034 1175 Perperna
1053 1130 1165 1175 capta
1189 1126 1310 1171 fuerit,
1335 1126 1512 1173 quoniam
1533 1127 1634 1163 nullo

201 1191 312 1232 pacto
333 1186 482 1224 definiri
508 1191 631 1234 potest
650 1187 718 1232 (οἴ.
738 1185 939 1221 Drumann.
955 1184 1049 1221 nist.
1069 1183 1179 1220 Rom.
1196 1184 1283 1219 Vol.
1308 1183 1375 1218 IV.
1392 1193 1431 1230 p.
1451 1185 1536 1222 373.
1557 1187 1633 1219 not.

201 1243 301 1287 95),
331 1242 594 1291 Fragmentum
626 1243 783 1280 Incertis
813 1239 1030 1278 addendum
1059 1241 1140 1276 mit.
1198 1239 1370 1286 Imperite
1400 1238 1634 1284 Gerlaehius,

200 1299 432 1344 planissimis
450 1298 574 1336 Servii
593 1300 719 1337 verbis
740 1309 817 1334 non
838 1298 1047 1341 intellectis,
1070 1295 1175 1333 Gales
1192 1307 1263 1343 pro
1285 1295 1371 1333 Cale
1394 1295 1557 1342 scripsit.

312 1354 375 1391 Fr.
394 1358 430 1393 4.
476 1354 605 1404 [Deest
627 1354 729 1402 apud
749 1353 846 1390 Cort.
862 1373 918 1380 —
947 1353 1045 1389 Gerl.
1068 1352 1128 1388 ed.
1154 1353 1240 1388 mai.
1261 1352 1338 1388 Inc.
1360 1354 1440 1390 182
1461 1351 1522 1389 ed.
1541 1352 1634 1388 niin.

200 1410 276 1446 lnc.
297 1415 356 1449 55.
374 1422 414 1458 p.
437 1414 519 1456 238,
538 1415 597 1450 m.
617 1411 730 1447 Debr.
749 1410 812 1455 IV,
834 1412 892 1449 98.
911 1408 961 1453 V,
978 1409 1051 1454 40]
1081 1408 1191 1446 Serv.
1212 1408 1274 1446 ad.
1291 1407 1401 1455 Virg.
1420 1407 1516 1446 Aen.
1535 1407 1633 1451 Vm,

201 1467 281 1505 55⁷.
315 1466 555 1514 Gerlachius,
582 1468 646 1514 qui
667 1467 752 1504 Vol.
775 1466 845 1511 111,
866 1477 903 1512 p.
926 1467 1006 1504 143.
1031 1464 1081 1502 ad
1100 1463 1235 1501 Cilices
1260 1464 1403 1508 retulit,
1424 1464 1500 1511 qul,
1520 1475 1634 1512 quum

200 1532 269 1568 per
291 1523 444 1570 aliquod
470 1528 616 1571 tempus
644 1523 812 1570 Sinopen
841 1521 1119 1566 defendissent,
1151 1521 1199 1557 de
1230 1522 1351 1558 salute
1384 1520 1632 1568 desperantes

202 1580 329 1616 urbem
361 1579 543 1627 direptam
570 1581 818 1627 reliquerant,
846 1578 932 1616 coll.
962 1577 1160 1616 Plutarch.
1187 1578 1227 1614 iu
1250 1577 1399 1615 Lucull.
1430 1588 1463 1616 c.
1485 1581 1547 1622 23,
1566 1578 1632 1623 in„

199 1639 331 1681 postea
352 1635 452 1672 haue
471 1637 686 1683 opinionem
706 1635 816 1672 nullis
843 1636 1076 1681 argumentis
1104 1635 1233 1671 fultam
1252 1634 1398 1672 abiecit.
1441 1634 1573 1678 ,Nobis
1591 1633 1630 1671 h.

199 1691 227 1727 1.
245 1692 399 1738 querela
416 1693 598 1729 contineri
615 1691 764 1729 videtur
785 1690 833 1727 de
851 1689 1035 1736 militibus,
1057 1691 1120 1738 qui
1141 1691 1299 1727 amicam
1319 1690 1482 1737 aliquam
1501 1691 1631 1727 urbem

200 1751 274 1783 tam
292 1749 391 1785 male
412 1748 633 1794 habuerant,
655 1753 695 1785 ut
712 1751 847 1795 captae
869 1750 905 1783 et
923 1748 970 1783 ab
989 1746 1161 1784 hostibus
1179 1747 1348 1794 direptae
1370 1747 1503 1783 similis
1522 1746 1631 1783 vide*

200 1807 268 1840 tur.
302 1803 346 1840 Id
364 1806 503 1842 malum
525 1816 636 1853 quam
658 1806 730 1842 late
750 1803 1031 1840 disseminatum
1050 1804 1174 1848 fuerit,
1193 1803 1325 1840 Cicero
1345 1804 1498 1849 saepius
1520 1807 1633 1839 testa·

199 1862 278 1903 tur;
312 1861 361 1896 cl'.
393 1873 431 1907 p.
463 1863 491 1896 l.
523 1862 626 1898 Man.
664 1863 722 1905 13,
755 1863 813 1899 38.
879 1858 1006 1895 Utrum
1023 1861 1154 1907 plau-cs
1173 1859 1407 1896 arbitramini
1424 1868 1501 1906 per
1522 1859 1633 1895 hosce

198 1925 316 1950 annos
343 1918 492 1952 nn’lt‘atm
518 1920 721 1953 vestrorum
739 1916 853 1951 armis
868 1914 1023 1951 hostium
1044 1915 1175 1961 urbes,
1202 1927 1253 1951 an
1269 1914 1433 1950 haber-nair
1448 1916 1632 1952 sociorum

198 1971 356 2007 civitatee
377 1982 457 2008 esse
476 1972 639 2009 deletas?
674 1972 730 2008 Id.
749 1972 818 2018 Ep.
838 1970 887 2006 ad
909 1970 952 2015 Q.
974 1971 1034 2008 Fr.
1055 1972 1083 2016 1,
1108 1976 1141 2016 1,
1160 1975 1220 2010 33.
1256 1971 1340 2007 Non
1368 1973 1517 2018 ignoro,
1543 1971 1635 2018 quid

197 2027 305 2063 sociat-t
336 2028 550 2064 σει-Μαίη
581 2029 714 2064 ultimis
743 2028 875 2071 terris,
909 2037 1021 2073 quum
1052 2028 1297 2064 audet-imin
1326 2025 1632 2074 Itahhquerelas

198 2083 435 2122 civium.1d.
469 2085 507 2120 in
534 2084 659 2121 Pison.
689 2087 755 2128 35,
781 2086 843 2122 86.
881 2081 1031 2127 Nonne,
1056 2083 1211 2120 hiberna
1234 2094 1346 2131 quum
1370 2084 1493 2131 leyato.
1508 2092 1629 2130 prae-

195 2137 363 2185 fectoque
389 2143 447 2175 tuo
471 2140 702 2185 tradidisses,
726 2140 883 2175 evermu
907 2140 1063 2176 maceras
1086 2139 1254 2187 fundabis
1279 2141 1466 2176 cium?
1500 2138 1545 2176 Si
1568 2141 1629 2177 cui

198 2198 321 2231 tamen
349 2196 578 2241 probabilius
604 2196 750 2233 videtur
774 2195 870 2231 haec
898 2194 947 2230 de
964 2195 1124 2244 fuqitim's
1145 2196 1247 2233 dicta
1266 2207 1375 2241 esse,
1402 2196 1465 2243 qui
1486 2194 1534 2232 de
1564 2197 1630 2232 im-

198 2250 351 2296 proviso
387 2253 515 2288 urbem
540 2252 705 2299 aliquam
731 2250 973 2296 invaderent,
1002 2263 1160 2299 eamque
1185 2253 1223 2289 in
1251 2251 1404 2288 modum
1427 2252 1468 2289 vi
1495 2257 1630 2299 captae

198 2308 301 2343 urbis
324 2306 538 2354 diriperent,
555 2319 631 2344 non
645 2309 811 2361 multum,
819 2317 1085 2355 repugnamus·

309 2363 370 2399 Fr.
392 2367 426 2401 5.
447 2362 563 2412 [Cort.
582 2376 622 2411 p.
641 2367 746 2403 1009.
772 2363 873 2400 Gerl.
898 2363 959 2399 ed.
981 2365 1068 2401 mai.
1089 2364 1167 2401 Ine.
1190 2368 1272 2404 160.
1293 2364 1356 2401 ed.
1378 2365 1471 2400 min.
1489 2364 1547 2409 ΠΙ,
1567 2366 1624 2402 60.

197 2429 235 2464 p.
256 2421 339 2462 219,
360 2422 415 2457 13.
437 2419 549 2457 Debr.
570 2420 630 2466 ΠΙ,
646 2421 723 2465 42]
766 2418 892 2457 Schol.
914 2419 976 2456 ad.
999 2420 1107 2458 Statii
1124 2420 1241 2458 Theb.
1260 2421 1308 2466 X,
1327 2422 1411 2460 573.
1442 2420 1628 2466 Quoniam

197 2474 270 2510 hoc
289 2475 511 2522 Fragmento
530 2476 578 2513 de
597 2475 797 2523 oppidanis
820 2476 962 2523 agitur,
982 2478 1067 2524 qui,
1094 2481 1134 2513 ut
1153 2477 1257 2514 cives
1279 2488 1383 2522 suos,
1403 2477 1628 2513 excursione

198 2531 295 2567 sacta
323 2535 408 2567 ante
433 2537 562 2579 portas
584 2543 670 2568 cum
694 2531 866 2568 hostibus
892 2543 1060 2580 pugnam
1083 2537 1346 2578 conserentes,
1377 2531 1428 2569 ad
1453 2533 1627 2569 virtutem

198 2586 464 2633 accenderent,
491 2589 630 2624 liberos
655 2591 903 2635 parentesque
935 2589 972 2624 in
998 2590 1115 2634 muris
1142 2590 1442 2633 collocaverant,
1469 2598 1627 2636 praece—

198 2641 324 2679 dentia
354 2654 430 2679 non
456 2647 614 2690 possunt
636 2643 846 2691 significare
872 2653 920 2680 ne
936 2656 1033 2681 vana
1050 2645 1162 2681 verba
1176 2644 1323 2692 forent,
1349 2649 1389 2681 ut
1408 2643 1626 2681 Gerlachius

198 2699 278 2735 vult
297 2698 383 2738 Vol.
397 2699 457 2737 111.
475 2711 514 2747 p.
534 2701 627 2745 137„
648 2699 719 2736 sed
736 2699 836 2736 hunc
858 2710 1010 2736 sensum
1030 2700 1187 2737 habent:
1207 2703 1248 2736 ui
1263 2710 1307 2736 re
1327 2702 1411 2749 ipsa
1430 2702 1475 2746 (i.
1490 2711 1525 2736 e.
1540 2709 1627 2746 pro-

197 2753 421 2801 pinquorum
461 2755 634 2804 aspectu)
666 2755 782 2803 macie
817 2765 927 2803 quam
959 2755 1080 2794 verbis
1117 2756 1346 2793 &cimento
1379 2756 1433 2793 ad
1460 2756 1627 2793 virtum

1268 2820 1355 2863 24*
