1774 3002
167 150 236 184 XII
574 149 796 187 EDlTORIS
826 148 1061 188 EPISTOLA
1093 150 1283 188 CRITICA

165 268 453 322 Kreyssigium
487 271 624 311 denuo
658 272 711 311 ad
744 283 793 312 ea
829 273 1046 312 tractanda
1073 271 1261 322 vocavit,
1297 278 1344 315 ut
1379 286 1431 316 ex
1459 273 1562 327 ipsis
1593 275 1682 319 eius

166 339 306 379 verbis
338 350 596 390 cognosces;
638 340 677 380 in
705 341 837 380 Praes.
870 340 978 380 enim
1007 354 1049 392 p.
1081 344 1149 381 VI.
1189 342 1505 393 ‚,Gerlachium,
1528 343 1679 395 inquit,

166 419 249 448 non
293 409 428 448 solum
476 407 515 447 in
563 408 627 449 his
670 409 1010 450 Sallustianarum
1050 410 1322 451 Historiarum
1362 411 1551 462 reliquiis
1583 412 1681 453 sive

166 477 436 518 emendandis
484 476 573 517 sive
616 477 873 528 explicandis
924 478 1275 530 negligentissime
1321 484 1553 529 versatum,
1605 481 1682 521 sed

166 546 286 586 etiam
327 545 675 586 commentatione
714 552 858 587 nostra
906 552 1030 598 atque
1077 547 1258 588 editione
1293 548 1482 588 Romana
1526 548 1681 590 nostris

165 614 501 660 adnotationibus
538 616 789 665 locupletata
825 614 1081 665 ineptissime
1129 617 1305 657 abusum
1346 627 1443 656 esse
1484 616 1678 657 intellexi.

163 684 222 722 Ne
246 682 370 732 igitur
395 694 563 732 eorum,
607 694 715 733 quae
742 683 981 723 Gerlachius
1016 695 1093 734 per
1123 684 1442 735 imprudentiam
1478 684 1680 735 peccavit,

163 763 260 792 reus
297 762 462 802 agerer,
502 757 544 792 et
579 751 805 792 lectoribus
851 756 1031 802 utroque
1069 755 1272 804 opusculo
1311 764 1405 794 meo
1446 752 1680 794 carentibus

165 819 367 860 delirasse
396 819 581 869 viderer,
623 819 720 860 mihi
750 824 985 870 temperare
1025 832 1109 861 non
1143 820 1280 871 potui,
1318 821 1540 871 quominus
1570 822 1681 862 omni

163 889 231 929 illa
270 900 457 929 errorum
484 887 848 929 Gerlachianorum
886 888 1067 930 vanitate
1100 889 1387 930 convincenda
1421 890 1554 930 famae
1583 900 1680 930 con-

164 960 387 999 sulerem.“
448 957 593 998 Omnia
618 956 761 1007 igitur,
795 969 901 1007 quae
933 957 1028 998 olim
1058 958 1184 999 variis
1208 956 1467 1009 temporibus
1496 957 1550 996 ad
1578 958 1679 998 haec

162 1027 410 1077 Fragmenta
438 1024 680 1066 illustranda
709 1025 953 1077 scripserat,
979 1026 1020 1067 in
1045 1039 1173 1067 unum
1201 1028 1394 1074 collecta,
1428 1030 1566 1075 aucta,
1605 1037 1679 1067 no·

161 1095 311 1145 visque
341 1093 595 1145 argumentis
624 1093 784 1133 firmata
810 1095 1123 1144 comprehendit
1150 1095 1276 1144 libro,
1306 1105 1430 1146 quem
1458 1093 1518 1134 sic
1538 1093 1679 1135 inscri-

161 1164 263 1216 psit:
304 1162 600 1204 Commentatio
640 1162 693 1201 de
730 1162 772 1201 C.
807 1161 989 1201 Sallustii
1028 1163 1157 1215 Crispi
1194 1163 1469 1204 Historiarum
1509 1162 1577 1202 lib.
1611 1164 1677 1203 ΙΙΙ.

161 1232 439 1283 Fragmentis,
477 1243 530 1272 ex
565 1229 816 1271 bibliotheca
855 1228 1100 1280 Christinae,
1142 1232 1373 1272 Succorum
1407 1230 1596 1282 reginae,
1636 1231 1678 1272 in

161 1301 404 1342 vaticanam
439 1295 669 1347 translatis,
714 1302 839 1347 atque
877 1298 1072 1339 Carminis
1103 1299 1233 1340 Latini
1271 1300 1324 1340 de
1355 1302 1472 1342 Bello
1502 1300 1676 1342 Actiaco

162 1369 252 1411 sive
285 1367 569 1410 Alexandrino
607 1367 873 1417 Fragmenta,
912 1377 965 1406 ex
998 1367 1204 1407 volumine
1236 1368 1536 1409 Herculanensi
1566 1371 1677 1409 evul-

161 1443 271 1490 gata.
338 1439 488 1478 Iterum
528 1435 656 1476 edidit
689 1436 718 1475 Ι.
754 1435 939 1486 Theoph.
975 1435 1258 1488 Kreyssigius.
1323 1436 1509 1478 Misenae
1555 1436 1677 1477 1835.

164 1508 277 1558 Quae
308 1504 598 1547 commentatio
631 1504 874 1545 doctissima
904 1509 1099 1555 quantam
1124 1505 1220 1546 mihi
1250 1505 1464 1547 utilitatem
1492 1505 1677 1556 inFrag-

161 1575 310 1616 mentis
338 1572 550 1615 Vaticanis
576 1573 834 1624 explicandis
860 1573 1115 1626 praebuerit,
1147 1586 1223 1614 suo
1252 1575 1346 1614 loco
1376 1573 1604 1624 apparebit.

275 1643 369 1683 Alia
405 1643 608 1693 quaedam
650 1647 858 1682 vetustate
901 1655 985 1683 non
1037 1642 1171 1682 minus
1214 1642 1390 1692 insignia
1433 1642 1677 1692 Fragmenta

160 1713 234 1767 (ll,
271 1711 339 1750 47.
379 1711 448 1751 49.
481 1710 555 1759 50,
595 1709 674 1759 1.),
711 1722 818 1760 quae
856 1710 896 1750 in
937 1711 1015 1751 hac
1057 1709 1237 1749 editione
1267 1709 1442 1761 primum
1471 1721 1549 1750 suo
1579 1711 1674 1750 loco

162 1784 424 1830 comparent,
461 1780 599 1819 lacero
638 1771 842 1819 'debentur
874 1779 972 1819 folio
1010 1777 1302 1830 palimpsesto,
1352 1778 1466 1828 quod
1503 1777 1674 1818 Heinius

161 1847 446 1890 Berolinensis
477 1848 703 1888 litterarum
740 1858 891 1887 caussa
919 1846 1156 1897 Hispaniam
1187 1856 1416 1897 peragrans
1444 1846 1575 1887 Toleti
1610 1857 1674 1887 re-

161 1922 325 1969 pertum
357 1921 623 1968 emptumque
652 1914 935 1955 bibliothecae
958 1915 1098 1965 regiae
1125 1914 1384 1955 Berolinensi
1414 1915 1527 1954 dono
1557 1914 1674 1954 obtu-

161 1986 220 2026 lit.
278 1985 377 2026 Eius
409 1986 644 2034 exemplum
672 1983 857 2024 Pertzius
885 1995 922 2023 a.
957 1982 1078 2023 1848.
1113 1983 1198 2023 aeri
1227 1983 1387 2023 affabre
1412 1981 1588 2022 incisum
1620 1986 1672 2030 et,

164 2060 362 2105 quantum
388 2052 522 2105 potuit
552 2052 641 2092 fieri
670 2051 711 2092 in
741 2063 787 2092 re
812 2063 926 2092 nova
954 2056 995 2091 et
1032 2052 1232 2101 obscura,
1268 2051 1517 2091 illustratum
1546 2049 1674 2090 edidit

161 2123 239 2163 sub
265 2123 346 2162 hoc
373 2122 511 2163 titulo:
549 2123 672 2162 Ueber
688 2110 765 2162 'ein
791 2121 1048 2161 Bruchstaclc
1073 2122 1143 2160 des
1172 2119 1239 2160 98.
1264 2121 1402 2160 Buchs
1430 2119 1501 2159 des
1517 2109 1674 2164 Livius,-

159 2202 245 2231 non
274 2190 488 2239 dubitans,
516 2189 613 2239 quin
643 2190 774 2228 verba
802 2190 912 2228 hunc
941 2193 1154 2228 auctorem
1180 2189 1381 2228 haberent
1410 2191 1452 2226 et
1480 2186 1534 2225 ad
1559 2185 1671 2225 illum

160 2257 249 2299 eius
280 2257 419 2309 operis
448 2257 595 2298 librum
627 2257 888 2307 deperditum
912 2256 1177 2306 pertinerent.
1236 2257 1280 2295 Id
1314 2267 1439 2306 quum
1469 2253 1557 2294 aliis
1582 2264 1672 2304 per-

161 2324 385 2375 suasisset,
414 2330 501 2366 tum
531 2325 740 2377 persuasit
760 2325 1028 2377 Kreyssigio‚
1061 2323 1131 2374 qui
1156 2324 1321 2364 duobus
1350 2322 1496 2363 libellis
1520 2319 1671 2361 doctis-

162 2393 275 2435 simis
311 2404 348 2436 a.
383 2392 501 2434 1849.
540 2399 582 2434 et
613 2392 733 2433 1852.
770 2392 909 2442 editis,
954 2403 1129 2442 quorum
1166 2391 1281 2443 prior
1319 2391 1379 2432 sic
1413 2388 1669 2430 inscribitur:
1746 2440 1761 2453 .

162 2464 440 2504 Commutatio
466 2464 518 2503 de
546 2463 587 2502 T.
605 2463 711 2503 Livii
730 2462 1000 2502 Historiarum
1028 2462 1206 2510 reliquiis
1234 2472 1287 2499 ex
1302 2461 1559 2511 palimpsesto
1591 2457 1671 2497 To-

161 2534 292 2574 letano
320 2534 467 2577 erutis:
493 2554 550 2560 —
580 2530 789 2581 posterior
816 2529 927 2568 hunc
950 2529 1075 2568 habet
1098 2528 1279 2568 titulum:
1313 2528 1443 2567 Curae
1470 2526 1671 2566 secundae

161 2602 220 2642 ad
242 2601 284 2650 Τ.
305 2602 410 2641 Livii
427 2600 597 2640 Historr.
625 2600 819 2649 reliquias
843 2602 942 2646 etc„
974 2594 1173 2647 plurimos
1189 2593 1336 2635 Pertzii
1365 2603 1529 2634 errores
1559 2592 1670 2632 haud

162 2676 264 2710 sane
300 2670 414 2709 leves
452 2667 654 2717 correxit,
689 2671 731 2707 et
764 2663 962 2715 imprimis
997 2664 1078 2704 hoc
1114 2667 1227 2703 recte
1261 2661 1382 2710 vidit,
1430 2660 1668 2712 paginarum

162 2737 349 2779 ordinem
389 2737 440 2776 ab
481 2747 532 2776 eo
567 2746 663 2776 esse
698 2734 930 2781 inversum,
966 2737 1031 2782 ut,
1074 2743 1181 2782 quae
1217 2742 1263 2771 re
1293 2741 1394 2770 vera
1430 2728 1561 2780 prima
1590 2731 1667 2776 est,

162 2807 267 2848 falso
296 2805 409 2859 apud
434 2803 547 2847 illum
571 2804 757 2845 secunda
786 2801 856 2850 sit,
887 2805 928 2841 et
955 2805 1111 2843 contra.
1172 2799 1248 2853 Qui
1277 2797 1427 2839 deinde
1457 2798 1509 2837 de
1544 2795 1666 2839 novis
