1774 3002
136 148 191 190 96
620 153 660 191 C.
691 154 922 194 SALLUSTI
953 155 1105 198 CRISPI

272 280 340 323 65.
397 277 727 339 Transgressos
756 280 897 325 omnis
925 280 1078 340 recipit
1102 296 1230 327 mons
1258 281 1425 328 Balleia
1448 296 1586 342 prae-

136 363 291 420 ceptus
326 376 353 406 a
389 361 623 408 Lusitanis.

271 449 340 491 66.
379 445 439 490 At
474 459 553 504 per
590 460 762 492 omnem
800 446 1069 505 provinciam
1107 462 1296 508 magnae
1330 458 1586 509 atrocesque

249 605 310 645 Fr.
337 608 396 643 65.
444 604 558 650 [Cori.
590 617 627 652 p.
648 609 734 657 955.
767 606 867 642 Gerl.
903 607 962 645 ed.
997 607 1082 642 mai.
1113 607 1139 651 Ι,
1170 608 1228 644 49.
1261 607 1321 642 ed.
1353 608 1441 644 mIn.
1468 609 1497 653 Ι,
1525 611 1584 646 91.

134 672 173 708 p.
196 663 275 706 197,
301 665 356 699 10.
378 661 491 697 Debr.
516 663 559 706 ΙΙ,
580 660 655 710 2Ι.]
692 663 836 698 Nonius
864 663 927 707 VI,
948 664 1005 700 27.
1029 675 1067 710 p.
1090 665 1172 707 453,
1191 666 1226 701 3.
1259 664 1418 701 Mereer.
1443 669 1480 700 et
1504 665 1586 701 Gel-

136 718 207 754 lius
228 717 274 763 X,
294 721 352 756 26.
383 717 453 762 Qui
475 730 587 764 quum
617 719 879 765 praecedentis
901 720 1115 766 Fragmenti
1138 721 1265 756 verbis
1288 721 1407 757 allatis
1430 722 1480 757 ita
1500 733 1586 768 per-

137 778 221 821 gat:
265 775 364 818 „Ac
408 774 582 811 deinde
622 776 748 813 infra
789 777 838 812 ita
876 776 1051 822 scripsit:
1082 780 1336 823 iransyressos
1369 779 1485 814 omnis
1523 788 1583 814 re-

134 832 222 878 cipit
238 841 342 867 mons
358 835 587 879 praeceptus
609 844 633 868 α
648 829 891 874 Ζιιείιαηίε;“
925 844 972 868 ex
991 844 1036 868 eo
1060 833 1289 880 intelligitur,
1317 834 1426 879 haec,
1452 835 1586 881 paucis

136 888 361 935 interiectis,
389 892 476 934 post
503 890 700 935 superiora
729 891 791 926 illa
810 890 909 926 lecta
935 890 1070 934 fuisse,
1103 900 1146 926 ae
1176 889 1223 925 de
1245 889 1400 927 Sertorii
1428 891 1588 927 transitu

135 945 172 980 in
208 945 436 980 Lusitaniam
471 946 659 992 capienda
694 957 795 983 esse.
842 946 978 982 Montis
1014 957 1168 990 nomen,
1214 946 1315 993 quod
1346 947 1384 983 in
1415 947 1522 990 Gellii
1551 951 1588 983 et

135 1001 246 1038 Nonii
276 1001 387 1037 codd.
416 1001 543 1046 deest,
579 1002 681 1049 apud
707 1003 880 1040 Servium
910 1007 1101 1039 servatum
1131 1007 1274 1047 exstat,
1311 1004 1374 1050 qui
1404 1003 1453 1040 ad
1477 1004 1586 1051 Virg.

134 1058 233 1094 Aen.
250 1058 279 1103 Ι,
295 1061 376 1096 518.
400 1059 563 1105 quinque
586 1060 714 1106 priora
730 1061 846 1096 verba
868 1059 1006 1095 laudat.
1048 1059 1125 1096 Sed
1141 1070 1254 1106 quum
1276 1061 1314 1096 in
1329 1058 1452 1096 Servii
1471 1060 1583 1098 codd.

134 1126 203 1162 pro
235 1114 378 1150 Balleia
416 1115 528 1151 etiam
563 1117 772 1163 reperiatur
806 1116 970 1160 Panem,
1015 1112 1192 1161 Ballera,
1234 1110 1397 1161 Belloia,
1446 1117 1585 1162 Talem,

137 1170 357 1208 Gerlachius
379 1182 516 1208 nomen
538 1177 753 1220 corruptum
775 1185 862 1209 esse
891 1176 927 1208 et
949 1183 1022 1208 non
1046 1173 1189 1208 restitui
1212 1183 1329 1219 posse
1351 1173 1585 1210 contendens

135 1229 173 1264 in
196 1228 258 1264 ed.
279 1228 370 1263 min.
390 1229 502 1275 plane
531 1230 669 1265 omisit.
690 1228 769 1265 Sed
790 1233 984 1266 auctorum
1003 1232 1212 1265 ceterorum
1233 1229 1282 1265 de
1296 1229 1442 1266 Balleia
1461 1234 1585 1266 monte

137 1286 323 1323 silentium
356 1286 457 1320 nulla
489 1297 628 1322 caussa
659 1290 737 1331 est,
783 1298 848 1322 cur
881 1285 928 1321 de
961 1287 1168 1333 scripturae
1202 1286 1356 1327 veritate
1386 1286 1585 1331 dubitetur,

138 1353 249 1389 quam
270 1352 315 1376 eo
339 1341 551 1378 confirmari
569 1354 632 1378 me
658 1343 803 1379 monuit
826 1343 875 1378 V.
908 1342 949 1378 D.
979 1341 1192 1387 Casselius,
1223 1341 1325 1389 quod
1352 1343 1430 1379 Bal
1455 1344 1586 1390 lingua

138 1399 277 1435 Celtica
297 1409 475 1435 cacumen
497 1399 580 1436 sive
600 1401 842 1436 summitatem
862 1398 1061 1445 significat,
1083 1400 1169 1435 coll.
1179 1398 1440 1436 Dieffenbach.
1458 1399 1585 1435 Celtic.

138 1455 167 1491 1.
182 1454 224 1503 p.
251 1457 333 1493 192.
356 1454 527 1492 Ceterum
549 1458 667 1493 verba
685 1459 937 1504 transgressos
955 1456 1133 1502 recipit
1156 1465 1284 1492 mons
1304 1456 1351 1492 B.
1376 1457 1505 1503 paullo
1532 1456 1587 1492 in-

138 1512 318 1548 solentius
350 1512 450 1549 dicta
477 1511 577 1549 hunc
609 1524 762 1549 sensum
790 1513 950 1549 habent:
971 1513 1196 1559 transyressi
1219 1513 1258 1548 in
1284 1517 1439 1554 montem
1466 1512 1515 1548 B.
1544 1522 1585 1548 se

136 1572 374 1616 receperunt,
409 1569 491 1606 sive
515 1571 759 1617 transqressis
785 1579 889 1605 mons
915 1569 963 1605 B.
994 1570 1159 1616 receptui
1174 1568 1260 1616 fuit.

250 1625 312 1661 Fr.
332 1627 392 1664 66.
437 1622 565 1674 [Deest
585 1625 686 1672 apud
709 1625 806 1662 Cort.
828 1630 864 1661 et
884 1625 1061 1662 Debross.
1079 1645 1136 1650 —
1161 1624 1261 1661 Gerl.
1286 1620 1347 1662 ed.
1363 1625 1454 1662 mai.
1475 1626 1503 1670 1,
1527 1626 1588 1664 75.

139 1681 201 1718 ed.
223 1682 312 1717 min.
335 1682 362 1726 I,
387 1685 468 1720 124.
489 1693 528 1728 p.
550 1685 631 1728 199,
653 1683 707 1726 1.]
751 1683 1037 1728 Fragmentum,
1070 1682 1158 1717 olim
1181 1682 1430 1729 incognitum,
1466 1685 1590 1718 exstat

138 1739 176 1775 in
197 1738 346 1786 Virgilii
380 1738 553 1786 interprr.
584 1738 646 1774 ed.
679 1739 780 1786 Ang.
811 1739 900 1774 Mai.
933 1750 972 1786 p.
1001 1740 1060 1776 42.
1086 1737 1136 1774 ad
1164 1737 1264 1774 Aen.
1297 1738 1368 1782 IV,
1410 1738 1498 1782 178;
1539 1736 1589 1774 el'.

138 1795 280 1832 Valerii
317 1795 427 1831 Probi
467 1795 504 1831 in
531 1795 676 1842 Vergil.
707 1794 932 1839 Comment.,
973 1794 1103 1830 acced.
1141 1792 1266 1831 Schol.
1301 1794 1522 1830 Veronens.·
1550 1795 1586 1830 in

138 1853 247 1899 Virg.
262 1851 500 1898 Fragmenta.
531 1851 593 1888 ed.
622 1852 735 1888 Henr.
765 1852 862 1887 Keil.
891 1851 991 1896 (Hal.
1019 1852 1143 1895 1848).
1177 1849 1240 1886 Ad
1264 1850 1468 1887 Sertorium
1491 1850 1587 1886 haec

139 1910 256 1946 verba
279 1912 467 1955 spectare,
492 1909 555 1955 qui
575 1919 622 1944 ex
641 1908 876 1944 Mauretania
895 1909 934 1943 in
950 1907 1178 1943 Lusitaniam
1201 1917 1399 1955 regressus
1423 1907 1586 1942 maximo

140 1965 325 2002 adventus
355 1965 412 2001 sui
441 1969 583 2001 terrore
612 1965 804 2001 Romanos
836 1965 873 1999 in
900 1964 1098 2028 provincia
1126 1964 1356 2010 compleret,
1391 1962 1495 1999 haud
1523 1964 1589 1999 ab-

141 2021 255 2058 surde
284 2022 465 2058 coniicias
493 2032 541 2058 ex
568 2020 786 2065 Plutarcho,
816 2021 878 2083 qui
906 2021 943 2056 in
974 2020 1116 2057 Sertor.
1146 2031 1180 2056 c.
1212 2023 1291 2064 12.
1325 2019 1421 2056 haec
1452 2019 1586 2055 tradit:

141 2074 356 2127 Δισχιλίοις
375 2071 451 2129 γὰρ
477 2074 710 2125 ἑξακοσίοις,
741 2089 809 2122 ους
831 2068 1004 2126 ωνόμαζε
1027 2069 1239 2124 Ῥωμαίους
1248 2103 1282 2138 '‚
1287 2084 1311 2112 σ
1320 2089 1346 2113 υ
1355 2071 1445 2124 μμί
1451 2087 1476 2111 κ
1485 2086 1535 2112 το
1546 2088 1561 2111 ι
1569 2088 1589 2120 ς
1610 2093 1614 2095 -
1659 2074 1662 2076 ’

140 2129 190 2171 δὲ
214 2131 539 2179 ἑπτακοσίοις
557 2127 779 2183 Λιβύων
793 2130 862 2178 εἰς
883 2131 1199 2170 Λυσιτανίαν
1225 2121 1358 2184 αὐτῷ
1380 2128 1587 2168 συνδια-

139 2188 279 2240 βᾶσι,
317 2182 531 2235 πελταστας
554 2187 880 2240 τετρακισχιλίους
907 2187 1146 2225 Λυσιτανῶν
1175 2200 1244 2224 και
1269 2169 1399 2233 ἱππεῖς
1425 2183 1587 2227 ἑπτακο-

141 2243 250 2291 σίους
276 2237 533 2296 προσλαβὼν,
572 2242 746 2293 ἐπολέμει
783 2242 934 2295 τέταρσι
953 2237 1175 2292 (Ρωμαίων
1198 2244 1437 2295 στρατηγοῖς.
1488 2243 1588 2280 Satis

140 2302 382 2351 probabiliter
415 2303 526 2350 igitur
555 2313 602 2337 ex
632 2301 705 2338 hoc
735 2303 819 2338 loeo
848 2303 1027 2348 colligere
1063 2301 1153 2337 mihi
1193 2300 1327 2337 videor
1357 2300 1586 2343 Sallustium,

142 2371 255 2408 quum
289 2358 326 2395 in
361 2358 697 2408 antecedentibus,
728 2368 839 2404 quam
872 2358 1032 2404 exiguae
1063 2358 1221 2393 fuissent
1252 2357 1408 2394 Sertorii
1440 2356 1586 2404 copiae,

142 2418 460 2460 demonstrasset,
491 2416 617 2452 verbis
639 2417 688 2449 at
706 2424 780 2461 per
801 2425 896 2450 omn.
917 2424 1028 2461 prov.
1052 2418 1122 2450 etc.
1144 2424 1317 2463 narrare,
1350 2417 1509 2460 quantus
1534 2412 1587 2448 ni—

141 2473 344 2509 hilominus
377 2472 413 2508 in
443 2471 641 2519 provincia
670 2470 778 2507 timor
809 2471 937 2516 suerit,
968 2470 1067 2506 sama
1098 2470 1144 2505 de
1174 2470 1328 2507 Sertorii
1358 2469 1523 2506 exercitu
1550 2468 1588 2504 in

143 2530 366 2565 immensum
396 2528 505 2565 aucta
537 2532 573 2564 et
600 2527 736 2574 ineptis
770 2527 903 2562 rabulis
938 2526 1132 2562 exornata.
1179 2526 1300 2571 Quum
1326 2525 1445 2562 Mauri
1476 2524 1587 2568 enim,

144 2597 239 2633 quos
263 2586 324 2621 ille
346 2586 383 2620 in
405 2584 572 2621 exercitu
599 2582 793 2628 ductabat,
816 2594 893 2627 ore,
917 2584 1054 2627 colore,
1081 2583 1259 2619 universa
1281 2583 1449 2629 corporis
1470 2582 1588 2616 forma

144 2646 254 2689 atque
282 2641 431 2686 habitu,
465 2641 514 2678 ad
542 2640 615 2679 hoc
642 2641 743 2678 victu
776 2640 949 2686 cultuque
978 2640 1130 2675 multum
1159 2650 1182 2675 a
1210 2638 1345 2675 ceteris
1373 2636 1589 2674 hominibus

145 2695 418 2745 discreparent,
441 2696 531 2734 inde
548 2701 637 2735 nata
653 2694 830 2734 horrifica
850 2696 947 2732 sama
963 2707 1031 2731 eos
1049 2706 1135 2731 esse
1156 2684 1589 2744 ἀνθρωποφάγους.-

145 2756 249 2801 Quae
269 2755 399 2791 litteris
426 2755 556 2801 pronis
577 2761 759 2801 expressa
782 2755 886 2797 sunt,
919 2763 992 2788 non
1016 2751 1052 2787 in
1074 2750 1158 2787 cod.
1180 2752 1370 2798 leguntur,
1405 2752 1589 2786 vetustate
