1774 3002
156 166 241 210 372
655 171 695 208 c,
711 171 956 211 ‘SALLUSTI
986 172 1136 212 CRISPI

298 302 338 343 6.
395 296 603 342 Radicem
634 297 794 343 montis
829 298 1034 344 excessit.

302 384 341 426 7.
396 380 646 426 Paullulum
679 382 887 443 requietis
923 381 1142 427 militibus.
1354 435 1356 437 ¹

301 468 340 510 8.
399 463 610 510 Consedit
635 464 678 509 in
715 465 832 510 valle
862 464 1058 526 virgulta
1092 478 1427 525 nemorosaque.

150 608 155 611 .
298 551 338 592 9.
396 546 467 592 Ex
490 550 620 608 parte
643 548 888 594 cohortium
910 548 1163 609 praecipere
1190 548 1423 605 instructa,
1443 551 1487 595 et
1513 551 1610 595 sta-

161 629 307 676 tiones
338 630 507 677 locatae
541 647 623 692 pro
660 632 829 678 castris.

304 718 370 761 10.
429 715 475 760 In
504 716 699 761 secunda
732 715 927 760 festinas
941 714 1146 760 cohortis
1176 718 1497 776 composuerat.

302 800 368 842 ll.
425 798 516 844 Sed
541 798 615 844 ubi
652 800 850 858 tempore
887 798 986 843 anni
1022 813 1141 844 mare
1177 799 1393 845 classibus
1435 799 1610 859 patefa-

165 858 280 927 ctum
313 883 394 927 est.

164 1021 367 1055 uterentur.
405 1019 494 1063 Ubi,
525 1017 675 1065 quando
704 1021 740 1054 et
771 1029 793 1053 a
821 1018 960 1065 quibus·
981 1029 1042 1054 res
1068 1019 1167 1055 sacta
1189 1020 1254 1064 sit,
1278 1020 1414 1056 frustra
1437 1029 1608 1066 quaeras.

166 1074 386 1112 Gerlachius
409 1079 532 1111 tamen
553 1075 576 1110 l.
600 1075 645 1110 1.:
675 1073 827 1120 ,‚Recte,
850 1075 979 1121 inquit,
1002 1076 1228 1112 Debrossius
1248 1075 1455 1123 Cyzicenos
1478 1075 1610 1110 intelli-

167 1125 241 1179 git,
267 1132 352 1178 qui,
381 1143 465 1168 cum
485 1130 719 1167 Mithridates
740 1132 911 1178 captivos
932 1132 1077 1167 illorum
1097 1133 1202 1168 cives
1225 1133 1261 1168 in
1281 1132 1464 1168 machinis
1484 1135 1519 1167 et
1538 1136 1611 1167 tur-

167 1190 270 1225 ribus
301 1187 514 1235 alligandos
550 1191 739 1234 curasset,
769 1193 808 1224 ut
837 1188 948 1224 animi
979 1188 1254 1235 oppidanorum
1285 1200 1437 1225 suorum
1467 1188 1611 1224 miseri-

168 1244 299 1281 cordia
319 1245 594 1292 frangerentur,
613 1245 757 1291 patriae
779 1245 898 1280 amori
919 1256 1071 1281 suorum
1092 1246 1283 1281 caritatem
1302 1245 1610 1292 posthabuerunt.

168 1303 217 1338 cf.
248 1301 349 1348 App.
379 1301 426 1337 de
456 1302 492 1337 b.
521 1301 686 1337 Mithrid.
717 1313 750 1338 c.
782 1303 868 1340 73.“
929 1302 977 1337 At
1006 1301 1078 1338 hoc
1109 1313 1183 1338 non
1204 1306 1261 1339 est
1282 1303 1509 1349 intelligere,
1543 1300 1613 1337 sed

169 1358 349 1397 insanire.

281 1415 342 1454 Fr.
363 1417 396 1453 6.
443 1413 556 1459 [Cort.
582 1425 620 1460 p.
646 1415 752 1452 1009
785 1413 883 1450 Gerl.
912 1413 971 1450 ed.
1001 1414 1096 1450 mai.
1117 1415 1194 1452 Ine.
1212 1418 1298 1454 159.
1321 1414 1384 1453 ed.
1406 1415 1494 1452 min.
1535 1414 1612 1451 Inc.

169 1473 227 1511 49.
255 1482 294 1517 p.
305 1467 397 1516 238,
419 1474 482 1510 16.
498 1490 554 1496 —-
575 1470 687 1506 Deest
699 1481 770 1516 3Ρ.
792 1468 920 1521 Debr.]
966 1468 1094 1507 Schol.
1117 1471 1166 1507 ad
1186 1471 1291 1509 Statii
1312 1471 1429 1508 Theb.
1451 1471 1510 1515 III,
1534 1473 1614 1509 116.

172 1527 351 1564 Radicem
371 1539 419 1564 m.
442 1528 601 1563 excessit
623 1526 813 1574 significat
831 1526 917 1562 rad.
937 1538 988 1562 m.
999 1531 1309 1576 praeterqressus
1328 1532 1392 1573 est,
1415 1528 1497 1565 sive
1517 1529 1616 1564 ultra

172 1584 336 1620 radicem
354 1596 401 1620 m.
415 1585 613 1631 processit.
649 1619 653 1622 .

176 1678 178 1680 ,
251 1643 253 1645 ’
283 1641 344 1677 Fr.
364 1643 399 1679 7.
443 1639 557 1685 [Cort.
587 1651 623 1686 p.
655 1642 765 1679 1009..
792 1639 892 1675 Gerl.
922 1639 982 1676 ed.
1013 1641 1101 1676 mai.
1120 1641 1210 1677 Ine.
1239 1642 1320 1678 153.
1342 1640 1403 1676 ed.
1425 1641 1515 1676 min.
1537 1641 1614 1677 Inc.

171 1698 230 1736 47
258 1708 296 1743 Ρ.
327 1699 406 1742 238,
440 1701 494 1734 15
529 1697 639 1740 Debr,
668 1696 726 1732 III.
748 1698 808 1733 89.
836 1695 898 1739 IV,
920 1697 996 1740 95.]
1040 1696 1146 1732 Serv.
1170 1696 1219 1731 ad
1236 1697 1442 1743 Virg.·Ecl.
1464 1697 1560 1742 VIII,
1580 1699 1614 1734 4

173 1753 418 1800 Requiescere
440 1763 552 1799 quum
580 1753 692 1787 etiam
722 1752 955 1787 transitivum
991 1753 1056 1797 sit,
1090 1754 1275 1799 requietus
1303 1747 1537 1799 participium
1567 1753 1617 1788 si-

171 1809 325 1857 gnificat
353 1810 512 1857 requiete
546 1808 731 1856 refectus;
766 1809 812 1844 cs.
846 1808 923 1844 Liv.
953 1781 1080 1852 XLIV,
1112 1812 1170 1853 38,
1195 1812 1232 1847 8.
1282 1809 1427 1845 Nihilne
1455 1811 1615 1852 interest,

170 1871 294 1904 utrum
314 1865 458 1902 militem
479 1864 744 1912 requietum
767 1876 875 1900 arma
895 1862 1033 1938 cupere
1052 1862 1195 1911 iubeas,
1215 1876 1266 1901 an
1282 1861 1389 1912 lonyo
1407 1861 1540 1903 itinere
1551 1865 1615 1912 fa-

174 1924 325 1971 tiqatum
343 1922 440 1959 hosti
458 1922 616 1958 obiicias.

285 1980 353 2017 Fr.
367 1982 404 2017 8.
448 1977 564 2024 [Cort.
593 1989 632 2024 p.
661 1980 782 2016 1009..
797 1977 893 2014 Gerl.
922 1976 981 2014 ed.
1008 1978 1092 2014 mai.
1126 1978 1200 2013 Ine.
1228 1981 1308 2016 152.
1337 1978 1398 2014 ed.
1421 1979 1510 2014 mIn.
1539 1978 1616 2015 Ine.

172 2038 230 2074 46.
259 2047 295 2082 Ρ.
325 2038 406 2081 238,
427 2037 485 2073 14.
530 2035 639 2070 Debr.
657 2034 699 2079 II,
723 2036 781 2072 64.
803 2033 849 2078 V,
870 2032 971 2082 35.-]
1006 2033 1116 2070 Serv.
1140 2035 1190 2071 ad
1210 2034 1315 2082 Virg.
1337 2035 1433 2071 Aen.
1457 2035 1515 2079 111,
1537 2037 1616 2073 516.

182 2091 367 2139 Virqultus
386 2092 506 2127 rarius
527 2091 767 2135 adiectivuni,
789 2090 838 2126 ad
858 2091 1072 2138 analogiam
1101 2091 1206 2127 vocis
1218 2092 1367 2138 pluvius
1382 2092 1539 2136 sactum,
1571 2091 1619 2126 si-

175 2147 327 2195 gnificat
346 2149 508 2195 virgultis
528 2148 675 2184 obsitus.

288 2205 350 2240 Fr.
370 2207 407 2243 9.
449 2202 563 2252 [Cort.
579 2215 627 2255 p.
651 2206 752 2241 1009.
784 2203 881 2239 Gerl.
905 2203 965 2239 ed.
988 2203 1076 2238 mai.
1096 2203 1171 2239 lnc.
1195 2205 1276 2243 146.
1298 2204 1361 2240 ed.
1377 2204 1464 2239 mIn.
1482 2203 1540 2247 111,
1559 2206 1615 2242 75.

174 2271 211 2307 Ρ.
234 2263 324 2305 220,
355 2264 411 2298 12.
450 2261 562 2298 Debr.
593 2260 654 2303 IV,
682 2257 756 2307 21.]
807 2259 914 2296 Serv.
946 2259 995 2295 ad
1028 2258 1128 2306 Virg.
1152 2260 1246 2297 Aen.
1267 2260 1346 2305 XII,
1368 2263 1447 2299 661.
1494 2259 1618 2295 Verba

175 2321 250 2352 tam
273 2318 430 2363 abrupta
451 2320 548 2361 sunt,
568 2320 607 2351 ut
627 2327 749 2361 neque
770 2316 1172 2369 probabilemfsensum
1199 2327 1310 2353 eruas
1324 2345 1334 2361 ,
1355 2327 1477 2363 neque
1498 2319 1616 2352 utrum

177 2376 354 2420 corrupta
381 2373 473 2418 sint,
501 2382 633 2416 necne,
663 2373 882 2408 constituas.
926 2371 1129 2417 Putschius
1146 2373 1297 2419 quidem
1321 2374 1443 2409 locum
1465 2383 1512 2408 ex
1531 2382 1618 2408 con-

177 2430 321 2466 iectura
352 2429 406 2465 sic
438 2429 605 2475 scripsit:
638 2437 688 2464 ex
712 2431 825 2474 parte
854 2427 1056 2464 cohortium
1080 2431 1353 2476 praecipue
1374 2431 1618 2465 instruct-a

177 2487 410 2522 stationes
443 2486 584 2526 locatae
606 2495 680 2531 pro
706 2485 858 2525 castris,-
885 2484 953 2520 sed
973 2484 1079 2521 nobis
1099 2496 1144 2522 ea
1161 2496 1236 2522 non
1257 2489 1330 2521 tam
1349 2486 1545 2532 praeclara
1562 2483 1617 2521 vi-

179 2541 306 2586 detur,
326 2545 369 2578 ut
385 2541 580 2578 Gerlachio
595 2568 605 2586 ,
628 2540 690 2588 qui
710 2540 747 2576 in
767 2540 827 2576 ed.
845 2540 933 2576 min.
955 2541 993 2576 in
1013 2544 1153 2578 textum
1169 2553 1254 2578 eam
1272 2543 1415 2589 recipit,
1435 2541 1491 2578 ad·
1505 2540 1618 2586 Spar-

179 2602 303 2634 tacum
340 2598 531 2645 referens,
574 2608 622 2633 ex
656 2596 871 2633 cohortibus
914 2597 1046 2634 melius
1085 2598 1237 2635 armatis
1274 2599 1452 2635 stationes
1489 2595 1616 2643 dispo-

184 2658 348 2690 nentem.

294 2709 355 2746 Fr.
377 2712 434 2747 10.
475 2707 589 2757 [Cort.
624 2720 661 2756 p.
694 2711 797 2748 1009.
837 2708 937 2745 Gerl.
960 2708 1019 2746 ed.
1041 2710 1128 2746 mai.
1149 2711 1238 2747 Inc..⁴
1250 2711 1329 2748 141.
1350 2708 1410 2745 ed.
1433 2709 1520 2746 min.
1542 2708 1616 2744 Ine.

181 2769 240 2805 42.
258 2776 296 2814 Ρ.
317 2767 477 2811 238,›11.
507 2765 616 2802 Debr.
637 2764 685 2811 V,
706 2765 778 2810 17.]
825 2763 933 2802 Serv.
954 2764 1003 2802 ad
1023 2765 1129 2813 Virg.
1149 2766 1245 2803 Aen.
1263 2765 1325 2810 IX,
1345 2767 1426 2804 488.
1442 2764 1618 2801 Fortasse
