1774 3002
98 126 160 179 88,
580 129 620 166 c,
650 129 882 167 SALLUsn
910 128 1062 166 CRtSPl

235 256 303 299 57.
360 253 523 313 Magna
557 252 702 313 gloria
732 251 931 298 tribunus
966 253 1150 299 militum
1184 254 1229 298 in
1257 253 1470 314 Hispania
1498 253 1546 299 T.

102 336 229 402 Didio
259 335 519 401 imperante,
555 350 718 396 magno
748 351 832 382 usu
871 335 984 382 bello
1020 336 1207 382 Marsico
1237 338 1394 397 paratu
1433 336 1551 382 mili-
1606 358 1617 367 κ

97 422 190 465 tum
220 422 264 465 et
295 434 517 466 armorum
546 419 651 475 suit,
698 420 923 482 multaque
960 423 1052 466 tum
1093 420 1227 466 ductu
1268 419 1363 467 eius
1400 422 1551 467 curata

212 569 269 604 Fr.
294 571 352 608 57.
398 566 512 617 [Gort.
535 579 571 614 p.
596 571 699 606 1005.
740 568 839 604 Gerl.
864 568 924 604 ed.
946 569 1035 604 mai.
1060 570 1137 604 Ine.
1162 571 1219 607 65.
1247 570 1308 606 ed.
1335 571 1424 606 min.
1445 570 1472 616 Ι,
1492 573 1551 609 85.

103 639 140 674 p.
165 628 250 670 196,
274 628 326 663 16.
377 625 488 660 Debr.
511 625 554 669 ΙΙ,
577 622 635 672 5.]
680 625 826 670 Verba,
853 637 876 660 a
895 625 1014 661 Gellio
1035 626 1079 670 ll,
1101 628 1157 664 27.
1179 629 1214 661 et
1235 628 1360 674 aliqua
1380 639 1427 663 ex
1446 631 1553 674 parte

104 695 125 719 a
146 683 289 718 Donato
314 682 362 718 ad
383 681 468 716 Ter.
493 681 586 716 Eun.
612 681 672 727 111,
693 685 727 727 2,
747 683 806 719 29.
848 682 931 717 sine
953 682 1035 718 libri
1058 682 1244 717 mentione
1265 683 1429 728 laudata,
1450 683 1555 719 haud

105 739 216 775 dubie
247 750 291 774 eo
326 738 406 774 libri
438 737 546 783 primi
577 738 659 773 loco
689 739 784 773 lecta
814 738 981 782 suerunt,
1013 738 1074 774 ubi
1099 737 1297 775 Sallustius
1321 741 1482 786 primum
1506 740 1556 776 ad

105 796 258 833 Sertorii
285 806 344 830 res
367 797 494 842 gestas
518 793 664 829 delatus
693 793 738 829 de
760 794 840 829 eius
863 795 1027 842 ingenio,
1051 795 1229 840 moribus,
1252 806 1295 831 ae
1317 797 1442 843 priore
1465 797 1556 841 vita,

104 853 155 888 uti
186 853 301 897 solet,
330 862 453 898 pauca
477 850 668 886 disseruit.
693 871 750 878 -
793 850 975 887 Tribunus
1005 851 1153 887 militum
1172 853 1210 887 in
1231 852 1419 916 Hispania
1438 853 1557 889 fuisse

104 909 261 945 traditur
280 908 391 944 etiam
413 918 435 942 a
454 907 653 943 Plutarcho
675 907 711 943 in
730 907 869 944 Sertor.
892 920 926 944 c.
950 911 985 954 3,
1006 907 1104 944 med.
1145 899 1269 946 Μετὰ
1279 902 1349 946 τὸν
1370 906 1559 959 Κίμβρων

106 961 172 1009 καὶ
195 956 400 1001 Τευτόνων
418 955 590 1028 πόλεμον
621 959 934 1012 ἐκπεμφθεις
961 955 1055 1001 υπὸ
1084 962 1271 1002 Δειὸίω
1303 965 1559 1017 στρατηγῷ

105 1019 364 1072 χιλίαρχος
388 1012 459 1056 ἐπ’
479 1010 730 1071 Ἰβηρίας’
711 1032 754 1056 εν
770 1019 817 1072 τῇ
834 1013 944 1057 πόλει
960 1014 1169 1058 Κάστλωνι
1185 1019 1445 1072 παρεχείμαζε.
1478 1022 1559 1068 Qua

106 1090 145 1115 re
174 1088 348 1125 magnam
371 1077 530 1124 gloriam
563 1078 632 1113 sibi
663 1078 856 1124 Ρ3τ3κοτίι
876 1077 1095 1114 Plutarchus
1119 1078 1251 1114 eodem
1275 1079 1396 1126 eapite
1421 1083 1558 1123 narrat,

104 1147 149 1172 ac
181 1147 215 1170 c·
247 1137 281 1172 4
319 1134 467 1169 subiicit
499 1129 541 1170 ἐκ
571 1127 711 1170 τούτου
735 1126 954 1185 Σερτώριος
981 1129 1023 1170 ἐν
1050 1132 1098 1184 τῇ
1122 1124 1273 1186 Ἰβηρία
1297 1128 1557 1185 διεβοήθη.

106 1192 148 1227 Τ.
168 1191 299 1227 Didius
322 1194 446 1226 autem
470 1191 579 1226 annis
600 1202 634 1226 a.
655 1190 739 1230 Chr.
756 1202 793 1225 n.
810 1193 854 1230 97
872 1194 908 1226 et
923 1193 969 1229 96
989 1191 1208 1237 Hispaniam
1223 1192 1457 1238 provinciam
1472 1203 1557 1234 cum

108 1249 264 1296 imperio
294 1247 432 1300 tenuit,
468 1247 517 1283 cf.
549 1247 714 1294 Appian.
747 1247 901 1294 Hispan.
923 1259 957 1283 c.
990 1250 1048 1286 99.
1077 1258 1116 1293 p.
1143 1250 1226 1286 223.
1261 1247 1481 1296 Schweigh.
1504 1267 1554 1274 ——

114 1305 189 1342 Usu
211 1303 424 1341 Gronovius
454 1303 503 1339 ad
533 1303 639 1340 Gellii
665 1305 689 1339 l.
712 1305 737 1340 l.
770 1304 807 1339 in
830 1304 915 1339 usui
940 1303 1158 1340 mutandum
1180 1306 1346 1351 putavit,
1374 1306 1462 1352 quia
1482 1304 1557 1341 duo

109 1361 219 1398 codd.
239 1363 299 1398 usi
307 1361 470 1404 habent3
497 1359 567 1396 sed
579 1360 775 1396 Gerlachio
789 1361 989 1406 assentior,
1007 1360 1253 1407 antiquiorem
1269 1360 1384 1398 dativi
1402 1362 1558 1397 sormam

109 1418 364 1464 Sallustioque
393 1416 568 1453 usitatam
599 1415 834 1453 retinendam
864 1417 1054 1462 censenti;
1079 1417 1135 1453 cs.
1165 1416 1215 1454 ad
1241 1417 1321 1466 lug.
1357 1430 1391 1454 c.
1420 1418 1492 1463 Vl,
1525 1421 1558 1455 1.

109 1475 247 1519 XCIV,
272 1478 309 1513 2.
327 1493 383 1500 —-
419 1472 605 1510 Parata
626 1474 775 1511 militum
792 1477 825 1510 el
838 1485 1030 1510 armorum
1048 1474 1072 1509 i.
1095 1485 1128 1509 e.
1151 1474 1375 1522 colligendis
1396 1475 1478 1511 sive
1498 1485 1562 1510 eo-

111 1531 245 1578 gendis
262 1530 436 1566 militibus
453 1531 642 1577 armisque
659 1530 898 1570 instruendis.
921 1530 1087 1567 Paratus
1101 1531 1287 1573 vocabulo
1301 1530 1434 1568 eodem
1448 1530 1560 1567 modo

113 1589 221 1624 utitur
242 1587 358 1622 Tacit.
379 1586 473 1622 Hist.
494 1586 537 1631 11,
559 1589 617 1632 84,
639 1592 671 1626 1.
714 1587 891 1632 Navium,
911 1588 1078 1631 militum,
1102 1598 1291 1624 armorum
1303 1591 1449 1636 paratu
1466 1591 1559 1624 stre—

103 1650 200 1692 pere
220 1643 450 1691 provinciae.
490 1642 578 1679 Sine
609 1644 778 1691 genitivo
807 1644 942 1692 legitur
971 1643 1137 1690 Agricol.
1164 1655 1198 1679 c.
1221 1648 1282 1682 25.
1330 1644 1563 1681 Caledoniam

111 1701 306 1738 incolentes
323 1700 459 1746 populi
467 1704 651 1746 paratu
672 1696 832 1748 mayno
851 1703 982 1736 metum
1003 1699 1234 1736 addiderant.
1275 1699 1445 1737 Ceterum
1465 1700 1562 1736 haec

113 1768 261 1805 quoque
290 1756 387 1792 sicut
412 1756 573 1818 plurima
603 1756 715 1792 huius
734 1757 763 1793 F
766 1757 948 1804 ragmenti
969 1756 1189 1792 Plutarchus
1221 1768 1268 1792 ex
1289 1756 1468 1794 Sallustio
1499 1767 1562 1792 ex-

111 1813 272 1862 pressit,
289 1813 346 1850 ita
367 1812 465 1847 enim
486 1823 519 1847 e.
542 1814 576 1849 4.
615 1812 696 1876 Τοῦ
713 1811 930 1879 Μαρσικοῦ
950 1807 1123 1875 πολέμου
1145 1807 1430 1861 συνισταμένου
1446 1821 1561 1863 στρα-

112 1863 262 1914 victims·
273 1880 313 1936 1τε
331 1863 581 1930 προσταχθὲν
605 1860 714 1922 αὐτῷ
735 1864 961 1932 καταλέγειν
980 1881 1048 1907 και
1072 1861 1174 1905 data
1200 1868 1416 1918 ποιεῖσθαι,
1440 1877 1560 1908 σπου-

113 1918 189 1975 δὴν
218 1921 285 1963 καὶ
313 1917 427 1974 τάχος
452 1916 642 1975 προσθεὶς
671 1925 729 1962 τῶ
752 1922 853 1979 ἔργω
887 1916 1033 1975 ἀνδρὸς
1062 1916 1291 1976 ἕμπρακτως
1318 1921 1563 1989 βιωσομένου

114 1977 238 2029 δόξαν
257 1978 379 2031 εσχεν.
399 2002 455 2007 -
494 1981 598 2026 Quae
622 1987 844 2029 sequuntur,
867 1983 903 2018 in
924 1982 1032 2019 Gellii
1055 1981 1167 2018 codd.
1190 1981 1293 2019 haud
1314 1994 1388 2018 uno
1411 1982 1562 2018 nomine

115 2044 302 2087 corrupta,
325 2038 517 2074 difficilem
530 2049 650 2086 neque
666 2040 777 2086 plane
795 2043 935 2076 certam
950 2039 1089 2075 habent
1105 2039 1419 2084 emendationem,
1436 2050 1563 2086 quam-

116 2107 226 2144 quam
250 2096 322 2131 hoc
348 2095 438 2131 satis
466 2098 569 2142 patet
593 2095 811 2132 Sallustium
837 2106 993 2132 caussas
1019 2094 1170 2140 afferre,
1190 2106 1256 2131 cur
1272 2095 1427 2132 Sertorii
1444 2096 1562 2132 virtus

115 2152 211 2189 bello
227 2152 390 2187 Marsico
406 2152 587 2197 praestita
601 2146 746 2198 minus,x
761 2163 872 2199 quam
889 2153 1111 2196 merebatur,
1132 2151 1235 2187 clara
1251 2152 1371 2188 suerit.
1412 2153 1484 2188 Pro
1502 2162 1564 2188 eu-

116 2207 220 2253 rata,
236 2207 337 2254 quod
347 2206 525 2243 Carrione
537 2211 689 2243 auctore
713 2208 875 2245 editores
895 2208 1057 2254 amplexi
1079 2211 1175 2252 sunt,
1187 2208 1225 2243 in
1246 2208 1351 2244 Gellii
1372 2208 1486 2245 codd.
1509 2212 1565 2245 est

114 2274 184 2314 que
201 2267 335 2312 rapta,
364 2262 617 2300 nullosensu.
659 2264 803 2302 Curare
831 2266 869 2300 in
891 2276 930 2300 re
952 2264 1100 2299 militari
1131 2263 1270 2300 dictum
1295 2265 1564 2302 illustravimus
1597 2303 1602 2307 ,

116 2321 166 2359 ad
187 2320 291 2358 Catil.
317 2332 363 2365 o.v
378 2318 478 2365 LIX,
500 2321 536 2357 3.
559 2330 596 2366 p.
618 2322 700 2359 316.
734 2323 783 2357 ct.
805 2321 884 2357 Liv.
907 2320 994 2366 Vll,
1022 2322 1088 2366 26,
1123 2324 1180 2359 10.
1226 2320 1360 2358 Consul
1379 2321 1500 2358 iussus
1517 2321 1564 2358 ab

40 2397 43 2401 ·
116 2381 247 2415 senatu
264 2372 396 2413 'bellum
411 2376 631 2412 maritimum
651 2387 672 2412 c
681 2388 705 2412 u
714 2389 735 2412 r
745 2389 767 2413 a
778 2389 800 2413 r
809 2387 842 2413 e.
862 2397 919 2404 -—
959 2375 1014 2412 In
1023 2387 1044 2413 c
1053 2377 1123 2413 ele
1133 2377 1153 2412 b
1162 2389 1184 2413 r
1197 2381 1272 2414 ata
1294 2378 1492 2426 ingeniosa
1508 2382 1564 2414 est

118 2436 192 2472 lac.
209 2433 388 2471 Gronovii
413 2433 629 2469 coniectura
645 2443 713 2480 pro
731 2434 929 2478 celebrata,
952 2444 1047 2480 quae
1069 2433 1185 2469 codd.
1202 2435 1385 2482 scriptura
1399 2435 1562 2471 auctoris

116 2491 230 2528 menti
259 2501 306 2526 ex
334 2489 497 2526 adverso
526 2494 723 2537 repugnat.
769 2489 834 2527 Cui
863 2490 953 2526 vitio
983 2493 1022 2525 ut
1051 2490 1309 2536 mederentur,
1341 2490 1561 2527 ciacconius

117 2547 279 2585 coniecit
300 2547 436 2591 celata,
465 2546 762 2594 Havercampius
793 2547 945 2582 minus
963 2546 1166 2593 celebrata,
1196 2546 1413 2583 Gerlachius
1442 2546 1480 2581 in
1500 2546 1561 2582 ed.

115 2604 204 2641 mai.
215 2613 393 2652 parum
413 2602 614 2648 celebrata,
636 2603 716 2640 sine
738 2603 813 2639 ulla
832 2603 1090 2650 probabilitate
1116 2607 1292 2647 externa;
1324 2613 1436 2649 quam
1453 2602 1561 2638 facile

117 2671 210 2698 vero
227 2661 269 2697 vin
295 2659 548 2708 praecedente
569 2671 604 2695 m
624 2659 746 2696 littera
766 2659 956 2696 absorberi
976 2660 1158 2707 potuerit,
1188 2659 1414 2707 praesertim·
1428 2659 1466 2694 in
1494 2669 1561 2695 vo-

118 2718 252 2766 cabulo
280 2716 443 2762 rariore,
479 2727 546 2765 per
581 2727 622 2752 se
651 2720 763 2766 patet.
814 2715 1071 2763 Incelebratus'
1096 2717 1133 2753 in
1163 2715 1273 2753 simili
1301 2714 1485 2752 sententia
1514 2726 1560 2752 ac
