1774 3002
140 179 227 221 290
642 183 682 221 G.
713 183 944 222 SALLUSTI
974 185 1125 224 CRISPI

142 310 304 353 cerant.
362 309 515 368 Neque
539 322 619 354 eos
648 309 806 368 pudet,
835 309 1055 366 vindices,
1082 310 1145 356 uti
1173 324 1223 355 se
1248 311 1420 366 ferunt,
1450 311 1587 356 liber-
1598 327 1644 362 22

143 390 268 448 tatis,
296 394 361 437 tot
392 390 515 437 viros
541 391 637 438 sine
663 406 753 438 uno
792 395 867 438 aut
895 394 1112 440 remittere
1145 393 1345 440 iniuriam
1376 409 1467 440 non
1501 409 1588 440 au-

142 473 272 531 dere,
305 477 382 521 aut
418 475 488 521 ius
523 490 614 521 non
649 491 786 536 posse
815 477 1064 523 defendere.
1129 477 1232 523 Mihi
1269 477 1444 539 quidem
1480 477 1647 524 satis23

144 561 388 618 spectatum
418 562 507 614 est',
546 560 823 620 Pompeium,
864 563 1010 606 tantae
1041 561 1212 622 gloriae
1248 562 1587 617 adulescentem,

142 641 271 689 malle
301 642 542 705 principem
567 644 819 690 volentibus
853 644 979 690 vobis
1010 659 1135 701 esse,
1169 660 1298 707 quam
1327 644 1414 691 illis
1443 645 1589 691 domi—

142 726 332 774 nationis
366 728 557 786 socium,
589 731 902 790 auctoremque
926 728 979 774 -in
1014 729 1165 789 primis
1198 730 1294 776 fore
1336 723 1590 776 tribuniciae

143 866 254 914 lange
275 877 330 912 er,
353 866 472 904 durch
501 868 556 904 sie
582 867 901 915 emporgehoben,
933 866 1079 902 Gewalt
1097 868 1190 903 iiber
1213 867 1268 903 sie
1288 867 1363 912 hat,
1393 869 1514 904 beben
1533 868 1589 905 sie

144 933 213 959 vor
242 923 337 968 ihm,
364 924 453 960 bald
477 925 644 961 nachher
670 926 780 968 aber,
810 934 922 961 wenn
945 923 999 959 sie
1023 922 1126 959 nleht
1154 923 1260 960 mehr
1280 924 1448 961 Ursache
1466 924 1590 967 haben

142 979 208 1016 ihn
229 991 275 1017 zu
294 980 480 1027 fiir-emen,
511 982 656 1029 greifen
681 981 736 1017 sie
762 981 827 1016 ihn
847 980 966 1027 hestig
989 981 1078 1016 an.“
1099 1002 1155 1007 --
1175 980 1384 1028 Lacerant,
1414 982 1438 1018 i.
1460 992 1494 1018 e.
1522 982 1590 1018 ini-

143 1038 227 1084 quis
250 1037 401 1074 iudiciis
423 1044 459 1074 et
488 1040 724 1075 sermonibus
745 1038 1012 1085 perstringunt,
1033 1038 1129 1082 sive,
1150 1042 1190 1074 ut
1206 1037 1336 1074 Cicero
1355 1050 1394 1085 p.
1417 1038 1535 1075 Balbo
1554 1050 1589 1075 c.

141 1096 200 1139 26,
219 1095 282 1132 57.
302 1095 485 1142 loquitur,
515 1106 652 1140 „more
674 1095 865 1131 hominum
892 1094 1081 1139 invident,
1110 1095 1148 1129 in
1166 1095 1354 1131 conviviis
1375 1094 1523 1140 rodunt,
1552 1097 1590 1132 in

142 1151 293 1188 circulis
315 1152 509 1197 vellicant,
538 1151 722 1188 maledico
745 1151 855 1188 dente
883 1152 1079 1198 carpunt.“
1141 1149 1218 1187 Cic.
1248 1151 1351 1187 Brut.
1376 1163 1408 1187 e.
1428 1155 1486 1197 42,
1507 1155 1587 1191 156.

145 1207 361 1245 obtrectatio
392 1215 427 1245 ec
457 1209 591 1246 invidia
623 1209 713 1245 solet
749 1209 976 1244 lacerare
1001 1208 1213 1255 plerosque.
1273 1209 1352 1246 Liv.
1369 1207 1478 1254 XLII,
1496 1211 1532 1253 3,
1553 1213 1588 1247 5.

142 1264 268 1310 XLIII,
292 1268 329 1310 8,
349 1269 385 1304 3.
446 1266 606 1302 Videtur
636 1269 757 1302 autem
786 1276 833 1300 ex
863 1276 908 1301 eo
939 1265 1101 1300 maxime
1126 1269 1293 1312 tempore
1326 1266 1509 1302 nobilitati
1537 1265 1589 1300 si·

143 1323 278 1358 multas
299 1333 384 1358 cum
408 1319 899 1370 Pompdiaintercessisse,
929 1332 1043 1368 quum
1073 1322 1135 1357 ille
1165 1322 1328 1369 epistola
1350 1321 1400 1357 ad
1421 1325 1590 1358 senatum

143 1378 231 1415 data
259 1380 314 1425 (v.
335 1379 396 1414 Fr.
418 1378 476 1425 111,
498 1381 561 1424 .1,)
585 1380 769 1415 summam
803 1379 1057 1425 arrogantiam
1086 1379 1124 1414 in
1152 1389 1237 1414 eum
1265 1377 1435 1416 ordinem
1466 1382 1592 1414 osten-

144 1435 263 1472 derat.

258 1495 294 1536 S.
316 1496 375 1531 22.
406 1502 446 1529 se
462 1492 610 1540 ferunt)
634 1494 658 1528 i.
681 1504 715 1528 e.
737 1504 778 1529 se
799 1493 951 1537 iactant,
973 1492 1202 1539 gloriantur;
1236 1492 1285 1528 cf.
1305 1491 1590 1532 Drakenborch.

145 1549 194 1586 ad
216 1550 297 1586 Liv.
314 1549 378 1594 IV,
394 1552 452 1594 45,
475 1551 510 1587 7.
569 1549 627 1586 Se
651 1551 804 1597 quisque
827 1550 910 1585 belli
927 1549 1055 1585 ducem
1070 1550 1253 1596 potiorem
1270 1548 1300 1596 f
1302 1559 1422 1585 erre.
1445 1548 1543 1588 Ven.
1564 1549 1590 1593 1,

145 1611 200 1652 11,
227 1611 261 1644 1.
293 1605 628 1653 Pseudophilippus
646 1616 694 1642 se
714 1605 927 1653 Philippum
945 1607 1140 1652 reqiaeque
1164 1607 1291 1652 seirpus
1315 1605 1593 1653 ferebat.-

144 1662 344 1699 Remitlere
362 1664 534 1699 iniuriam
555 1663 617 1699 hic
641 1662 829 1709 significat
852 1663 1036 1707 iniuriam,
1057 1671 1151 1708 quae
1171 1662 1314 1697 sublata
1325 1665 1507 1709 potestate
1524 1663 1592 1698 tri-

142 1719 289 1756 bunicia
315 1721 506 1755 commissa
526 1724 618 1764 erat,
649 1710 773 1754 follere
796 1719 842 1754 eci
861 1718 1097 1754 restituenda.
1155 1718 1198 1753 Id
1221 1719 1348 1754 Macer
1376 1719 1591 1755 criminatur

144 1777 289 1813 nobiles
310 1787 384 1812 non
408 1776 549 1812 audere
571 1777 652 1812 sine
676 1776 868 1839 Pompeio,
890 1775 920 1811 si
948 1778 1144 1821 peccatum
1167 1786 1253 1810 esse
1274 1774 1503 1818 concedant;
1533 1775 1590 1810 sin

145 1834 227 1869 iure
246 1835 384 1870 factum
405 1838 545 1880 putent,
569 1844 643 1868 non
663 1843 779 1879 posse
799 1832 857 1867 ius
879 1842 988 1867 suum
1011 1832 1093 1868 sine
1122 1832 1183 1868 illo
1214 1830 1438 1876 defendere,
1471 1841 1590 1878 eaque

148 1890 196 1926 de
215 1901 353 1927 caussa
372 1894 470 1929 totos
491 1902 539 1926 ex
558 1901 602 1925 eo
627 1889 811 1936 pendere.

262 1950 297 1989 §-
318 1950 427 1985 23-
437 1951 496 1985 25.
517 1947 764 1994 spectatum)
757 1958 779 1981 1.
804 1957 837 1984 e
859 1947 970 1981 rebus
994 1945 1087 1991 ipsis
1109 1944 1311 1991 cognitum.
1371 1942 1593 1991 Spectantem·

146 2005 260 2049 enim,
284 2014 379 2051 quae
399 2004 519 2040 oculis
540 2004 708 2040 subiecta
727 2007 824 2039 sunt.
844 2021 902 2029 —
933 2002 1157 2038 Adulescens
1176 2000 1365 2047 quomodo
1386 2001 1593 2048 appelletur

147 2061 348 2108 Pompeius
370 2065 447 2097 tum
470 2061 621 2108 triginta
649 2065 722 2096 tres
745 2071 864 2096 annos
888 2062 996 2094 natus
1020 2060 1077 2103 (v.
1098 2057 1267 2094 Fischeri
1282 2057 1397 2094 Tabb.
1421 2057 1591 2094 chronol.

146 2117 232 2155 hist.
255 2117 362 2153 Rom.
383 2129 419 2164 p.
443 2119 558 2163 160.),
588 2117 728 2164 patebit
756 2128 804 2152 ex
826 2119 990 2153 annotat.
1012 2114 1060 2150 ad
1081 2114 1186 2151 Catil.
1210 2125 1244 2150 c.
1263 2112 1465 2158 XXXVIII,
1489 2118 1522 2155 1.
1547 2124 1587 2160 p.

148 2176 226 2212 176.
249 2195 306 2200 -
343 2173 548 2210 Volenlibus
568 2174 664 2210 vobis
679 2178 736 2209 est
757 2174 938 2209 voluntate
955 2176 989 2207 ec
1011 2181 1189 2207 consensu
1207 2174 1338 2216 vestro,
1370 2174 1410 2206 ut
1429 2169 1533 2207 Catil.
1555 2180 1590 2205 c.

146 2229 313 2274 XXXIII,
329 2234 364 2267 2.
427 2230 704 2266 Volen-tibus
732 2229 944 2265 omnibus
961 2229 1092 2263 bonis
1115 2231 1306 2275 arqentum
1326 2237 1417 2264 aere
1437 2227 1591 2263 solutum

147 2287 336 2324 est.P1o
356 2288 393 2322 in
408 2288 543 2332 primis
564 2286 724 2322 Orellius
747 2287 784 2321 in
806 2285 869 2321 ed.
891 2296 928 2321 a
947 2287 1052 2322 1840.
1084 2290 1119 2320 et
1138 2285 1260 2320 Faber
1282 2294 1480 2332 perperam
1502 2283 1592 2319 scri-

146 2348 303 2391 pserunt
327 2344 517 2390 inprimis‚·
544 2342 724 2378 adverbio
749 2344 847 2387 enim
877 2341 939 2376 hic
960 2352 1034 2376 non
1057 2346 1114 2377 est
1143 2342 1264 2377 locus.
1294 2352 1332 2377 v.
1351 2340 1406 2377 ad
1426 2339 1531 2377 Catil.
1555 2351 1588 2375 c.

147 2399 222 2445 LX,
241 2402 278 2438 6.
308 2411 347 2447 p.
368 2402 450 2438 322.
484 2403 519 2434 et
535 2398 699 2435 Kiihner.
734 2399 781 2435 ad
813 2397 889 2434 Cic.
910 2397 1044 2434 Tusce.
1066 2398 1124 2442 lil,
1148 2400 1183 2442 6,
1209 2401 1266 2436 12.
1298 2417 1358 2424 -—-
1396 2398 1590 2433 Auctorem

146 2456 361 2493 tribuniciae
373 2457 566 2504 potestatis
585 2467 659 2491 non
679 2456 730 2491 ita
759 2455 896 2491 dictum
926 2459 1001 2499 est,
1039 2459 1078 2490 ut
1099 2456 1316 2501 suppleatur
1335 2453 1589 2497 restituendae,

149 2524 372 2560 quamquam
395 2513 434 2549 id
459 2512 509 2550 ad
530 2512 748 2548 sententiam
773 2511 1030 2547 illustrandam
1064 2511 1268 2547 admodum
1297 2515 1354 2547 est
1380 2519 1589 2546 accommo-

149 2569 294 2616 datum,
328 2570 397 2606 sed
423 2573 553 2607 auctor
584 2569 802 2616 simpliciter
829 2569 929 2605 valet
965 2568 1314 2612 commendatorem,
1348 2566 1589 2614 defensorem,

141 2630 354 2674 patronum,
376 2638 448 2673 quo
466 2637 581 2663 sensu
596 2626 818 2673 saepissime
836 2625 881 2661 de
898 2625 1045 2672 legibus
1065 2624 1230 2661 serendis
1245 2623 1399 2668 dicitur;
1420 2623 1590 2668 cl'.supra

150 2682 200 2720 ad
217 2683 280 2719 Fr.
302 2683 351 2728 11,
369 2685 428 2722 47.
450 2688 486 2719 et
506 2695 544 2720 v.
567 2682 676 2719 Rein.
699 2683 735 2718 in
756 2683 858 2719 Pauli
878 2682 1084 2729 Encyclop.
1108 2682 1200 2718 real.
1221 2681 1307 2717 Vol.
1325 2680 1352 2716 I.
1373 2691 1410 2726 p.
1431 2679 1513 2717 997.
1533 2699 1591 2706 ——

150 2739 295 2777 claudit
321 2741 472 2788 antique
502 2740 640 2777 dictum
659 2750 727 2787 pro
749 2739 943 2783 claudicat,
968 2740 992 2774 i.
1015 2750 1046 2774 e.
1065 2739 1187 2774 minus
1207 2736 1391 2784 procedit.
1449 2734 1594 2772 Laudat

146 2795 246 2834 hunc
276 2797 398 2834 locum
429 2797 561 2834 Donat.
591 2796 637 2833 ad
664 2796 748 2832 Ter.
769 2796 863 2831 Eun.
886 2796 911 2841 l,
933 2799 967 2841 2,
990 2798 1049 2836 84.
1073 2795 1180 2830 simul
1212 2804 1294 2830 eum
1319 2793 1433 2829 altero
1455 2791 1591 2828 Histor.
