1774 3002
135 143 192 186 30
621 146 660 183 C.
693 146 923 185 SALLUSTI
955 146 1106 186 CRISPI
1175 118 1182 125 “

275 276 344 318 34.
389 272 494 318 Mox
521 274 642 319 tanta
666 274 834 335 flagitia
860 274 903 320 in
928 274 1003 327 tali
1027 274 1281 334 viro-pudet
1309 274 1466 320 dicere.
1506 290 1509 292 ·
1539 288 1541 290 ’

134 447 325 484 pugnam,
354 447 428 484 qua
449 435 553 473 Sulla
576 436 756 473 Kalendis
779 437 1054 474 Novembribus
1080 438 1166 473 anni
1195 440 1255 475 82.
1283 448 1318 472 a.
1348 436 1433 474 Chr.
1458 447 1494 472 n.
1518 438 1586 473 sub

136 494 228 540 ipsis
251 494 353 530 urbis
374 493 489 529 muris
513 505 597 529 cum
622 494 751 529 Pontio
769 493 942 529 Telesino
961 494 1181 531 Samnitium
1213 493 1309 530 duce
1335 495 1383 530 ita
1408 492 1585 539 conflixit,

136 554 195 595 ut,
221 561 333 597 quum
355 561 421 597 per
443 554 556 586 totum
583 550 681 586 diem
703 555 909 597 pugnatum
929 555 1050 596 esset,
1082 553 1150 588 sub
1176 561 1375 598 vesperam
1396 551 1587 587 sinistrum

137 608 219 643 eius
239 618 357 643 cornu
382 608 493 654 plane
517 607 755 652 funderetur,
777 608 1038 653 (v.Pluta1ch.
1055 609 1091 643 in
1109 608 1202 644 Sull.
1224 619 1257 643 c.
1278 610 1344 652 29,
1370 611 1466 643 extr.
1482 602 1589 651 τέλος

135 659 178 700 δὲ
204 662 275 700 τοῦ
301 654 507 711 εὐωνύμου
529 659 799 727 συντριβέντος
820 654 1090 712 ἀναμιχθέντα
1110 664 1183 709 (s'c.
1206 660 1304 711 φασὶ
1323 654 1391 700 τὸν
1410 656 1587 708 Συλλαν)

133 720 216 765 τοῖς
235 713 452 788 φεύγουσιν
467 716 521 764 εἰς
541 715 584 756 τὸ
600 712 863 770 στρατόπεδον
882 721 1128 770 καταφυγεῖν
1146 712 1315 765 πολλοὺς
1338 712 1588 770 ἀποβαλόντα

135 776 215 813 τῶν
245 773 408 826 ἑταίρων
438 771 507 812 καὶ
534 774 799 826 γνωρίμων.),
834 776 956 813 donec
990 779 1102 814 rebus
1136 789 1184 813 ex
1218 778 1410 824 inopinato
1440 779 1587 813 mutatis

136 834 292 870 victoria
321 834 432 900 plena
455 834 592 879 potitus
619 837 688 870 est.
718 835 766 870 cs.
785 834 950 880 Appian.
970 834 1014 870 Β.
1031 833 1071 870 C.
1088 835 1115 879 I,
1135 837 1194 872 93.
1214 845 1252 880 p.
1267 838 1350 872 130.
1371 833 1588 881 Schweigh.

134 882 283 939 Μαχης
304 883 338 927 δ’
360 880 485 934 ευθὺς
505 881 638 935 αὐτοῖς
659 886 767 942 περι
785 887 967 953 δείλην
990 886 1203 954 ἑσπέραν
1229 885 1507 940 γενομένης
1533 889 1590 941 τῷ

134 941 206 995 μὲν
233 944 346 996 δεξιῷ
368 939 525 991 Σύλλας
553 941 726 997 ἕκρατει,
758 959 801 984 το
822 942 865 984 δὲ
886 938 1000 983 λαιὸν
1025 942 1087 983 ἐπι
1111 939 1180 991 τὰς
1203 941 1330 991 πύλας
1347 943 1586 1010 κατέφυγενς

135 1007 171 1039 et
200 1005 331 1050 paucis
363 1004 586 1040 interiectis:
623 1000 707 1040 καὶ
736 994 918 1048 νυκτὸς
947 995 1066 1051 όλης
1096 994 1485 1068 ἆγωνισαμενοι
1485 996 1587 1040 πολὺ

133 1056 333 1108 πλῆθος”
309 1071 497 1097 εκτειναν.
557 1061 650 1096 Plut.
672 1062 693 1098 l
711 1061 734 1096 l.
750 1072 784 1096 c.
799 1062 866 1105 30,
889 1061 937 1096 ἰη.
986 1053 1106 1108 ”Han
1140 1055 1190 1096 δὲ
1220 1050 1403 1104 νυκτὸς
1435 1053 1588 1108 οὔσης

133 1114 161 1166 β
173 1114 355 1161 αθείας
377 1105 479 1165 ἧκον
508 1114 561 1161 εἷς
587 1108 630 1153 τὸ
652 1116 722 1154 τοῦ
739 1109 874 1153 Σύλλα
899 1109 1161 1166 στρατόπεδον
1181 1127 1290 1167 παρα
1307 1115 1379 1153 τοῦ
1398 1109 1587 1166 Κρασσου

135 1170 297 1211 δεῖπνον
308 1163 426 1224 αὐτῷ
449 1169 612 1218 καὶτοῖς
635 1181 886 1224 στρατιωταις
903 1169 1104 1222 μετίοντες.
1136 1173 1587 1218 Ve11.11,27,1.P0n-

134 1232 204 1266 tius
231 1231 421 1267 Telesinus
439 1250 496 1256 —-
516 1232 566 1280 ita
588 1232 639 1267 ad
652 1235 802 1278 portam
824 1230 998 1267 Collinam
1017 1241 1100 1267 cum
1121 1229 1224 1266 Sulla
1245 1201 1445 1275 dimicavit,
1478 1233 1518 1266 ul
1530 1230 1589 1265 ad

132 1297 310 1324 summum
325 1288 533 1335 periculum
554 1292 589 1323 et
609 1298 690 1324 eum
709 1293 743 1323 el
761 1287 1023 1335 rempublicam
1035 1287 1261 1334 perduceret
1283 1304 1338 1312 -—
1357 1286 1469 1323 Post
1483 1288 1587 1334 pri-

133 1356 246 1381 mam
275 1345 454 1380 demum
487 1343 651 1380 horam
689 1346 844 1381 noctis
874 1347 909 1381 et
942 1344 1112 1381 Romana
1147 1345 1246 1380 acies
1283 1344 1502 1391 respiravit,
1553 1347 1588 1379 et

132 1401 286 1438 hostium
308 1402 427 1437 cessit.

246 1459 307 1495 Fr.
323 1461 382 1496 34.
414 1456 543 1507 [Deest
564 1457 666 1504 apud
687 1457 783 1494 Cort.
805 1462 841 1493 et
865 1457 976 1494 Debr.
997 1478 1057 1485 —
1083 1459 1194 1494 Gerl.·
1210 1456 1270 1494 e'd.
1296 1457 1382 1494 mai.
1404 1456 1481 1492 Ine.
1502 1458 1581 1495 178.

135 1515 197 1552 ed.
217 1516 306 1551 min.
329 1515 362 1559 I,
387 1517 447 1552 44.
468 1526 506 1561 p.
530 1517 617 1560 190,
638 1512 688 1562 1.]
717 1514 845 1551 Schol.
866 1515 1032 1551 Gronov.
1060 1515 1109 1551 ad
1134 1514 1212 1551 Cic.
1230 1525 1270 1561 p.
1288 1514 1403 1550 Rosc.
1418 1513 1505 1550 Am.
1524 1515 1584 1560 32,

133 1575 190 1610 90.
211 1584 247 1619 p.
263 1574 344 1610 434.
370 1571 481 1608 Orell.
503 1571 598 1607 haec
625 1571 724 1608 nude
747 1575 786 1607 ut
802 1571 967 1608 Sallustii
984 1573 1100 1608 verba
1121 1571 1269 1616 laudat,
1290 1570 1391 1607 unde
1406 1570 1584 1606 Wassius

134 1628 184 1665 ad
195 1629 276 1675 lug.
288 1627 401 1673 XCV,
411 1630 448 1666 4.
460 1628 604 1674 putavit
622 1627 722 1664 hunc
743 1629 866 1664 locum
883 1639 905 1664 a
921 1629 1124 1665 scholiasta
1132 1628 1292 1675 respici,
1283 1638 1291 1646 ·
1309 1627 1379 1663 sed
1395 1626 1509 1663 nimia
1523 1630 1585 1663 est

134 1686 325 1731 utriusque
346 1685 419 1721 loci
439 1684 661 1730 diversitas,
695 1695 805 1731 quam
825 1689 863 1720 ut
887 1684 982 1721 haec
1004 1686 1131 1732 opinio
1163 1686 1276 1720 ullam
1313 1683 1582 1730 probabilitatis

134 1743 299 1790 speciem
320 1741 469 1778 habeat.
515 1741 639 1786 Quare
658 1746 770 1788 quum
788 1741 991 1778 scholiasta
1017 1741 1151 1778 doceat
1170 1740 1218 1777 de
1241 1739 1346 1776 Sulla
1365 1739 1460 1779 haec
1485 1739 1582 1776 dicta

132 1810 244 1844 esse,
272 1802 421 1834 certum
449 1797 599 1834 videtur
631 1798 669 1834 in
693 1799 819 1846 primo
846 1798 1093 1834 Historiarum
1121 1798 1215 1834 libro
1245 1795 1284 1832 id
1314 1787 1451 1833 sactum
1481 1807 1581 1842 esse,

130 1856 193 1892 ubi
209 1860 340 1892 auctor
361 1855 433 1891 de
425 1855 577 1891 1mrnani
607 1855 689 1891 eius
711 1854 928 1891 crudelitate
944 1859 1031 1901 post
1057 1854 1227 1891 devictos
1251 1852 1494 1890 adversarios
1519 1865 1582 1890 ex-

131 1913 282 1960 posuit-3
313 1913 362 1948 cf.
382 1912 584 1959 Augustin.
601 1911 649 1947 de
667 1911 748 1950 Civ.
766 1912 811 1947 D.
833 1912 884 1957 ΙΙ,
902 1914 960 1950 18.
1020 1911 1143 1957 „Dicit
1165 1910 1303 1947 deinde
1318 1911 1393 1956 (sc.
1417 1914 1504 1958 post
1524 1921 1581 1956 ea,

132 1981 228 2017 quae
251 1979 366 2016 supra
387 1969 449 2005 Fr.
465 1968 499 2014 I,
524 1973 582 2007 10.
610 1972 668 2007 ll.
689 1972 746 2006 12.
763 1969 955 2016 leguntur)
979 1970 1088 2016 plura
1113 1967 1311 2006 Sallustius
1326 1966 1373 2003 de
1388 1966 1514 2004 Sullae
1531 1967 1581 2003 vi-

132 2028 191 2062 tiis
210 2030 410 2072 ceteraque
432 2025 606 2061 foeditate
629 2026 899 2072 reipublicae.“
958 2026 1142 2070 Quantum
1164 2036 1211 2060 ex
1225 2035 1320 2061 voce
1340 2034 1430 2060 mox
1445 2023 1581 2059 coniiei

130 2087 274 2130 potest,
302 2082 402 2118 hunc
430 2084 552 2118 locum
575 2083 786 2129 praecessit
809 2083 967 2118 sortasse
995 2083 1077 2118 laus
1104 2082 1262 2118 lenitatis
1284 2084 1319 2116 et
1349 2081 1579 2124 clementiae,

131 2143 240 2175 antea
261 2139 421 2174 inimicis
442 2140 655 2184 praebitae,
674 2150 784 2185 quam
806 2138 943 2174 deinde
967 2139 1048 2175 dir'a
1071 2138 1323 2174 inhumanitas
1350 2141 1479 2173 secuta
1510 2141 1579 2181 est,

132 2195 180 2231 de
202 2206 276 2242 qua
302 2205 447 2230 morum
469 2196 718 2231 conversione
743 2195 868 2231 Sullae
891 2196 953 2231 alii
982 2205 1129 2242 quoque
1162 2195 1367 2241 scriptores
1396 2204 1579 2233 memora-

131 2256 229 2288 runt.
279 2252 328 2286 ct'.
359 2251 458 2286 Vell.
482 2251 531 2296 ΙΙ,
569 2254 635 2295 25,
663 2254 700 2288 3.
758 2251 859 2287 Adeo
895 2251 999 2287 Sulla
1035 2251 1217 2286 dissimilis
1249 2250 1323 2297 fuit
1353 2250 1506 2287 bellator
1533 2260 1580 2287 ac

131 2310 267 2353 victor,
291 2311 350 2351 ut,
383 2307 470 2344 dum
488 2307 654 2351 dimicat,
680 2308 872 2343 iustissimo
892 2308 1019 2352 lenior,
1036 2300 1331 2355 post‘victonam
1354 2306 1477 2343 audito
1496 2306 1579 2354 fue-

130 2367 181 2402 rit
209 2364 408 2401 crudelior.
466 2363 521 2398 Id.
546 2363 594 2407 ΙΙ,
622 2365 689 2408 28,
718 2367 754 2401 2.
816 2363 1040 2412 Videbantur
1069 2364 1175 2410 finita
1210 2363 1293 2399 belli
1320 2364 1434 2400 civilis
1464 2363 1576 2406 mala,

131 2433 242 2470 quam
261 2420 387 2457 Sullae
411 2420 626 2456 crudelitate
649 2424 758 2456 aucta
778 2423 875 2455 sunl.
925 2419 1068 2467 Quippe
1089 2420 1244 2456 dictator
1264 2424 1413 2457 creatus
1429 2434 1486 2450 ⁴·—
1511 2421 1577 2455 im·

124 2480 234 2526 perio
253 2479 292 2514 in
310 2477 523 2513 immodicae
543 2476 768 2512 crudelitatis
785 2476 964 2512 licentiam
985 2486 1075 2513 usus
1094 2480 1159 2513 est.
1218 2476 1405 2513 Plutarch.
1430 2476 1467 2512 in
1483 2474 1576 2512 Sull.

133 2546 168 2572 c.
181 2538 248 2579 30,
273 2537 367 2570 extr.
408 2525 567 2577 Σύλλας
594 2531 755 2583 μετρίως
778 2544 827 2568 τα
847 2532 983 2582 πρῶτα
1006 2544 1073 2568 και
1091 2532 1298 2577 πολιτικῶς
1320 2524 1508 2581 ὁμιλήσας
1528 2530 1578 2594 τῇ

132 2583 230 2643 τύχῃ
244 2602 312 2627 και
327 2582 447 2636 δόξαν
466 2579 791 2640 ἀριστοκρατικοῦ
805 2584 873 2625 καὶ
889 2581 1177 2651 δημωφελοῦς“
1157 2582 1348 2639 ηγεμόνος
1362 2597 1577 2651 παρασχων

132 2667 189 2674 -
207 2628 371 2691 εἰκότως
393 2643 675 2710 προςετρίψατο
699 2645 785 2690 ταῖς
805 2637 990 2710 μεγαλαις
1014 2641 1204 2692 ἐξουσίαις
1226 2635 1428 2710 διαβολὴν,
1450 2656 1503 2689 ως
1527 2655 1576 2680 τα

131 2695 218 2753 ἤθη
233 2699 384 2766 μένειν
383 2694 457 2739 οὐκ
474 2696 614 2747 ἐώσαις
629 2697 691 2739 ἐπὶ
709 2701 789 2739 τῶν
803 2693 884 2748 ἕξ’
860 2702 982 2753 αρχῆς
1001 2697 1169 2754 τρόπων,
1172 2693 1275 2740 ἄλλ’
1293 2698 1493 2750 ἔμπληκτα
1508 2696 1575 2737 καὶ

133 2760 260 2810 χαῦνα
277 2754 345 2796 καὶ
359 2750 616 2811 ἀπάνθρωπα
628 2751 845 2803 ποιούσαις.
