1774 3002
501 116 833 161 HISTORIARUM
859 113 1172 153 FRAGMENTA.
1230 112 1315 148 LIB.
1343 111 1386 147 ll.
1566 106 1650 151 159

342 245 411 291 50.
442 242 623 288 -Oralio
657 239 704 286 C.
742 239 891 292 Collae
917 237 1106 284 ‹tomi-ulis»¹
1134 237 1197 282 ad
1218 234 1441 296 populum.

341 325 453 372 Dein
487 323 615 370 Cotta
642 322 697 368 in
716 321 831 367 hunc
861 320 1037 372 modum
1063 317 1294 364 disseruit:

345 407 557 463 Quirites,
583 405 716 452 multa
737 404 838 450 mihi
858 402 1051 464 pericula
1076 401 1191 447 domi
1211 399 1496 460 militiaeque,
1516 398 1651 445 multa

211 578 259 614 ex
271 566 447 614 antiquae
466 565 671 612 scripturae
687 563 859 611 vestigiis
879 563 960 599 erui
979 562 1112 608 possit,
1132 561 1264 598 mirum
1285 563 1354 604 est,
1375 558 1653 606 quodpertzius

210 627 386 671 tauquam
414 633 454 659 re
495 625 596 658 certa
625 621 777 668 scripsit
814 621 851 655 in
882 618 1283 667 propuqnaculum
1311 616 1500 664 pervenit,
1537 626 1653 652 sensu

208 679 347 727 pariter
387 680 551 715 alienum
587 673 707 724 'atque
746 676 821 713 fide
867 675 1094 712 destitutum.
1162 673 1250 709 Inde
1291 672 1402 709 ducta
1439 671 1651 720 Kreyssigii

212 737 430 773 coniectura
461 734 566 780 (Cur.
599 745 674 771 sec.
702 745 739 780 p.
769 737 814 772 21
847 735 926 779 sq.)
956 733 993 767 in
1017 732 1096 767 eius
1122 731 1359 766 coenaculum
1382 730 1552 776 pervenit
1576 740 1652 765 non

213 792 440 840 displiceret,
463 790 647 838 siquidem
662 789 763 826 haud
785 788 1026 837 improbabile
1037 786 1198 828 videtur,
1219 785 1489 822 multitudinem
1510 786 1654 833 fugien-

213 842 271 885 tes
295 852 461 885 secutam
481 859 555 884 non
580 847 700 883 solum
730 847 766 882 in
798 845 931 881 domus
953 844 1183 881 Octavianae
1208 844 1432 880 vestibulum
1460 846 1496 878 et
1522 845 1655 878 atrium

216 905 418 953 irrupisse,
441 903 511 940 sed
530 903 640 939 etiam
658 903 695 938 in
716 902 948 949 superiorem
973 901 1054 936 eius
1075 899 1390 946 contignationem
1412 899 1495 935 sive
1519 909 1655 935 coena-

215 962 359 1006 culum,
391 971 464 1007 quo
486 960 660 996 consules
682 960 791 995 ambo
816 969 900 994 cum
929 958 1063 993 ceteris
1084 967 1125 992 se
1147 956 1339 1002 recepisse
1360 959 1654 992 consentaneum

215 1021 285 1062 est,
313 1017 427 1054 scalis
445 1015 687 1059 ascendisse3
711 1014 781 1051 sed
802 1014 977 1062 quoniam
993 1023 1039 1048 ea
1059 1013 1274 1048 coniectura
1294 1014 1390 1048 iusto
1412 1011 1654 1048 fundamento

215 1077 337 1118 caret,
362 1072 454 1109 nihil
481 1073 515 1108 ei
539 1071 773 1108 tribuendum
794 1081 946 1107 censeo.
1004 1068 1186 1105 Huschkii
1217 1079 1308 1104 vero
1337 1068 1486 1104 medela
1514 1079 1554 1114 p.
1573 1069 1655 1111 277.

215 1130 410 1176 proposita
437 1130 572 1176 ingenti
582 1138 713 1176 puyna
733 1128 862 1163 civium
875 1127 1046 1174 pervenit
1065 1136 1139 1161 non
1163 1125 1282 1161 solum
1312 1125 1571 1172 probabilitate
1593 1136 1658 1161 ex-

217 1190 321 1225 terna
339 1189 496 1222 nonest
514 1185 658 1228 melior,
685 1183 754 1220 sed
775 1194 820 1220 eo
843 1183 994 1220 nomine
1013 1183 1127 1218 multo
1150 1181 1326 1229 deterior,
1348 1181 1462 1228 quod,
1486 1185 1523 1217 ut
1542 1192 1657 1229 supra

216 1241 428 1286 docuimus,
448 1251 576 1288 pugna
596 1240 734 1277 civium
754 1241 791 1275 in
811 1240 873 1276 illo
896 1240 1049 1276 tumultu
1069 1239 1182 1286 plane
1203 1249 1277 1274 non
1300 1238 1378 1276 suit.

327 1299 389 1335 Fr.
409 1301 471 1336 50.
508 1296 625 1342 [Cort.
648 1308 687 1343 p.
707 1298 937 1336 999—1002.
979 1295 1077 1331 Gerl.
1099 1294 1160 1330 ed.
1182 1295 1268 1330 mai.
1298 1296 1375 1331 lnc.
1402 1295 1457 1332 17.
1482 1294 1543 1330 ed.
1564 1295 1652 1331 min.

217 1355 275 1400 11,
293 1357 354 1395 97.
382 1365 420 1401 p.
440 1356 522 1392 206.
561 1353 670 1390 Debr.
693 1353 748 1397 ΙΙ,
779 1353 876 1397 145.]
935 1352 1037 1387 Haec
1059 1352 1177 1387 oratio
1208 1355 1328 1387 exstat
1351 1351 1387 1386 in
1408 1350 1518 1386 codd.
1543 1351 1655 1396 Van„

216 1411 363 1456 Uri-sin„
392 1409 566 1447 Ciaccon.
601 1413 637 1444 et
658 1409 826 1452 Balliol.‚
854 1408 900 1456 de
928 1408 1061 1454 quibus
1090 1419 1127 1442 v.
1155 1408 1277 1443 Prael'.
1333 1408 1533 1443 Praeterea
1562 1407 1658 1444 initii

218 1468 356 1514 exigua
377 1465 563 1513 quaedam
573 1465 736 1512 vestigia
757 1469 956 1511 supersunt
976 1464 1012 1499 in
1022 1464 1254 1510 Palimpsesti
1267 1461 1504 1513 Toletani(v.
1514 1465 1658 1510 Praei.)

220 1524 293 1559 eol.
315 1523 380 1568 lv,
410 1532 507 1569 quae
526 1521 657 1557 litteris
680 1520 898 1557 maiusculis
922 1531 1105 1567 expressa
1122 1519 1184 1556 hic
1206 1520 1467 1556 subiiciemus:

494 1577 641 1614 UALIN
664 1602 1167 1612 ................

494 1632 604 1670 INCO
630 1658 1160 1669 .................

493 1688 664 1726 SERUit:
691 1689 872 1734 Quirites,
894 1690 1010 1725 multa

495 1745 598 1781 MIHI
618 1746 785 1792 pericula
806 1745 906 1781 domi
930 1746 1024 1781 mili-

494 1800 653 1846 TIAEQ.
674 1803 788 1837 multa
810 1801 975 1837 advorsa
995 1802 1072 1837 sue-

492 1856 722 1902 REQuorum
743 1858 816 1893 alia
834 1859 967 1893 tolera-

496 1912 690 1949 BlPArtim
710 1914 854 1960 reppuli
876 1913 964 1949 deo-

496 1968 579 2003 ruM
603 1969 764 2004 auxiliis.

224 2023 328 2068 Quae
349 2027 479 2058 tenues
499 2024 697 2059 columnae
720 2024 784 2059 IV.
807 2023 987 2070 reliquiae
1018 2036 1101 2060 cum
1129 2024 1377 2061 cohaererent
1398 2036 1482 2068 cum
1510 2025 1661 2063 maiori-

222 2081 292 2116 bus
314 2078 504 2115 secundae
531 2083 567 2114 et
589 2079 717 2116 tertiae
737 2080 932 2116 columnae
954 2080 982 2115 F
985 2081 1205 2127 ragmenfis,
1222 2092 1267 2116 eo
1289 2092 1364 2117 non
1385 2081 1507 2117 solum
1526 2080 1660 2119 horum

224 2136 328 2171 loeus
349 2138 574 2171 monstratus
598 2139 674 2180 est,
695 2135 765 2171 sed
781 2136 1006 2182 patefactum
1025 2137 1149 2182 etiam,
1180 2148 1275 2184 quae
1296 2147 1432 2174 caussa
1450 2136 1563 2174 huius
1584 2139 1661 2175 lue-

224 2192 271 2227 rit
302 2191 496 2227 orationis.
554 2190 726 2227 Tumultu
749 2192 848 2228 enim
867 2192 904 2228 in
924 2203 1032 2241 sacra
1052 2193 1116 2229 via
1136 2198 1263 2230 coorto
1286 2204 1398 2240 quum
1424 2193 1535 2229 valde
1555 2205 1660 2241 pres-

225 2258 290 2283 sus
308 2245 413 2284 Cotta
432 2248 563 2284 consul
583 2247 622 2283 in
635 2247 779 2285 Octavii
793 2247 944 2285 domum
963 2249 1167 2297 confugere
1186 2254 1396 2298 cogeretur,
1415 2250 1478 2285 ubi
1498 2250 1660 2297 primum

226 2303 327 2339 furor
361 2302 521 2339 deservit
559 2303 823 2350 multitudinis,
860 2303 1001 2352 prodiit
1024 2307 1278 2353 populumque
1302 2306 1471 2349 oratione
1502 2306 1660 2343 delinire

227 2358 365 2403 studiit,
395 2358 468 2394 hoc
498 2359 678 2406 imprimis
705 2371 845 2408 agens,
876 2365 914 2396 ut
942 2365 978 2396 et
1006 2372 1131 2398 rerum
1161 2360 1420 2407 adversarum,
1451 2363 1585 2409 quibus
1609 2364 1660 2399 ci-

225 2416 323 2453 vitas
356 2413 649 2460 conflictati-etur,
695 2428 737 2452 se
774 2417 960 2453 insontem
996 2428 1082 2454 esse
1117 2418 1288 2463 doceret,
1328 2423 1364 2455 et
1396 2422 1567 2465 paratum
1616 2431 1659 2455 se

225 2470 439 2508 ostenderet
466 2470 515 2507 ad
544 2471 703 2508 animam
728 2483 795 2518 pro
823 2474 1015 2520 republica
1043 2474 1270 2521 vovendam,
1297 2477 1329 2511 si
1356 2479 1512 2511 mortem
1540 2487 1658 2520 suam,

226 2539 338 2574 quam
375 2527 410 2563 ei
438 2525 612 2563 videntur
636 2528 763 2564 minati
794 2539 903 2574 esse,
938 2531 1200 2577 praesentibus
1232 2530 1478 2567 incommodis
1514 2531 1659 2567 mederi

224 2595 339 2630 posse
366 2582 585 2627 crederent,
609 2583 667 2619 sin
686 2584 821 2630 minus,
850 2586 1046 2622 tolerarent
1072 2587 1155 2622 forti
1179 2589 1304 2623 animo
1334 2586 1497 2625 adversa
1525 2592 1561 2623 et
1589 2588 1661 2623 rei-

225 2641 396 2686 publicae
427 2639 678 2675 consulerent.
701 2659 756 2665 —
782 2639 906 2678 Oratio
936 2650 1050 2688 quum
1075 2654 1172 2678 anno
1202 2644 1261 2681 75.
1292 2655 1324 2680 a.
1347 2642 1433 2680 Chr.
1465 2654 1504 2679 n.
1533 2643 1659 2680 habita

228 2696 286 2740 sit,
304 2706 378 2743 quo
395 2705 493 2732 anno
505 2694 544 2731 C.
556 2693 661 2732 Cotta
669 2696 802 2747 consul
820 2697 898 2742 fuit,
914 2698 997 2734 luce
1013 2698 1150 2736 clarius
1167 2703 1235 2744 est,
1253 2699 1302 2736 ad
1312 2699 1511 2736 secundum
1526 2700 1659 2735 librum
