1774 3002
150 126 235 170 224
554 124 557 126 ’
635 133 674 169 c.
705 134 937 172 SALLUSTI
966 135 1116 174 CRISPI

93 297 99 302 .
285 260 354 303 40.
411 256 471 302 Se
507 257 602 303 eius
638 272 774 318 opera
803 274 891 306 non
925 266 1131 320 usurum,
1165 276 1354 324 eumque
1387 263 1442 309 ab
1469 264 1600 309 armis

148 339 331 387 dimittit.

284 428 353 471 41.
411 423 605 479 Quarum
631 440 762 472 unam
783 426 1014 486 epistulam
1038 430 1150 474 sorte
1178 444 1275 475 cum
1303 444 1436 476 servo
1455 430 1597 476 nancti

147 509 434 568 praedatores
461 509 685 555 Valeriani
716 511 949 571 scorpione
986 512 1027 558 in
1059 515 1203 559 castra
1237 512 1408 559 misere.

150 659 216 684 cur
233 647 336 684 Cotta
358 648 392 683 ei
414 650 638 684 irasceretur
652 677 660 693 ,
689 648 785 686 haec
809 651 895 695 fuit,
927 651 1027 698 quod
1048 657 1142 688 teste
1159 652 1384 697 Quintiliano
1406 653 1452 698 V,
1471 654 1596 697 13,17.

148 705 195 740 de
226 706 380 741 militum
408 705 558 742 cibariis
590 705 803 742 detraxerat
833 712 869 743 et
896 710 1099 745 exercitum
1131 709 1325 757 largiendo
1353 721 1593 756 corrumpere

149 762 354 798 studuerat.
398 762 452 798 Ob
479 761 734 799 haec.delicta
756 763 858 800 haud
881 764 993 802 dubie
1015 766 1179 813 graviter
1201 777 1222 802 a
1249 765 1352 802 Cotta
1381 767 1594 813 increpatus

149 820 428 866 castigatusque
459 820 531 854 telo
563 830 645 869 eum
675 821 848 866 appetiit,
881 826 943 857 aut
976 827 1076 858 certe
1104 823 1308 870 appetiisse
1343 825 1592 870 arguebatur;

147 887 231 911 nam
265 887 341 912 rem
372 877 552 911 incertam
583 876 700 912 fuisse
726 887 799 912 non
832 879 952 914 solum
981 890 1029 914 ex
1051 879 1218 916 Sallustii
1239 880 1365 916 verbis
1395 879 1593 927 colligitur,

149 933 218 969 sed
240 934 350 969 etiam
374 944 422 968 ex
447 932 638 968 Ciceronis
659 932 879 970 defensione
901 940 1022 982 patet,
1052 936 1100 971 de
1121 936 1365 983 qua-Quintil.
1387 937 1433 980 V,
1457 940 1512 980 10,
1537 939 1594 975 69.

147 990 242 1026 haec
272 989 404 1026 habet:
447 990 584 1034 „Facit
611 989 684 1025 hoc
714 989 844 1026 Cicero
872 1003 941 1038 pro
968 992 1108 1039 OppIo:
1145 992 1292 1038 Utrum,
1321 1004 1431 1040 qucum
1457 993 1593 1029 Cottam

146 1048 362 1094 appetisset,
394 1058 443 1082 an
466 1057 576 1093 quum
602 1047 680 1092 ipse
701 1057 742 1082 se
761 1052 960 1084 conaretur
980 1050 1163 1094 occidere,
1198 1051 1305 1086 tetum
1325 1051 1360 1085 ei
1385 1059 1406 1085 e
1424 1049 1590 1085 manibus

147 1107 311 1150 ereptum
332 1108 399 1139 est
394 1104 440 1129 7
478 1103 538 1138 Ad
558 1102 715 1138 eandem
742 1105 795 1140 rei
818 1106 1094 1152 ambiguitatem
1118 1110 1261 1152 spectat
1281 1106 1394 1142 etiam
1416 1107 1508 1142 alter
1531 1105 1589 1142 Ci-

148 1160 295 1196 ceronis
316 1160 421 1195 locus
443 1170 464 1195 a
487 1159 712 1204 Quintiliano
734 1162 879 1206 allatus,
905 1162 952 1206 V,
976 1165 1032 1207 13,
1053 1165 1111 1201 30.
1132 1163 1180 1198 At
1197 1163 1292 1198 enim
1309 1173 1382 1199 non
1402 1161 1593 1198 verisimile

146 1221 201 1253 est
228 1220 365 1253 tantum
385 1217 503 1253 scelus
525 1216 578 1252 M.
603 1216 739 1253 Cottam
759 1227 839 1254 esse
861 1223 1118 1255 commentum!
1151 1218 1272 1263 Quid?
1309 1219 1378 1256 hoc
1400 1220 1593 1255 verisimile

147 1278 217 1320 est,
248 1276 386 1310 tantum
415 1274 534 1309 scelus
557 1273 711 1320 Oppium
734 1284 814 1310 esse
839 1279 1035 1312 conatum?
1072 1276 1150 1313 Sed
1177 1275 1263 1312 licet
1289 1276 1418 1313 Cicero
1445 1276 1591 1312 clientis

149 1331 206 1367 sui
227 1332 368 1367 crimen
394 1330 528 1378 quovis
547 1330 660 1365 modo
681 1335 884 1367 extenuare
910 1332 1110 1377 studuerit,
1141 1332 1244 1369 Cotta
1272 1337 1372 1369 certe
1393 1343 1471 1368 rem
1493 1332 1589 1368 adeo

148 1398 261 1435 aegre
282 1388 381 1433 tulit,
412 1391 451 1424 ut
475 1387 635 1434 Oppium
655 1389 700 1423 ab
723 1389 888 1424 exercitu
910 1394 1140 1441 removeret;
1171 1390 1219 1425 cs.
1242 1390 1270 1425 F
1273 1400 1394 1452 ragm
1413 1400 1590 1435 sequens,

148 1449 184 1480 et
206 1444 313 1480 Dion.
339 1443 446 1481 Cass.
469 1443 637 1490 XXXVI,
665 1447 724 1482 23.
760 1444 840 1481 Τοῦ
869 1435 909 1495 γ’
940 1441 1013 1482 οὐν
1041 1438 1192 1483 Κόττον
1218 1445 1289 1482 τοῦ
1314 1437 1495 1496 Μάρκου
1521 1436 1592 1482 τὸν

146 1496 219 1550 μὲν
244 1497 388 1550 ταμίαν
415 1494 624 1538 Πούπλιον
638 1493 811 1539 Ὄππιον
846 1497 912 1538 ἐπί
936 1513 976 1538 τε
1003 1496 1144 1553 δώροις
1176 1499 1244 1539 καὶ
1281 1498 1359 1539 ἐπὶ
1397 1497 1592 1553 ὐποψίᾳ

147 1554 419 1608 ἐπιβουλῆς
448 1548 860 1606 ἀποπέμψαντος,
888 1570 924 1595 κ.
944 1571 977 1595 τ.
998 1558 1031 1595 λ.
1124 1593 1126 1595 .

260 1615 322 1650 Fr.
343 1617 401 1652 40.
437 1613 552 1663 [Cort.
574 1625 612 1661 p.
635 1618 738 1654 1006
761 1615 859 1651 Gerl.
882 1615 943 1651 ed.
966 1616 1052 1652 mai.
1079 1616 1155 1652 Inc.
1175 1619 1236 1654 83.
1258 1615 1321 1652 ed.
1339 1615 1429 1651 min.
1455 1605 1516 1660 ΠΙ,
1531 1618 1590 1653 50.

147 1682 184 1718 p.
210 1674 290 1718 218,
311 1675 368 1709 20.
392 1671 502 1707 Debr.
521 1672 572 1719 ’,ΧΤ
593 1669 668 1719 69.]
709 1672 858 1719 Fragm.
882 1672 954 1707 hoc
976 1683 1087 1719 quum
1109 1684 1132 1708 a
1149 1672 1282 1709 Servio
1305 1671 1354 1707 ad
1369 1672 1475 1718 Virg.
1492 1671 1591 1707 Aen.

147 1728 226 1773 ΧΙΙ,
243 1730 327 1767 844.
360 1729 411 1764 ita
438 1727 636 1764 afferatur:
682 1726 918 1773 „Sallustius
950 1728 996 1763 de
1026 1729 1171 1775 Appio,
1212 1729 1272 1764 ubi
1307 1739 1392 1764 eum
1422 1726 1526 1763 Cotta
1555 1728 1590 1762 in

147 1778 386 1830 contentione>
405 1786 450 1821 ab
478 1785 644 1821 exercitu
673 1787 775 1832 cogit
805 1784 1032 1830 abscedere,
1071 1784 1160 1820 dicit
1183 1794 1224 1820 se
1244 1786 1320 1821 eius
1342 1793 1458 1831 opera
1479 1785 1589 1827 etc.“‚

149 1843 185 1878 in
207 1842 380 1882 omnibus
401 1841 690 1885 Sallustiiedd„
719 1846 878 1888 excepta
899 1841 1146 1883 Gerlachiana
1166 1842 1320 1886 minore,
1342 1841 1452 1876 etiam
1474 1841 1589 1876 verba

155 1898 223 1935 Ubi
246 1908 328 1935 eum
350 1899 447 1936 Cotta
474 1919 530 1924 ——
558 1898 643 1934 dicit
662 1897 770 1934 slmul
791 1909 876 1934 cum
894 1899 1045 1935 relicuis
1066 1909 1134 1944 pro
1156 1897 1392 1935 sallustianis
1413 1896 1593 1932 exhiben-

148 1960 217 1992 tur.
269 1954 345 1992 Sed
368 1955 492 1994 Servii
521 1966 566 1991 ea
585 1966 671 1991 esse
700 1958 773 1991 tum
795 1955 879 2002 ipsa
901 1955 1081 1991 orationis
1100 1956 1238 1998 torma,
1278 1958 1355 1990 tum
1386 1953 1592 1989 sententiae

92 2040 97 2046 ,
146 2013 240 2048 ratio
266 2012 443 2049 ostendit.
486 2013 579 2048 Nam
610 2023 722 2058 quum
745 2012 925 2059 Virgilius
947 2023 1039 2048 usus
1070 2015 1171 2048 esset
1191 2011 1318 2047 verbis
1345 2010 1522 2046 dimittere
1546 2009 1593 2045 ab

148 2071 283 2115 armis,
323 2069 497 2113 Servius,
536 2073 574 2104 ut
601 2070 778 2115 probaret
805 2068 957 2115 proprie
992 2069 1042 2104 ita
1073 2069 1276 2115 scriptores
1306 2067 1344 2103 in
1372 2077 1413 2103 re
1442 2066 1591 2102 militari

148 2127 271 2172 loqui,
302 2125 468 2162 Sallustii
491 2126 703 2172 exemplum
728 2124 856 2170 affert,
888 2129 971 2161 ante
990 2125 1154 2162 breviter
1174 2124 1370 2171 explicans
1387 2134 1462 2170 qua
1483 2133 1592 2158 occa-

149 2182 254 2217 sione
286 2186 414 2218 auctor
442 2183 549 2218 istam
582 2182 781 2217 dictionem
813 2181 1042 2226 adhibuerit,
1073 2192 1117 2217 ac
1150 2191 1303 2220 sensum
1335 2179 1514 2216 formulae
1545 2179 1592 2214 ab

147 2240 263 2275 armis
288 2239 464 2274 dimittere
483 2240 610 2275 verbis
633 2238 679 2274 ab
703 2239 869 2275 eoeercitu
889 2239 983 2286 coyit
1003 2238 1200 2274 abscedere
1219 2238 1422 2273 illustrans.
1466 2235 1588 2280 Quare

146 2295 232 2332 dicit
255 2306 416 2342 quoque,
447 2306 469 2332 a
489 2294 686 2330 Gertachio
710 2299 920 2338 servatum,
953 2294 1202 2331 abiiciendum
1223 2298 1299 2338 est,
1331 2294 1468 2341 quippe
1488 2291 1589 2339 quod

149 2353 210 2390 vel
237 2352 399 2394 maxime
433 2350 482 2387 ad
503 2350 625 2387 Servii
654 2352 769 2387 verba
798 2351 992 2397 pertineat.
1035 2350 1205 2387 Ceterum
1228 2349 1465 2387 Sallustianis
1492 2349 1587 2384 salso

147 2412 277 2445 assuta
296 2408 477 2455 particula
498 2407 584 2443 inde
605 2418 627 2443 a
649 2406 824 2443 Carrione
851 2407 1066 2443 foedissime
1089 2419 1134 2444 eo
1158 2407 1363 2443 deformata
1383 2410 1457 2450 est,
1488 2402 1588 2458 quod

147 2476 215 2513 pro
241 2464 339 2502 Cotta
357 2466 395 2500 in
418 2465 652 2509 contentione,
675 2475 771 2510 quae
794 2465 910 2500 verba
931 2465 1108 2501 universo
1130 2465 1213 2500 loco
1237 2464 1358 2500 lucem
1378 2453 1588 2502 affundunt,

148 2523 272 2569 inepte
297 2522 469 2558 scribitur
489 2525 559 2557 tota
579 2521 753 2564 contione,
785 2520 885 2567 quod
907 2521 1068 2557 refutare
1093 2532 1167 2556 non
1189 2531 1282 2567 opus
1308 2523 1378 2556 est.
1418 2519 1488 2554 Pro
1509 2517 1587 2562 Ap-

140 2580 207 2627 pio
237 2583 360 2614 autem
390 2577 491 2625 apud
517 2577 690 2614 Servium
723 2577 961 2613 scribendum
997 2588 1082 2614 esse
1115 2576 1230 2624 Oppio
1257 2575 1463 2612 clarissime
1489 2575 1590 2619 patet

148 2646 194 2671 ex
222 2636 294 2678 iis,
325 2646 422 2681 quae
451 2634 499 2670 ad
524 2634 584 2670 Fr.
604 2636 662 2672 39.
694 2633 983 2680 disputavimus.
1030 2633 1279 2670 Nihilominus
1307 2630 1508 2668 Debrossio
1540 2629 1590 2664 ita

147 2692 305 2740 ineptire
329 2692 479 2739 placuit,
512 2695 561 2735 ut,
592 2691 763 2737 quamvis
787 2689 920 2726 Servio
942 2691 1130 2736 inspecto,
1162 2701 1235 2725 non
1260 2689 1379 2724 sotum
1401 2686 1591 2733 vulgatam

146 2753 269 2785 textus
299 2747 605 2794 depravationem
631 2751 825 2793 sequatur,
858 2746 924 2781 sed
952 2748 1062 2782 etiam
1084 2757 1153 2792 pro
1174 2745 1279 2781 Cotta
1308 2743 1504 2779 substituat
1522 2742 1592 2776 Lu-
