1774 3002
462 152 794 196 ms'rommtm
821 147 1133 189 FRAGMENTA.
1189 144 1277 183 LlB.
1308 143 1338 179 Ι.
1588 133 1620 177 9

182 334 452 431 postremum
480 364 641 412 bellum
665 358 1042 420 Carthaginiense.
1543 386 1546 388 ,

322 453 391 498 10.
430 450 491 496 At
519 446 739 494 discordia
762 446 809 490 ct
825 439 1011 488 avaritia
1035 442 1170 501 atque
1196 435 1373 484 ambitio
1405 437 1451 481 et
1477 436 1626 480 cetera

186 630 221 655 c.
237 617 380 664 xvm,
397 620 435 656 4.
453 635 509 641 —-
539 612 658 652 Gallia
678 611 974 659 apalmiam:
991 609 1118 645 invia
1137 604 1383 659 intelligenda
1400 605 1461 640 est
1478 613 1526 638 ea
1541 602 1627 638 Bel-

186 676 294 723 gioee
314 684 418 721 pam,
438 673 501 709 ubi
521 671 735 708 habitabant
754 667 966 711 Bellovaci,
992 665 1178 707 Ambiani,
1199 662 1372 705 Aulerci,
1394 659 1530 704 caleti,
1552 658 1627 694 Ve-

187 731 369 768 liocasses
388 720 663 770 ernuebateffi
689 737 784 773 quos
805 724 944 761 Hirtius
965 723 1014 759 de
1035 722 1080 758 B.
1104 721 1147 757 G.
1167 719 1271 763 Vlll,
1299 720 1336 756 7.
1358 716 1474 754 tradit
1491 717 1627 752 octavo

186 788 274 824 belli
297 791 397 824 anno
424 796 554 822 rursus
572 783 798 819 rebellantes
829 782 867 818 in
888 781 1007 817 silvas
1027 789 1072 814 ac
1090 776 1251 824 paludes
1272 787 1315 812 se
1333 774 1552 810 contulisse.
1571 790 1628 798 -—

190 844 276 892 By&
294 844 324 891 i.⁷
340 855 378 890 q.
397 843 514 886 vixit3
535 852 573 876 v.
596 839 648 876 ad
666 839 818 886 Fragm.
836 838 872 882 Ι,
890 841 925 876 8.
945 855 1002 863 --
1028 834 1138 880 Quod
1158 832 1317 870 Servius
1335 831 1451 867 habet
1465 830 1630 866 um

188 901 329 946 bessius,
350 899 553 935 memoriae
568 897 679 943 lapsu
701 896 842 931 sactum
855 893 1028 936 videtur;
1059 894 1160 927 certe
1173 888 1356 925 Victorini
1376 892 1413 923 et
1428 885 1628 934 Augustini

190 966 400 994 cousensus
417 954 558 1002 duplex
569 957 797 1001 poen-mn
816 951 908 987 satis
928 952 1064 986 tuetur.
1116 945 1196 984 Sed
1213 947 1252 982 in
1270 945 1408 992 copula
1426 948 1513 980 ante
1531 942 1630 979 hanc

190 1023 325 1051 vocem
341 999 456 1048 &alde
474 1010 644 1054 variant;
675 1007 780 1056 apud
797 1008 1049 1055 Augustinum
1071 1005 1171 1040 enim
1193 1007 1349 1050 utroque
1369 1002 1453 1038 loco
1474 1000 1631 1036 habetur

188 1072 243 1114 eb,
262 1068 366 1116 apud
385 1067 616 1115 Victorinum
635 1076 702 1109 ac,
721 1064 825 1112 apud
842 1062 1017 1100 Servium
1037 1065 1169 1109 alque:
1193 1070 1290 1107 quae
1310 1062 1501 1106 postrema
1518 1057 1633 1103 parti-

190 1126 275 1162 cula
284 1136 402 1173 quum
411 1123 611 1171 iungendis
625 1121 784 1158 vocibus
799 1124 954 1157 externo
969 1129 1068 1155 nexu
1078 1116 1364 1164 comprehensis
1374 1114 1529 1150 minime
1543 1123 1632 1149 con·

191 1183 336 1226 veniat,
364 1191 405 1217 v.
430 1179 549 1217 Hand.
570 1179 619 1215 de
641 1179 799 1215 Partiec.
822 1177 903 1213 Lat.
923 1177 1011 1212 Vol.
1031 1175 1062 1211 1.
1082 1185 1121 1221 p.
1144 1177 1248 1218 458„
1278 1183 1355 1208 non
1377 1170 1632 1222 dubitavimus

190 1243 227 1275 α
242 1239 434 1286 recipere,
457 1236 560 1284 quod
579 1237 691 1273 etiam
710 1236 756 1271 ab
776 1237 932 1270 externa
951 1232 1170 1269 auctoritate
1189 1230 1313 1277 magis
1335 1227 1631 1266 commendatur.

193 1295 248 1332 11·
263 1295 377 1332 liuius
397 1293 594 1341 fragmenti
612 1292 740 1328 verbis
767 1302 812 1327 ac
835 1301 952 1327 sensu
975 1288 1186 1326 constitutis
1214 1298 1289 1323 non
1317 1283 1632 1334 praetereundum

191 1354 269 1399 est,
293 1354 433 1399 quanta
449 1350 654 1386 temeritate
674 1348 900 1385 Debrossius
920 1346 961 1383 id
979 1345 1200 1392 corruperit.
1236 1344 1333 1380 Nam
1354 1353 1468 1389 quum
1491 1341 1634 1377 Ammi-

192 1418 288 1445 anus
305 1418 454 1456 quoque
473 1406 713 1443 Marcellinus
732 1404 898 1442 Sallustii
919 1403 1067 1446 verbis,
1097 1401 1168 1437 sed
1190 1399 1511 1447 pauno-liberius,
1540 1409 1634 1434 usus

194 1465 262 1509 sit,
275 1465 444 1512 quippe.
452 1463 556 1510 apud
585 1473 696 1509 quem
717 1462 810 1498 libro
830 1460 922 1504 XV,
954 1463 1000 1498 12
1020 1463 1114 1494 extr.
1134 1469 1174 1505 p.
1199 1459 1278 1495 107.
1301 1456 1364 1494 cd.
1385 1456 1516 1492 Vales.
1537 1454 1635 1490 haec

194 1522 389 1568 legantur:
418 1519 590 1565 „Oma-
609 1518 768 1564 Gauius,
791 1517 867 1553 mssa·
890 1512 1463 1564 qmpahub’businvo'aesueoe,
1492 1515 1534 1548 ut
1553 1510 1636 1548 Sal-

194 1577 307 1613 lustio
326 1576 482 1613 docetur
501 1578 678 1619 auctore,
702 1576 792 1622 post
809 1573 1026 1610 decennalis
1046 1572 1134 1608 belli
1162 1575 1310 1607 mutuas
1330 1569 1461 1606 clades
1487 1569 1637 1616 subegit

196 1632 348 1678 Caesar,
368 1633 610 1679 societatique
624 1635 774 1668 nostrae
796 1630 1011 1666 foederibus
1030 1629 1150 1665 iunxit
1163 1624 1383 1671 aeternis;“
1409 1626 1635 1662 Debrossius

194 1691 314 1727 verba
339 1701 365 1726 a
381 1690 574 1726 Victorino
595 1693 633 1725 et
655 1687 778 1724 Nonio
805 1690 958 1724 servata
982 1686 1109 1733 exegit
1127 1684 1177 1721 ad
1199 1683 1388 1720 Ammiani
1407 1683 1635 1729 exemplum.

195 1739 339 1783 Maiore
352 1746 464 1794 igitur
473 1745 768 1793 interpunctione
782 1744 995 1792 postvaluit
1006 1744 1142 1790 posita,
1162 1741 1358 1788 sequentia
1366 1750 1507 1786 novam
1520 1750 1638 1775 enun-

196 1803 393 1840 ciationem
419 1803 527 1847 tecit,
554 1803 746 1839 scribens:
777 1800 948 1846 „Servio
973 1799 1141 1846 Sulpicio
1166 1818 1224 1823 —
1251 1807 1384 1834 omnes
1410 1796 1552 1833 Galliae
1579 1817 1637 1823 —

198 1871 296 1907 quae
315 1870 340 1896 a
352 1859 558 1907 paludibus
577 1859 702 1895 inviae
720 1858 837 1901 t’uere,
859 1856 1094 1904 perdomitae
1107 1854 1147 1900 ;“
1172 1866 1228 1890 sc.
1248 1858 1349 1890 sune
1378 1853 1490 1898 Quod
1507 1863 1637 1899 quarn-

198 1927 310 1963 qnnm
329 1916 604 1963 ineptissimum
622 1919 698 1958 est,
727 1918 853 1951 tamen
872 1914 1034 1960 ineptius
1057 1913 1170 1948 etiam
1196 1913 1314 1947 verba
1340 1911 1497 1957 optumis
1516 1913 1638 1945 andem

198 1973 359 2009 norm
376 1976 445 2009 etc.
464 1982 488 2007 a
505 1970 973 2018 praecedentibus'avulsit
986 1973 1024 2004 et
1041 1973 1218 2015 tanquam
1233 1977 1372 2002 novum
1390 1967 1637 2013 fragmentum

200 2028 353 2064 duobus
374 2028 615 2074 sequentibus
635 2027 696 2064 ed
718 2031 869 2062 nostrae
890 2026 1123 2072 interposuit.
1180 2023 1333 2060 Scilicet
1349 2033 1472 2069 neque
1491 2022 1640 2059 curavit

202 2085 265 2120 ille
285 2087 476 2120 externam
504 2083 801 2119 testimoniorum
828 2082 1106 2126 auctoritatem,
1131 2091 1252 2127 neque
1277 2079 1374 2115 vidit
1400 2079 1637 2126 oppositione

200 2141 396 2176 maximi
413 2141 563 2187 inperii
577 2143 616 2175 et
634 2141 909 2188 optimorum
932 2149 1076 2175 morum
1097 2138 1281 2174 internum
1300 2140 1439 2172 nexum
1460 2135 1561 2172 effici
1579 2146 1639 2171 ar-

203 2196 400 2233 tissimum.
473 2231 478 2234 ,
744 2214 753 2218 -
1119 2197 1131 2205 “

236 2276 238 2279 -
314 2251 378 2288 Fr.
397 2256 458 2291 lo.
490 2251 617 2302 [Cort-
635 2264 676 2299 p.
698 2254 782 2291 954.
821 2251 920 2288 Gerl.
940 2250 1004 2287 ed.
1025 2252 1115 2288 mai.
1135 2251 1171 2295 1,
1199 2253 1239 2289 8.
1263 2249 1329 2285 ed.
1346 2249 1438 2285 min.
1457 2249 1494 2293 Ι,
1517 2252 1577 2287 12.
1597 2260 1638 2296 p.

203 2311 293 2353 183,
322 2312 360 2347 1.
401 2308 513 2345 Debr.
534 2309 571 2354 1,
599 2306 683 2357 12]
719 2308 1006 2356 Integruui'hoc
1027 2309 1275 2355 fragmentum
1300 2310 1491 2343 servatum
1514 2310 1574 2342 est
1590 2307 1638 2342 ab

204 2365 417 2412 Augustino
437 2365 486 2401 de
515 2364 598 2402 Civ.
617 2365 686 2401 Dei
704 2365 749 2410 II,
777 2367 836 2406 18.
875 2366 1004 2413 Longe
1022 2365 1223 2400 maximam
1243 2368 1386 2410 partem
1406 2362 1507 2398 idem
1526 2363 1639 2398 etiam

138 2478 141 2480 q
204 2422 298 2458 libro
327 2421 383 2465 V,
413 2432 449 2457 c.
476 2425 534 2459 12.
551 2422 695 2467 retulit,
723 2421 794 2458 sed
810 2422 850 2457 in
878 2423 1066 2469 obliquam
1094 2421 1301 2457 orationem
1329 2422 1528 2462 mutatam,
1556 2429 1640 2455 ver-

203 2478 262 2514 bis
275 2478 411 2514 multis
435 2478 691 2525 transpositis,
719 2479 805 2515 aliis
832 2478 1005 2523 omissis,
1035 2478 1119 2514 aliis
1140 2477 1302 2524 denique
1323 2477 1431 2513 salva
1456 2476 1642 2512 sententia

204 2532 381 2578 variatis,
411 2534 462 2570 ita
484 2538 524 2570 ut
543 2533 606 2570 hic
634 2536 758 2579 locus,
787 2546 864 2570 non
889 2545 939 2571 ex
964 2533 1096 2571 codice
1118 2534 1284 2571 Sallustii
1303 2532 1538 2580 descriptus,
1569 2531 1641 2568 sed

205 2590 415 2626 memoriter
442 2590 652 2635 adhibitus,
679 2591 819 2628 nullum
841 2603 949 2628 usum
967 2591 1105 2628 habeat
1135 2590 1185 2626 ad
1210 2591 1329 2626 verba
1346 2589 1511 2626 auctoris
1530 2599 1642 2625 accu-

206 2647 322 2683 ratius
341 2646 615 2683 constituenda.
651 2647 850 2694 Aliquanto
871 2649 958 2695 plus
984 2647 1035 2684 ad
1054 2647 1151 2684 hanc
1170 2657 1249 2683 rem
1268 2646 1445 2694 proficias
1465 2657 1515 2681 ex
1533 2645 1640 2681 tertio

206 2703 407 2750 Augustini
426 2704 531 2748 loco,
551 2702 599 2738 de
619 2701 700 2739 Civ.
722 2703 790 2740 Dei
810 2704 876 2748 ΠΙ,
907 2707 984 2748 16.,
1006 2705 1069 2740 ubi
1090 2705 1207 2740 altera
1224 2703 1422 2750 fragmenti
1440 2713 1531 2749 pars
1552 2701 1641 2737 inde

207 2769 231 2794 a
248 2760 372 2797 verbis
387 2760 471 2796 dein
488 2760 783 2807 servili-imperio
801 2771 919 2807 usque
934 2761 984 2797 ad
1006 2760 1118 2796 finem
1136 2759 1343 2803 exhibetur,
1362 2770 1446 2795 cum
1461 2759 1534 2795 hac
1550 2757 1643 2794 scri-
