1774 3002
172 175 254 221 170
649 180 688 219 C.
721 179 951 220 SALLUSTI
984 181 1135 221 cmspi

171 306 268 353 belli
291 306 347 352 ab
377 305 474 351 aliis
501 306 585 351 acti
609 305 721 351 ratio
753 307 999 363 reddunda,
1031 311 1107 353 aut
1129 308 1315 369 turpiter
1344 307 1620 356 moriundum

169 389 237 436 sit.
296 390 617 435 Tantummodo
651 389 693 434 in
730 390 885 436 animis
916 391 1120 439 habetote
1152 408 1241 439 non
1278 408 1347 439 me
1383 392 1441 439 ob
1473 393 1620 439 secius
1633 407 1677 443 12

101 480 103 483 “
168 477 245 521 aut
279 472 506 519 avaritiam
536 489 736 530 caesum,
770 475 847 520 sed
877 475 1098 522 volentem
1126 492 1206 537 pro
1234 477 1452 524 maxumis
1479 477 1620 523 bene-

167 557 279 605 ficiis
309 557 651 603 animam-dono
689 558 879 605 dedisse.
925 559 1011 605 Per
1037 575 1145 617 vos,
1184 560 1399 617 Quirites,
1438 564 1482 606 et
1511 561 1676 622 glo-13

167 642 276 688 riam
310 640 550 696 maiorum,
586 641 772 687 tolerate
816 643 1034 699 advorsa,
1076 646 1120 689 et
1155 644 1371 691 consulite
1405 645 1622 706 reipubli-
1672 677 1678 689 .

167 741 257 772 cae.
318 725 452 771 Multa
491 739 597 770 cura
641 739 813 771 summo
857 725 1040 786 imperio
1081 727 1217 784 inest,
1255 728 1379 774 multi
1410 729 1618 790 ingentes·
1632 741 1676 778 14

166 875 315 912 quoque
336 867 372 899 et
390 862 558 900 Weissio
578 867 734 900 retenta.
756 862 924 912 Respicit
943 864 1047 902 Cotta
1067 866 1115 901 ad
1135 866 1308 903 infestata
1329 878 1350 904 a
1364 867 1620 915 praedonibus

166 922 286 958 maria
303 924 609 967 commeatusque
628 921 865 968 interceptos,
877 933 949 968 quo
961 933 1133 958 annonae
1145 923 1283 960 caritas
1296 924 1333 959 in
1347 925 1436 961 urbe
1447 929 1620 972 tantaque

166 980 204 1015 in
225 978 421 1015 consulem
443 978 498 1014 ira
517 982 648 1014 exorta
671 982 820 1023 erat;v.
833 978 1253 1024 adFr.11,48.—Belli
1267 980 1316 1016 ab
1338 981 1421 1018 aliis
1443 983 1622 1018 actian-

167 1041 245 1073 ctor
262 1034 433 1072 consulto
455 1038 491 1070 et
510 1045 692 1081 perquam
718 1038 803 1082 apte
825 1035 936 1080 dicit,
960 1044 1186 1084 quamquam
1206 1037 1336 1073 bellum
1357 1048 1528 1085 ρεπεν-θ
1547 1039 1622 1074 sol·

166 1094 266 1129 lenni
290 1102 361 1128 usu
385 1090 532 1127 dieitur.
553 1092 605 1127 Ita
634 1090 733 1127 enim
756 1091 934 1128 differunt
956 1103 1068 1140 ayere
1092 1098 1127 1128 ct
1142 1103 1275 1141 yercre
1301 1096 1435 1139 verba,
1468 1099 1505 1130 ut
1529 1095 1619 1131 illud

166 1150 298 1186 latiore
319 1153 436 1185 sensu
468 1152 668 1195 usurpetur
693 1147 742 1185 de
771 1151 882 1186 rebus
911 1149 1095 1186 movendis
1124 1155 1234 1197 atque
1269 1151 1513 1199 impellendis,
1546 1163 1619 1199 quo

166 1208 274 1244 unice
296 1208 441 1242 constat
459 1206 559 1242 notio
585 1206 750 1251 actionis,
772 1207 838 1249 (es.
865 1206 942 1242 Cic.
969 1207 1016 1242 de
1041 1207 1086 1242 N.
1108 1207 1149 1242 D.
1173 1207 1201 1252 l,
1223 1208 1282 1252 37,
1306 1210 1386 1246 102.
1406 1208 1515 1244 Haec
1532 1219 1621 1245 ora-

165 1266 212 1301 tio
238 1274 311 1300 mm
331 1262 437 1299 modo
460 1263 547 1299 deos
565 1263 699 1309 spoliat
724 1268 847 1300 motu
870 1267 914 1299 et
941 1264 1129 1299 actione
1151 1263 1294 1308 divina,
1336 1264 1403 1301 sed
1426 1266 1533 1301 etiam
1554 1266 1620 1302 ho-

165 1323 279 1358 mines
305 1321 440 1356 inertes
468 1319 623 1367 efficit),
649 1319 723 1355 hoc
744 1330 835 1356 vcro
858 1321 1046 1356 astrictius
1069 1319 1212 1356 dicatur
1240 1320 1287 1356 de
1311 1321 1376 1366 iis,
1416 1332 1512 1368 quae
1538 1323 1622 1369 quis

166 1377 385 1426 aggreditur
408 1380 445 1412 et
467 1376 574 1423 quasi
595 1378 633 1412 in
651 1385 784 1413 manus
806 1373 951 1425 snempta
967 1380 1114 1413 tractat.
1157 1377 1389 1425 Quamquam
1415 1378 1526 1426 igitur
1548 1379 1621 1415 hoc

167 1434 382 1472 discrimine
410 1435 611 1470 observato
642 1433 690 1469 de
719 1435 843 1471 multis
875 1439 1070 1481 utrumque
1105 1435 1259 1470 verbum
1288 1434 1458 1471 adhiberi
1483 1438 1619 1483 potest,

165 1493 268 1530 velut
298 1492 441 1539 neqotia
471 1499 583 1538 aycrc
611 1495 646 1526 et
671 1499 822 1538 ρον-ενι»,
872 1495 994 1527 tamen
1022 1500 1101 1527 rem
1127 1495 1260 1538 yerer‘e
1294 1490 1342 1527 de
1373 1503 1520 1540 pugna,
1558 1502 1623 1530 res

161 1553 286 1598 gestae
305 1548 352 1583 de
375 1548 480 1584 sactis
502 1547 722 1584 militaribus
749 1551 784 1583 et
805 1549 1002 1592 civilibus,
1034 1558 1114 1584 rem
1127 1547 1315 1595 publicam
1333 1558 1466 1596 yererc
1494 1549 1542 1585 de
1570 1550 1620 1586 ci-

166 1607 281 1643 vitate
305 1603 623 1649 administranda,
654 1608 690 1639 et
720 1605 842 1651 ipsum
862 1605 992 1641 bellum
1009 1614 1142 1652 yet-ere
1167 1606 1319 1652 proprie
1341 1605 1500 1651 dicitur,
1532 1617 1622 1653 quo-

165 1663 265 1700 niam
285 1663 323 1697 in
340 1661 399 1698 his
422 1661 594 1697 omnibus
616 1664 717 1697 certa
738 1673 782 1706 ac
801 1661 954 1697 definita
976 1662 1068 1697 ratio
1090 1665 1306 1709 certumque
1327 1663 1381 1698 rei
1402 1663 1620 1700 tractandae

165 1719 363 1757 consilium
385 1717 638 1765 cognoscitur.
681 1717 758 1754 Sed
778 1718 850 1754 hoc
873 1719 995 1765 ipsum
1019 1718 1111 1754 vitio
1135 1718 1270 1754 ducum
1293 1720 1330 1754 in
1353 1719 1450 1755 bello
1470 1719 1620 1756 deside-

166 1777 239 1813 rari
262 1775 368 1813 Cotta
391 1774 599 1822 significat,
630 1774 887 1810 tantummodo
912 1778 1033 1811 actum
1057 1774 1207 1819 dicens,
1241 1774 1342 1821 quod
1366 1778 1506 1823 yesltem
1533 1787 1619 1813 esse

164 1833 382 1881 oportebat;
419 1831 614 1867 indefinito
644 1831 744 1867 enim
779 1834 815 1866 et
842 1831 948 1879 quasi
979 1822 1190 1883 ἅδιαφόρῳ
1226 1841 1339 1879 ayere
1367 1832 1552 1869 vocabulo
1582 1833 1620 1869 in

164 1884 306 1928 malam
329 1892 475 1936 partem
501 1899 594 1925 usus
615 1888 753 1924 bellum
780 1888 859 1924 sine
877 1897 1051 1925 successu
1071 1888 1366 1925 administratum
1394 1890 1429 1924 et
1449 1897 1533 1925 cum
1554 1889 1610 1926 de

164 1949 330 1984 trimenco
356 1945 579 1993 reipublicae
605 1948 763 1981 tractum
795 1945 952 1992 intelligi
973 1946 1063 1981 vult.
1090 1963 1147 1970 —
1175 1943 1348 1981 Ceterum
1368 1948 1444 1981 tres
1465 1945 1619 1993 genitivi

165 2015 240 2041 non
274 2006 359 2041 sunt
394 2002 565 2039 eiusdem
599 2002 770 2049 generis,
810 2006 847 2038 ut
872 2002 1016 2049 putavit
1045 2000 1189 2038 Cottius
1221 2002 1400 2049 multique
1430 2002 1514 2048 alii,
1556 2004 1619 2050 qui

165 2064 349 2098 commate
376 2063 462 2107 post
490 2058 666 2107 fortunae
693 2058 962 2104 distinxerunt,
996 2058 1066 2095 sed
1091 2063 1125 2095 et
1150 2059 1268 2095 maris
1286 2062 1322 2095 et
1339 2057 1423 2096 bella·
1449 2059 1622 2096 attributa

166 2122 254 2154 sunt
280 2116 477 2164 fortunae,
521 2127 595 2163 qua
623 2126 740 2161 voce,
777 2125 873 2163 quae
901 2117 982 2152 sola
1008 2115 1149 2163 pendet
1176 2126 1224 2152 ex
1252 2116 1380 2153 verbis
1409 2117 1505 2153 ratio
1532 2117 1620 2153 red-

165 2174 292 2211 danda
304 2201 313 2218 ‚
343 2175 508 2209 incertus
527 2173 589 2209 vel
611 2174 735 2221 potius
754 2172 941 2220 infaustus
960 2175 1107 2209 eventus
1128 2172 1371 2221 significatur.

278 2233 314 2273 s.
336 2233 393 2268 13.
430 2227 507 2265 Per
535 2239 617 2279 vos,
646 2229 823 2275 Quirites,
857 2234 891 2265 ei
914 2230 1072 2277 gloriam
1093 2230 1292 2273 maturum)
1339 2229 1439 2266 Ante
1470 2227 1621 2266 Ciacco-

166 2288 270 2323 nium
297 2290 385 2334 post
411 2295 474 2322 vos
504 2285 685 2322 edebatur
710 2286 840 2333 iqilum
869 2285 971 2332 quod
999 2297 1111 2332 quum
1140 2287 1179 2323 in
1205 2286 1306 2322 nullo
1329 2286 1462 2324 codiee
1487 2288 1618 2331 exstet,

164 2343 314 2392 plurimi
334 2342 522 2388 editores,
553 2346 710 2389 excepto
732 2342 936 2378 Debrossio
958 2344 994 2378 et
1014 2343 1203 2389 Weissio,
1233 2347 1398 2391 apertam
1422 2342 1620 2389 interpola·

165 2402 304 2437 tionem
323 2399 453 2435 merito
479 2398 681 2436 eiecerunt.
711 2411 762 2426 —-‘
802 2398 843 2434 In
866 2399 1112 2436 obtestatione
1143 2401 1227 2448 ipsa
1246 2409 1309 2437 vos
1330 2410 1406 2436 non
1434 2399 1618 2437 obiectum

166 2462 222 2494 est
249 2467 297 2492 ex
316 2457 459 2492 omisso
481 2457 597 2492 verbo
619 2454 813 2503 pendens,
839 2455 909 2491 sed
929 2457 1104 2493 continuo
1125 2468 1173 2493 ex
1186 2466 1263 2505 per
1284 2460 1409 2504 aptum
1437 2467 1521 2493 eam
1541 2456 1618 2492 vim

165 2515 297 2557 habet,
329 2515 368 2548 ut
387 2514 492 2560 ipsos
513 2512 725 2557 Romanos,
754 2523 849 2559 quos
872 2511 976 2549 Cotta
1007 2514 1227 2560 alloquitur,
1256 2517 1369 2549 testes
1390 2522 1542 2559 precum
1567 2512 1620 2548 t'a-

166 2571 260 2615 ciat3
283 2569 421 2617 quippe
445 2576 603 2616 quorum
611 2575 799 2618 praesens
820 2570 998 2606 maiestas
1021 2571 1242 2617 pronomine
1264 2569 1452 2606 declarata
1475 2568 1618 2615 gloriae

166 2628 347 2664 mierum
383 2630 606 2673 opponatur.
655 2625 754 2662 Usus
782 2625 942 2663 eandem
971 2636 1174 2673 personam
1205 2626 1392 2670 testandi,
1430 2623 1480 2660 ad
1506 2635 1619 2671 quam

167 2684 285 2721 oratio
308 2676 498 2731 dirigitur,
523 2693 747 2730 quamquam
770 2693 844 2718 non
865 2682 1067 2719 admodum
1089 2684 1266 2730 frequens
1286 2686 1363 2726 est,
1394 2684 1518 2718 tamen
1540 2681 1620 2718 ido·

168 2739 250 2778 neis
276 2740 462 2787 exemplis
490 2749 565 2776 non
586 2741 710 2783 caret3
748 2740 796 2775 cs.
822 2738 903 2787 lug.
925 2738 1023 2784 XIV,
1043 2743 1100 2779 25.
1130 2739 1265 2776 Patres
1291 2738 1508 2784 conscripti,
1530 2749 1622 2786 per

169 2806 267 2846 vos,
290 2806 366 2850 per
392 2796 525 2834 liberos
552 2799 661 2850 atque
682 2796 854 2844 parentis
881 2799 1038 2842 vestros,
1066 2806 1142 2848 per
1161 2797 1385 2833 maiestatem
1406 2795 1540 2845 populi
1559 2807 1620 2835 ro-
