1774 3002
158 123 241 167 266
568 108 571 110 “
642 131 682 169 c,
711 132 941 171 SALLus'rl
971 132 1125 171 cmsm

158 251 374 299 interdum
406 254 598 300 lacerum
628 271 790 316 corpus
819 257 1124 303 semianimum
1160 258 1433 316 omittentes;
1462 258 1533 304 alii
1563 259 1605 304 in
1618 265 1661 302 17

161 337 275 381 tecta
311 337 524 383 iaciebant
552 338 692 399 ignis,
725 340 936 401 multique
961 355 1018 386 ex
1045 340 1144 386 loco
1169 341 1302 396 servi,
1331 355 1444 402 quos
1472 340 1606 402 inge-

160 418 278 466 nium
308 420 455 466 socios
491 421 642 478 dabat,
675 424 820 469 abdita
847 439 873 469 a
898 423 1083 469 dominis
1115 425 1189 469 aut
1226 423 1347 483 ipsos
1378 423 1606 470 trahebant

162 592 235 617 non
255 582 354 617 omni
375 582 634 628 probabilitate
662 587 801 628 carent,
822 585 972 630 planum
995 583 1064 620 erit
1084 586 1262 619 restantes
1291 595 1364 620 non
1387 584 1487 621 idem
1507 596 1605 629 esse,

160 638 260 684 quod
290 640 516 684 resistentes,
547 639 616 676 sed
651 641 864 687 oppositum
898 641 1094 688 participio
1130 641 1326 686 omittentes
1356 640 1422 681 hic
1463 642 1606 689 signifi-

160 706 245 731 care
267 698 518 741 remanentes,
546 707 599 733 sc.
620 696 722 743 apud
745 708 902 742 caesos,
930 708 1071 744 eosque
1102 697 1400 734 circumstantes.
1454 698 1607 734 Praete-

160 762 224 787 rea
255 756 393 789 mutata
422 753 719 799 interpunctione
756 754 838 790 loco
865 754 1109 790 vexatissimo
1146 749 1371 790 medicinam
1406 755 1606 791 attulimus.

162 807 278 845 Simul
298 810 395 845 enim
410 838 419 854 ,
449 809 551 856 quod
580 821 710 847 omnes
731 810 914 855 editores,
939 814 1120 846 commate
1145 814 1231 857 post
1257 810 1454 847 alludebant
1471 812 1607 857 posito,

159 865 209 901 ad
234 867 429 912 sequentia
458 866 626 912 trahunt,
657 879 729 914 quo
759 867 799 903 fit
828 872 866 904 ut
893 868 1043 904 ablativi
1071 867 1230 903 absoluti
1251 876 1432 914 perverso
1463 869 1609 904 volnere

158 932 242 958 cum
272 924 470 960 omittentes
498 924 695 971 participio
730 935 886 971 prorsus
918 924 1126 960 insociabili
1160 923 1271 959 modo
1302 924 1503 969 socientur,
1525 936 1608 961 cum

155 979 355 1016 illudebant
377 980 681 1027 coniungendum
708 986 775 1017 est.
829 981 905 1016 Iam
928 992 974 1016 ex
996 981 1077 1016 loco
1100 981 1154 1016 sic
1180 980 1377 1017 constituto
1406 980 1502 1017 haec
1523 992 1609 1018 sen-

159 1035 274 1072 tentia
304 1036 449 1083 prodit:
493 1038 555 1073 alii
588 1038 830 1085 fugitivorum
862 1038 967 1074 cives
1000 1037 1133 1073 obvios
1169 1037 1452 1084 interficiebant,
1487 1049 1607 1084 neque

161 1092 378 1139 simpliciter
400 1094 632 1130 interfecisse
653 1094 815 1130 contenti
835 1095 944 1130 simul
962 1095 1005 1129 iis
1027 1093 1233 1139 illudebant,
1255 1093 1368 1129 modo
1386 1094 1525 1130 circum
1541 1105 1607 1130 eos

158 1153 341 1186 restantes
363 1161 407 1186 ac
437 1152 592 1187 volnere
625 1151 826 1188 crudeliter
857 1155 965 1187 aucto
1000 1150 1225 1196 diductoque
1256 1160 1322 1185 eos
1353 1150 1607 1194 conficientes,

160 1206 271 1242 modo
295 1218 340 1242 ne
369 1207 480 1253 plene
503 1207 654 1254 quidem
682 1208 898 1244 interfectos
926 1207 1178 1254 relinquentes
1208 1211 1243 1242 et
1273 1207 1438 1242 lacerum
1469 1218 1608 1254 corpus

159 1264 421 1299 semianimum
441 1265 667 1301 omittentes.
720 1263 1047 1310 Quemodmodum
1072 1264 1184 1310 igitur
1208 1266 1387 1299 restantes
1409 1265 1608 1310 opponitur

158 1320 356 1367 participio
382 1322 599 1366 omittentes,
632 1321 680 1357 ita
712 1322 781 1357 sibi
810 1320 1040 1368 respondent
1068 1319 1274 1366 particulae
1303 1330 1402 1355 nunc
1419 1339 1477 1346 -—
1497 1320 1608 1357 inler—

159 1377 256 1422 a'um,
280 1388 349 1424 pro
370 1388 469 1414 nunc
493 1398 539 1405 -·
563 1388 662 1414 nunc
684 1379 744 1414 vel
766 1378 872 1414 modo
890 1396 949 1403 —-
966 1377 1070 1414 modo
1097 1376 1266 1424 positae,
1298 1375 1345 1412 de
1368 1387 1440 1423 quo
1462 1388 1609 1424 permu-

159 1434 308 1470 tationis
330 1445 469 1480 genere
496 1446 533 1471 ν.
571 1446 666 1481 quae
701 1435 964 1471 annotavimus
1003 1434 1052 1470 ad
1078 1434 1159 1480 Ing.
1192 1445 1225 1469 c.
1258 1431 1365 1477 LXII,
1395 1435 1429 1472 9.
1459 1445 1497 1480 p.
1525 1436 1608 1473 336.

160 1489 304 1527 Caussa
325 1495 460 1537 autem,
481 1503 546 1528 cur
567 1491 657 1529 Sall.
677 1493 793 1528 altero
815 1492 899 1527 loco
929 1495 964 1527 et
989 1490 1171 1527 interdum
1198 1493 1375 1536 poneret,
1405 1490 1473 1526 fuit
1500 1489 1608 1535 haec,

160 1547 260 1593 quod
284 1548 586 1584 semianimorum
607 1549 762 1585 omissio
792 1548 910 1584 rarior
939 1548 1068 1591 ruerat,
1097 1557 1207 1593 quam
1229 1545 1392 1582 nefanda
1409 1556 1607 1593 corporum

159 1605 350 1640 laceratio.
362 1626 415 1630 ——
433 1604 616 1641 Perverse
635 1606 780 1642 volnere
797 1604 1014 1640 Ge11aeh=us
1031 1604 1117 1639 Vol.
1139 1603 1350 1649 111.p.139
1369 1602 1418 1638 ita
1437 1603 1608 1650 explicat,

160 1664 198 1696 ut
213 1665 394 1707 appareat
413 1672 498 1696 eum
507 1671 730 1708 perversum
748 1672 816 1709 pro
837 1660 1027 1696 adiectivo
1043 1659 1197 1704 habere,
1218 1659 1348 1695 dicens
1372 1669 1611 1709 „perversum

159 1718 291 1754 vulnus
317 1717 497 1764 estquod
527 1717 703 1763 foedum,
740 1718 907 1753 deforme
940 1721 976 1752 et
1009 1719 1138 1752 eontra
1161 1717 1218 1751 ius
1248 1715 1384 1762 fasque
1414 1715 1582 1751 insertur.
1585 1714 1610 1735 “

161 1774 270 1818 Quod
300 1775 409 1820 quale
431 1775 496 1819 sit,
534 1774 597 1812 vix
617 1785 843 1822 assequare,
877 1773 948 1808 nisi
980 1773 1074 1808 forte
1111 1770 1329 1808 Gerlachius
1360 1771 1542 1818 cogitavit
1562 1771 1608 1807 de

158 1841 262 1867 more
285 1832 530 1867 certaminum
547 1830 799 1867 studiosorum
822 1828 1121 1876 digladiantium.
1180 1827 1450 1874 Intelligentius
1469 1827 1608 1875 Kreys-

161 1887 280 1935 sigius
302 1887 397 1924 vidit
416 1888 599 1924 ablativos
621 1898 707 1924 esse
731 1887 935 1930 absolutos,
965 1896 1008 1921 ac
1033 1884 1234 1920 dictionem
1264 1884 1454 1921 verbalem
1484 1885 1610 1921 volnus

150 1947 370 1991 pervertere
394 1944 609 1991 significare
631 1945 738 1981 telum
757 1945 795 1980 in
815 1943 965 1979 vulnere
980 1950 1144 1987 versare,
1164 1940 1266 1988 quod
1287 1941 1489 1977 vernaculo
1505 1939 1610 1977 dicas

159 2002 196 2037 in
220 2001 287 2037 der
317 2001 460 2037 Wunde
479 2001 611 2038 herum
626 2001 784 2046 bohren,
813 1999 944 2036 herum
963 1997 1119 2035 midelen-
1154 2017 1211 2022 —-
1252 1995 1522 2041 Semianimum,
1541 2008 1610 2044 pro

160 2058 306 2105 vulgari
331 2059 554 2094 semianime.
612 2058 817 2104 Utrumque
839 2059 985 2099 autem,
1024 2058 1062 2090 ut
1082 2053 1155 2090 alia
1191 2053 1378 2090 eiusmodi
1413 2054 1610 2098 vocabula,

161 2115 274 2150 veluti
302 2116 497 2151 exanimus
518 2119 553 2150 et
574 2115 767 2159 exanimis,
789 2114 828 2149 in
850 2111 1017 2159 pedestri
1039 2121 1187 2157 quoque
1209 2109 1376 2146 oratione
1395 2110 1609 2156 promiscue

160 2171 332 2217 ponitur3
369 2172 416 2206 cf.
438 2171 519 2207 Liv.
543 2172 603 2216 Ill,
622 2174 679 2215 57,
697 2174 733 2209 4.
797 2169 974 2206 Tollentes
995 2177 1132 2214 corpus
1150 2167 1429 2203 semianime
1447 2167 1608 2214 viryinis.

160 2226 214 2262 ld.
232 2226 399 2272 XXVIII,
414 2230 472 2272 23,
483 2231 518 2265 2.
558 2227 676 2271 Quum
696 2228 734 2262 in
752 2235 966 2263 succensum
990 2235 1119 2271 roqum
1139 2224 1414 2261 semianima
1428 2223 1612 2270 pleraque

157 2284 347 2319 iniicerent
361 2293 536 2329 corpora.
547 2295 585 2319 v.
598 2281 881 2319 Drakenborch.
893 2280 942 2316 ad
952 2280 1032 2324 VII,
1041 2283 1099 2325 21,
1109 2284 1144 2317 5.
1155 2279 1434 2316 Ruddim.1nst.
1448 2278 1608 2315 Gramm.

160 2340 187 2376 Ι.
207 2351 247 2387 Ρ.
275 2342 353 2378 164.
401 2339 604 2375 Botticher.
626 2340 717 2375 Lex.
739 2338 829 2386 Tac.
857 2349 894 2383 p
919 2338 1000 2374 180.
1031 2348 1069 2371 v.
1104 2337 1311 2373 exanimus.
1341 2333 1544 2372 KREYSS.

274 2398 308 2439 S.
330 2399 386 2436 17.
405 2395 712 2443 iaciebantiqnis)
736 2395 789 2430 Ita
811 2393 894 2429 cod.
914 2393 999 2428 Vat.
1023 2413 1067 2418 —
1088 2392 1290 2428 Bimardus
1310 2391 1478 2428 iacebam
1493 2391 1608 2439 iynis3

167 2473 218 2480 —
241 2452 368 2490 Dousa
397 2452 577 2489 iaciebant
605 2453 720 2499 iynes.
745 2469 803 2476 —
832 2449 898 2486 Ex
924 2449 1002 2485 loeo
1020 2450 1119 2485 serm·
1146 2453 1231 2485 sunt
1249 2448 1310 2495 qui
1332 2447 1370 2483 in
1395 2447 1496 2484 Anni
1514 2447 1610 2483 Foro

161 2513 279 2555 erant,
301 2509 338 2545 id
361 2509 461 2556 quod
482 2519 530 2544 ex
544 2519 594 2557 eo
613 2507 842 2553 intelligitur,
864 2505 966 2552 quod
982 2506 1075 2542 inter
1094 2504 1266 2541 hostilem
1283 2503 1412 2551 oppidi
1435 2502 1612 2549 direptio-

163 2577 247 2601 nem
268 2565 393 2605 abdita
415 2577 437 2601 a
454 2565 615 2602 dominis
637 2568 699 2601 aut
719 2564 803 2610 ipos
816 2573 864 2598 ex
885 2563 1029 2598 occulto
1050 2561 1210 2598 traxisse
1232 2561 1416 2597 dicuntur.
1437 2558 1611 2605 Imperite

162 2622 274 2670 igitur
295 2621 513 2658 Gerlachius
542 2622 629 2658 Vol.
649 2620 708 2656 111.
730 2631 768 2666 Ρ.
794 2620 877 2658 139.
909 2619 1026 2654 locum
1049 2617 1266 2655 contendit
1257 2627 1295 2653 m
1313 2617 1533 2653 universum
1555 2625 1612 2650 re-

163 2679 315 2726 gionem
343 2678 579 2725 significare,
605 2677 667 2714 ubi
702 2677 790 2713 urbs
819 2675 890 2710 sita
922 2675 1042 2711 suerit.
1102 2675 1216 2710 Recte
1254 2681 1348 2709 vero
1357 2671 1610 2719 Kreyssigius

169 2734 279 2771 docet
296 2735 412 2772 locum
435 2734 621 2771 interdum
644 2732 756 2777 nude,
786 2734 825 2767 ut
857 2742 1034 2778 graecum
1055 2723 1172 2774 τόπος
1196 2733 1437 2775 nostrumque
1460 2727 1538 2772 Ori,
1561 2726 1608 2764 de
