1774 3002
138 111 223 156 256
622 118 663 156 C.
694 118 925 157 SALLUSTI
955 120 1107 160 CRISPI

140 240 352 301 strepitus
399 243 659 290 tumultuosi
712 258 899 292 sonores
953 247 1147 309 undique
1186 251 1428 303 ruentium,
1463 248 1589 296 mittit
1622 293 1626 296 μ

137 324 308 386 equites
344 327 388 372 in
422 328 630 373 tumulum
663 326 825 373 circum
864 330 1188 388 prominentem,
1228 331 1276 374 ut
1307 331 1590 391 explorarent

129 411 363 470 summos,
401 425 591 471 propere
618 411 806 472 vestiqz‘a
834 414 1007 458 secutos
1031 413 1215 459 credens
1246 413 1290 459 lo
1322 450 1332 460 .
1362 450 1372 460 .
1397 418 1488 462 toto
1513 418 1625 462 ta-8

139 570 260 609 CASS
273 597 374 608 .....
385 571 433 607 NI
454 564 592 610 IC‘TUS
619 573 662 610 SI
683 573 894 619 ARIDUM3
927 586 999 621 quo
1022 573 1200 612 seductus
1221 575 1344 612 Maius
1365 578 1483 613 verba
1501 588 1588 624 per-

133 639 265 675 peram
290 629 478 675 explevit:
510 633 546 664 et
573 631 618 665 in
637 641 825 667 cassum
845 633 1028 667 coniectus
1047 631 1222 678 lapidum.

250 685 302 721 ad
320 685 391 722 hoc
411 687 585 733 strepitus
609 689 818 724 tumultuosi
841 690 1011 732 sonores)
1035 687 1126 724 Cod.
1151 690 1235 724 Vat.
1259 691 1481 738 scripturam
1501 692 1586 728 Nie-

132 741 289 779 buhrius
320 743 375 779 sie
407 744 592 779 enotavit:
734 743 762 780 C
787 744 1049 781 STREPITUS
1077 745 1238 781 TUMUL
1266 772 1368 783 .....
1400 748 1415 783 I
1443 747 1587 785 SONO-

132 798 226 836 RES
236 810 246 844 ;
277 799 399 835 Maius
526 798 789 840 STREPITUS
811 800 972 837 TUMUL
1106 801 1349 848 SONORES3
1386 804 1585 842 Bimardus

135 881 144 891 .
158 882 166 890 .
180 882 190 891 .
205 883 213 891 .
239 855 501 893 STREPITUS
523 856 686 894 TUMUL
811 858 827 893 I
850 857 955 895 CON.
978 858 1091 895 NON.
1134 859 1192 894 Ex
1219 859 1374 897 residua
1402 861 1523 897 littera
1545 861 1584 907 C,

135 924 247 959 quam
268 912 496 949 Niebuhrius
520 914 623 950 solus
647 914 928 959 animadvertit,
955 915 1205 962 Kreyssigius
1225 916 1346 963 primo
1374 919 1588 954 coniecerat

133 970 185 1005 ad
201 969 294 1006 haec
316 982 343 1006 a·
361 969 539 1006 Sallustio
560 972 738 1018 scriptum
760 982 869 1017 esse;
901 971 971 1008 sed
1000 971 1137 1008 deinde
1166 973 1218 1008 ad
1234 973 1303 1010 hoc
1326 975 1467 1011 rectius
1491 975 1587 1011 iudi-

133 1027 246 1073 cavit,
271 1026 372 1074 quod
394 1027 503 1062 unice
523 1029 741 1074 probamus,
765 1040 840 1064 non
860 1032 936 1064 tam
958 1029 1045 1075 quia
1066 1033 1238 1075 quattuor
1269 1031 1472 1067 litterarum
1495 1043 1585 1078 spa-

134 1084 224 1119 tium
244 1085 379 1119 lacuna
397 1084 561 1130 prodere
580 1084 746 1129 videtur,
773 1089 811 1120 ut
833 1085 893 1121 ille
916 1089 1058 1130 censet,
1093 1085 1162 1121 sed
1184 1086 1272 1132 quia
1293 1087 1470 1134 loquendi
1493 1100 1584 1124 usus

132 1139 172 1175 id
199 1140 336 1187 exigit,
367 1151 440 1187 quo
468 1140 515 1176 de
548 1142 794 1187 exposuimus
825 1141 874 1177 ad
895 1141 999 1178 Catil.
1027 1153 1060 1178 e.
1086 1140 1218 1188 XXXI,
1239 1146 1274 1181 8.
1296 1155 1332 1190 p.
1354 1146 1433 1182 148.
1481 1144 1584 1180 Idem

132 1207 180 1232 ex
212 1198 227 1232 Ι
255 1198 398 1241 littera,
429 1209 540 1244 quam
570 1202 607 1233 et
635 1198 863 1235 Niebuhrius
894 1203 930 1234 et
952 1198 1151 1235 Bimardus
1183 1199 1220 1234 in
1245 1200 1377 1238 codice
1400 1201 1583 1248 legerunt,

132 1265 279 1290 summa
303 1254 565 1301 probabilitate
590 1255 804 1302 suspicatus
830 1259 888 1291 est
907 1256 1102 1302 abruptam
1126 1267 1259 1292 vocem
1281 1256 1443 1293 TUMUL
1466 1284 1476 1293 .
1491 1284 1500 1294 .
1514 1283 1523 1293 .
1537 1284 1547 1293 .
1570 1258 1584 1292 I

132 1311 318 1358 integram
350 1311 468 1347 ruisse
498 1312 716 1348 tumultuosi.
746 1331 802 1337 —--
829 1312 972 1357 Maius,
1004 1313 1107 1348 nulla
1127 1313 1378 1360 singularum,
1410 1324 1506 1360 quae
1526 1325 1585 1349 re-

132 1371 245 1413 stant,
270 1368 476 1404 litterarum
496 1368 639 1404 ratione
661 1368 809 1413 habita,
835 1369 958 1406 locum
982 1369 1042 1405 sic·
1062 1369 1270 1416 supplevit:
1301 1381 1459 1406 vocum
1488 1375 1584 1407 stre—

123 1426 250 1471 pitus,
279 1425 637 1461 tumultuantium
672 1435 844 1471 sonores,
880 1425 983 1472 quod
1017 1436 1127 1462 nemo
1162 1436 1284 1472 neque
1311 1426 1387 1462 fide
1416 1431 1583 1471 externa,

130 1492 252 1528 neque
276 1482 568 1526 constructione,
585 1493 706 1529 neque
729 1493 846 1519 sensu
865 1483 1000 1519 melius
1024 1484 1179 1530 putabit.
1196 1502 1250 1508 —
1267 1484 1393 1520 Verba
1412 1484 1584 1531 proxima

133 1538 218 1575 eod.
241 1538 326 1575 Vat.
349 1539 403 1574 sic
423 1538 555 1575 habet:
583 1538 729 1584 UNDIQ
742 1564 866 1575 ......
875 1539 960 1575 UM.
997 1538 1192 1586 Sagaciter
1213 1540 1585 1588 Kreyssigius-asse-

132 1600 240 1632 cutus
256 1599 314 1631 est
331 1596 370 1631 in
390 1595 526 1631 lacuna
542 1607 603 1631 um
619 1596 766 1642 syllaba
782 1596 980 1632 terminata
993 1597 1179 1643 participii
1206 1597 1412 1643 genitivum
1443 1598 1582 1642 latere;

132 1652 202 1689 sed
233 1651 335 1699 quod
353 1653 475 1699 primo
496 1652 656 1688 coniecit
679 1652 959 1699 praedantium,
982 1657 1184 1699 propterea
1204 1654 1292 1689 ferri
1311 1655 1459 1701 nequit,
1483 1653 1584 1700 quod

131 1710 259 1757 paullo
289 1712 374 1745 ante
401 1710 454 1754 (§·
475 1710 531 1753 4.)
553 1708 692 1744 dictum
713 1714 771 1744 est
797 1709 976 1756 fugitivos
1010 1710 1142 1745 timore
1172 1710 1335 1745 hostium
1357 1721 1405 1746 ex
1431 1711 1585 1757 propin·

133 1778 206 1814 quo
237 1765 456 1803 instantium
486 1765 730 1812 praedatione
761 1765 1001 1802 abstinuisse.
1040 1767 1176 1802 Postea
1202 1766 1358 1802 tentavit
1388 1768 1582 1811 ruentium,

134 1823 328 1871 explicans
351 1826 560 1859 castrorum
571 1818 694 1871 portis
713 1823 996 1858 occursantium.
1032 1823 1149 1859 Nobis
1171 1823 1292 1869 magis
1313 1823 1480 1870 placeret
1499 1833 1584 1859 conr

133 1881 361 1917 currentium
381 1880 443 1915 vel
462 1880 749 1924 accurrentium,
771 1879 858 1925 quia
874 1879 1100 1926 persuasum
1119 1882 1176 1915 est
1197 1879 1259 1926 agi
1281 1878 1330 1915 de
1344 1880 1582 1916 tumultuosis

133 1937 360 1974 clamoribus
391 1947 609 1981 servorum,
644 1936 707 1982 qui
737 1935 898 1972 dominis
928 1936 1069 1972 relictis
1098 1935 1336 1982 quotidie‘ad
1359 1935 1584 1983 Spartacum

133 1994 293 2040 undique
314 1993 542 2040 confluerent
571 1993 728 2039 eiusque
750 1994 954 2029 exercitum
973 1996 1180 2039 augerent3
1211 1992 1281 2029 sed
1305 1993 1393 2039 quia
1423 1993 1476 2029 sie
1501 2004 1585 2031 ver-

137 2062 201 2087 sus
221 2052 268 2089 27
289 2051 352 2086 vel
373 2053 419 2089 26
439 2050 571 2086 litteris
596 2052 796 2095 constaret,
823 2049 924 2096 quod
943 2049 1025 2085 fieri
1046 2049 1186 2096 nequit,
1206 2050 1245 2085 in
1264 2051 1381 2086 verbo
1400 2051 1583 2092 ruentium

137 2106 456 2154 acquiescendum
479 2110 583 2154 puto,
608 2117 683 2153 quo
706 2105 1048 2150 accommodatius,
1080 2105 1181 2152 quod
1202 2117 1356 2143 versum
1370 2116 1452 2142 ‹non
1473 2117 1582 2142 exce.-

136 2163 212 2210 dat,
247 2174 322 2199 non
358 2164 533 2210 reperio..
554 2183 611 2209 -÷
646 2163 789 2208 Maius,
815 2173 946 2198 *vacuo
979 2167 1067 2209 post
1098 2163 1258 2210 undique
1290 2163 1415 2209 spatio
1439 2164 1582 2209 relicto,

135 2229 231 2257 sum
249 2221 391 2256 mittit
412 2221 547 2267 equites
566 2219 736 2266 scripsit,
759 2219 860 2266 quod
881 2218 929 2254 de
949 2219 1183 2266 explorando
1205 2219 1316 2255 latine
1338 2230 1413 2255 non
1433 2219 1581 2256 dicitur.

137 2275 339 2314 KREYSS.

67 2364 70 2367 Α
175 2363 184 2368 .,
249 2335 287 2370 in
314 2333 491 2369 tumulum
520 2332 660 2368 circum
682 2333 969 2379 prominentem)
998 2331 1089 2368 Cod.
1119 2332 1204 2369 Vat.
1237 2343 1461 2380 quamquam
1492 2331 1583 2372 nihil

136 2390 250 2427 habet
284 2393 432 2438 praeter
467 2415 476 2425 .
497 2415 506 2423 .
527 2415 537 2424 .
556 2415 567 2424 .
588 2385 934 2425 UMCIRCUMPRO
959 2416 967 2424 .
990 2415 999 2425 .
1019 2416 1028 2425 .
1051 2415 1074 2433 .,
1101 2393 1227 2426 >tamen
1260 2393 1427 2436 apertum
1455 2394 1512 2425 est
1544 2390 1582 2425 in

135 2448 272 2483 lacuna
298 2450 383 2483 ante
407 2444 585 2482 CIRCUM
605 2446 728 2493 locum
752 2446 869 2482 fuisse
891 2445 1109 2490 indicatum,
1135 2458 1208 2493 quo
1232 2446 1409 2482 Varinius
1436 2446 1581 2492 equites

137 2505 310 2539 mitteret.
353 2503 427 2538 Vix
449 2506 571 2538 autem
592 2501 694 2538 aliud
716 2502 916 2545 succurrit,
949 2513 1059 2549 quam
1082 2504 1183 2549 quod
1213 2514 1236 2539 a
1254 2503 1476 2549 Kreyssigio
1497 2513 1581 2548 pro-

136 2561 301 2607 positum
331 2560 369 2594 in
396 2563 499 2594 textu
529 2559 807 2605 expressimus,
841 2559 902 2593 vel
930 2558 1031 2605 quod
1057 2560 1130 2607 ipsi
1159 2560 1247 2596 olim
1279 2559 1508 2595 coniecimus
1534 2559 1581 2594 in

137 2618 350 2652 montium
378 2617 516 2652 circum
538 2616 868 2662 prominentia,
901 2615 924 2650 i.
947 2626 980 2651 e.
1005 2616 1043 2650 in
1066 2620 1210 2652 montes
1232 2616 1496 2662 prominentes,
1517 2615 1579 2661 qui

138 2674 278 2710 circum
304 2675 422 2707 erant.
443 2691 500 2696 —
522 2671 740 2708 Gerlaehius
764 2671 850 2706 Vol.
877 2672 936 2707 ΙΙΙ.
957 2682 994 2718 p.
1015 2674 1094 2710 391.
1119 2672 1335 2709 Sallustium
1355 2672 1457 2707 mittit
1482 2672 1581 2718 equi-

137 2733 191 2766 tes
221 2729 458 2766 sociorum
490 2729 629 2765 circum
659 2728 918 2775 propinqua
955 2729 1060 2764 loca
1099 2729 1298 2775 scripsisse
1328 2727 1450 2763 minus
1481 2731 1580 2763 reete
