1774 3002
482 154 812 195 HISTORIARUM
836 153 1149 191 FRAGMENTA.
1205 153 1293 189 LIB.
1323 153 1371 188 V.
1555 146 1639 190 ωδ

340 283 406 326 11.
463 279 672 327 Lucullus
701 279 926 339 pecuniam
956 277 1132 333 Quintio
1169 275 1308 332 dedit,
1346 291 1401 322 ne
1435 276 1497 322 illi
1532 291 1641 322 suc-

204 365 444 410 cederetur.

345 448 410 491 12.
467 444 527 490 At
556 442 787 499 Lucullus,
821 442 970 488 audito
1007 442 1058 498 Q.
1098 443 1304 488 Marcium
1330 443 1500 504 Regem
1532 457 1643 503 pro-

207 529 431 576 consulem
467 542 546 587 per
579 527 844 587 Lycaoniam
879 541 977 573 cum
1010 526 1148 572 tribus
1177 526 1428 588 legionibus
1463 526 1508 571 in
1534 524 1644 572 Cili-

207 612 319 661 ciam
346 611 537 657 tendere.

210 784 295 812 eum
316 773 393 808 sere
413 771 661 814 consentiunt,
684 775 779 817 quae
800 770 848 806 de
869 770 1003 806 eadem
1019 779 1059 805 re
1079 768 1191 806 habet
1212 769 1280 806 Dio
1298 769 1405 807 Cass.
1425 768 1577 815 XXXV,
1588 772 1647 809 16.

210 842 249 879 p.
270 832 330 868 85.
351 829 485 873 Reim„
505 827 706 863 maximam
729 832 873 874 partem
893 838 941 863 ex
962 826 1138 863 Sallustio
1161 826 1358 875 desumpta
1375 839 1478 864 esse.

322 886 384 922 Fr.
405 889 463 924 11.
485 885 615 930 [Deest
634 883 734 931 apud
752 884 862 929 Cort.,
882 883 980 920 Gerl.
1001 883 1063 919 ed.
1083 884 1183 928 mai.,
1204 885 1306 929 min„
1328 887 1364 920 et
1384 884 1513 928 Debr.]
1533 884 1562 920 F
1563 894 1648 930 rag-

213 947 376 980 mentum
395 953 527 979 recens
562 940 707 978 accedit
725 952 774 977 ex
794 941 920 979 Schol.
944 941 1106 978 Gronov.
1130 940 1179 977 ad
1198 939 1274 977 Cic.
1292 952 1331 988 p.
1352 941 1376 976 l.
1403 941 1504 977 Man.
1521 943 1649 985 10,²8.

213 1001 298 1036 Vol.
319 999 363 1035 11.
382 1011 421 1046 p.
442 1000 521 1036 441.
540 997 653 1034 Orell.
709 997 785 1035 Res
817 999 942 1046 paullo
963 998 1157 1034 obscurior
1186 1008 1307 1044 neque
1328 997 1478 1034 aliunde
1499 997 1651 1045 cognita

215 1058 269 1094 sic
291 1055 439 1092 videtur
459 1053 698 1101 explicanda.
755 1055 853 1091 Inter
873 1055 1015 1092 Luculli
1036 1053 1290 1099 adversarios,
1313 1056 1375 1101 qui
1396 1054 1539 1091 Romae
1564 1065 1649 1090 eum

214 1112 454 1150 vehementer
475 1112 752 1148 insectabantur
765 1141 774 1156 ,
808 1113 875 1149 ruit
895 1112 1007 1148 etiam
1028 1111 1069 1147 L.
1091 1111 1273 1155 Quintius,
1304 1113 1379 1148 iam
1400 1122 1448 1147 ex
1465 1110 1650 1147 tribunatu

215 1170 251 1206 ei
270 1169 446 1212 infestus,
475 1168 524 1204 οἴ.
557 1167 618 1203 Fr.
639 1167 700 1212 111,
722 1171 780 1213 82,
802 1173 860 1207 11.
918 1169 953 1205 Is
983 1169 1093 1216 igitur
1120 1178 1233 1214 quum
1261 1172 1442 1215 perpetuo
1472 1168 1650 1204 clamaret

215 1224 472 1273 abrogandum
490 1234 577 1261 esse
601 1224 753 1260 Lucullo
773 1226 988 1273 imperium,
1019 1236 1092 1272 quo
1114 1235 1181 1271 per
1203 1226 1399 1262 avaritiam
1427 1225 1650 1267 abuteretur,

215 1291 550 1328 successoremque
571 1281 607 1316 ei
625 1281 855 1326 mittendum,
872 1282 1046 1318 Lucullus
1058 1281 1248 1327 putandus
1269 1286 1327 1317 est
1345 1282 1507 1328 pecunia
1527 1281 1650 1318 oblata

215 1349 302 1376 eum
322 1348 542 1385 permovere
570 1336 780 1382 studuisse,
813 1342 852 1374 ut
875 1339 944 1375 sibi
976 1337 1171 1374 adversari
1208 1337 1416 1382 desineret,
1445 1347 1543 1374 neve
1574 1348 1652 1374 am—

215 1396 314 1443 plius
336 1393 384 1431 de
413 1404 634 1430 successore
665 1394 735 1430 sibi
760 1394 939 1431 mittendo
968 1394 1069 1441 apud
1098 1395 1277 1441 populum
1308 1398 1460 1441 ageret.
1504 1393 1584 1430 Sed
1612 1393 1652 1429 id

217 1453 354 1488 frustra
382 1451 499 1486 tuisse
526 1453 629 1497 patet
656 1461 703 1487 ex
728 1451 923 1487 Plutarcho
956 1452 993 1487 in
1019 1450 1160 1487 Lucull.
1183 1462 1218 1486 c.
1237 1453 1295 1495 33,
1324 1454 1416 1486 extr.
1476 1441 1594 1487 Οὕτω
1611 1444 1655 1487 δὲ

218 1502 476 1571 διακειμένοις
502 1499 635 1550 αὐτοῖς
663 1508 737 1552 (sc.
756 1507 839 1551 τοῖς
859 1501 1127 1569 στρατιώταις)
1158 1498 1228 1551 τὰς
1253 1504 1433 1557 μεγίστας
1455 1495 1655 1543 ἐνέδώκαν
1684 1513 1689 1518 ’

218 1554 298 1601 ἀπὸ
316 1561 386 1612 τῆς
403 1554 549 1611 Ροὶμης
577 1559 620 1598 οἱ
635 1559 861 1626 δημαγωγοὶ
886 1555 1105 1613 προφάσεις
1131 1557 1278 1616 φθόνῳ
1304 1562 1374 1600 τοῦ
1393 1554 1654 1626 Λουκούλλρυ

219 1617 523 1712 κατηγοροῦντες
552 1609 604 1663 ὦς
630 1609 708 1656 ὑπὸ
737 1616 944 1669 φιλαρχίας
972 1615 1040 1656 καὶ
1055 1617 1345 1683 φιλοπλουτίας
1374 1615 1555 1664 ἕλκοντος
1584 1610 1654 1657 τὸν

218 1669 403 1738 πόλεμον,
420 1670 488 1712 καὶ
503 1667 674 1739 μονονοὺ
692 1671 919 1739 κατέχοντος
937 1671 980 1713 ἐν
996 1666 1126 1728 ταύτῷ
1146 1674 1342 1740 Κιλικίαν,
1359 1666 1498 1714 Ἀσίαν
1517 1694 1568 1703 -
1586 1686 1653 1713 πε-

218 1723 479 1784 πορθηκότος,
500 1724 624 1781 ὥςπερ
646 1728 807 1769 ἐκδῦσαι
827 1723 917 1777 τοὺς
935 1714 1131 1782 βασιλέας,
1155 1723 1203 1770 οὗ
1222 1732 1540 1796 καταπολεμῆσαι
1556 1743 1653 1781 πεμ-

181 1800 185 1802 ·
221 1784 404 1851 φθέντος.
466 1787 588 1825 Τοῦτο
611 1780 690 1857 γὰρ
712 1785 834 1825 εἰπεῖν
856 1798 980 1836 φασιν
998 1785 1068 1826 ἕνα
1083 1788 1163 1826 τῶν
1187 1789 1414 1840 στρατηγῶν
1433 1782 1655 1826 Λεύκιον

221 1837 444 1888 Κόϊντον,
463 1835 547 1891 ὑφ’
572 1837 630 1880 οὗ
647 1839 861 1892 μάλιστα
886 1841 1182 1890 πεισθέντες
1202 1841 1517 1894 ἐψηφίσαντο
1538 1841 1652 1893 πέμ-

221 1911 333 1938 πειν
370 1892 634 1949 διαδόχους
669 1899 732 1952 τῷ
758 1894 1064 1954 Λουκούλλῳ
1099 1901 1187 1950 τῆς
1214 1897 1469 1952 ἐπαρχίας.
1504 1921 1559 1932 -—
1591 1901 1659 1939 Illi

223 1956 398 2004 quoniam
417 1955 468 1991 ad
485 1956 675 1994 Lucullum
692 1957 861 2003 pertinet,
881 1969 930 1994 ex
948 1959 1055 1994 cuius
1074 1962 1195 1994 mente
1208 1958 1348 2005 pendet
1366 1960 1576 1996 enunciatio
1597 1970 1658 1996 se·

225 2011 417 2055 cundaria,
439 2013 591 2058 proprie
608 2013 678 2049 sibi
699 2012 898 2050 dicendum
921 2018 1020 2059 erat;
1046 2014 1117 2050 sed
1145 2016 1263 2051 oratio
1288 2016 1338 2052 ita
1357 2016 1567 2063 composita
1585 2019 1654 2059 est,

225 2073 266 2106 ut
285 2068 451 2105 subiecta
478 2069 688 2105 enunciatio
719 2080 742 2105 a
761 2070 954 2117 scriptoris
984 2074 1107 2107 mente
1129 2075 1335 2118 repetatur,
1364 2072 1412 2109 de
1431 2083 1505 2119 quo
1526 2083 1598 2109 usu
1615 2083 1654 2108 v.

224 2124 407 2172 Kruegeri
436 2124 596 2161 Gramm.
625 2126 689 2161 lat.
708 2128 742 2168 S.
766 2128 849 2164 412.
879 2138 913 2163 a.
935 2131 971 2162 et
990 2130 1026 2169 S.
1048 2129 1129 2166 413.
1149 2132 1223 2165 not.
1246 2133 1282 2166 1.
1301 2141 1340 2176 p.
1359 2133 1443 2167 550.
1501 2128 1655 2166 Daehne

227 2181 276 2218 ad
297 2181 392 2227 Nep.
411 2179 458 2225 X,
477 2183 514 2225 8,
537 2185 571 2219 5.
586 2193 623 2228 p.
648 2185 726 2220 162.
785 2182 902 2219 Aliter
922 2184 1045 2219 locum
1067 2185 1166 2231 cepit
1183 2185 1367 2222 Linkerus
1395 2186 1432 2221 in
1460 2186 1583 2222 libello
1608 2185 1655 2222 de

227 2237 318 2274 Sall.
350 2237 442 2272 Hist.
477 2247 644 2283 prooem.
676 2249 711 2284 p.
738 2241 798 2277 88.
827 2240 881 2276 illi
905 2239 951 2275 de
972 2239 1151 2287 Pompeio
1180 2241 1389 2289 intelligens
1419 2243 1457 2279 in
1477 2242 1657 2289 Hispania

225 2297 356 2329 contra
373 2292 578 2330 Sertorium
597 2294 767 2330 bellante.
827 2295 906 2333 Sed
922 2296 1025 2343 quod
1045 2297 1281 2334 Plutarchum
1298 2298 1410 2335 huius
1441 2300 1658 2346 interpreta-

227 2349 337 2385 tionis
357 2352 488 2385 testem
505 2349 634 2386 Laudat
652 2351 691 2386 in
710 2351 850 2388 Lucull.
880 2364 914 2388 c.
933 2357 983 2397 5.‚
1004 2364 1051 2389 ne
1075 2355 1232 2391 verbum
1259 2355 1411 2402 quidem
1434 2356 1483 2392 ibi
1507 2357 1655 2403 legitur,

227 2416 301 2452 quo
321 2416 368 2442 ea
388 2416 449 2441 res
470 2406 723 2452 confirmetur3
745 2419 783 2444 v.
804 2408 855 2445 ad
871 2409 932 2445 Fr.
953 2410 1013 2457 ΠΙ,
1033 2415 1065 2455 1,
1087 2415 1180 2446 extr.

339 2461 401 2497 Fr.
423 2465 480 2500 12.
500 2459 672 2510 [comp.
686 2464 886 2503 992Ger1.
910 2466 972 2502 ed.
991 2467 1080 2502 mai.
1100 2467 1194 2511 V,.1
1215 2466 1278 2502 ed.
1302 2467 1389 2502 min.
1407 2468 1500 2512 V,.1
1522 2470 1655 2514 p.‚235

227 2523 269 2557 1.-
287 2517 396 2554 Debr.
416 2517 463 2563 V,
481 2519 557 2562 71.]
614 2520 796 2557 Priscian.
822 2520 953 2567 XVIII,
974 2525 1008 2566 4,
1029 2525 1087 2561 41.
1118 2534 1154 2569 p.
1174 2527 1255 2562 123.
1283 2523 1348 2558 Kr.
1405 2523 1467 2559 Ad
1486 2534 1655 2560 mancam

228 2574 451 2611 sententiam
479 2575 776 2616 constituendam
807 2579 974 2624 apprime
997 2580 1084 2615 facit
1109 2579 1177 2615 Dio
1210 2578 1317 2615 Cass.
1338 2578 1499 2623 XXXV,
1523 2585 1578 2618 15.
1613 2572 1656 2616 Ο

227 2641 302 2667 ουν
327 2622 582 2675 Λουκουλλος
609 2626 653 2668 ἐκ
677 2643 716 2668 τε
729 2644 909 2697 τουτων,
937 2646 1002 2670 και
1034 2646 1106 2671 οτι
1131 2625 1261 2682 παρὰ
1288 2634 1372 2671 τοῦ
1398 2632 1655 2699 Μαρκίου,

227 2685 295 2723 τοῦ
314 2677 391 2735 πρὸ
429 2685 498 2722 τοῦ
520 2677 693 2724 Ἀκιλίου
722 2680 1031 2737 ὑπατεύσαντος,
1067 2686 1113 2734 ἐς
1151 2689 1414 2752 Κιλικίαν,
1446 2680 1494 2739 ἧς
1523 2701 1657 2739 αρχειν

227 2737 374 2790 ἔμελλε,
391 2739 678 2791 παρίοντος,
700 2739 1000 2797 ἐπικουρίαν
1022 2739 1253 2795 αἰτήσας,
1274 2757 1363 2783 ουκ
1389 2743 1582 2795 ἔτυχεν,
1612 2742 1662 2785 ἐν
