1774 3002
122 106 204 149 116
544 109 547 111 ’
621 111 659 152 C.
691 110 920 149 SALLUSTI
953 110 1104 149 CRISPI

257 239 325 280 96.
381 234 551 280 Liberis
589 234 685 280 eius
715 235 962 283 avunculus
999 236 1104 280 erat.

256 321 324 364 97.
377 319 530 379 Neque
566 333 616 364 se
651 319 847 379 recipere
882 320 959 365 aut
993 318 1210 364 instruere
1254 317 1425 378 proelio
1467 318 1570 380 qui—

120 414 240 445 vere.

257 489 325 532 98.
383 484 497 546 Equi
533 485 628 531 sine
662 486 833 532 rectore
866 484 1060 534 exterriti
1095 486 1171 530 aut
1195 483 1332 531 saucii
1366 486 1571 531 conster-

120 570 293 614 nantur.
474 564 479 567 ’

258 656 326 697 99.
383 651 444 697 At
472 650 573 697 inde
604 650 725 696 nulla
753 649 1004 697 munitionis
1036 652 1111 696 aut
1132 650 1284 714 requie
1307 664 1430 696 mora
1459 664 1571 710 pro-

120 733 253 780 cessit
288 733 343 780 ad
382 733 604 794 oppidum.

233 837 296 874 Fr.
327 840 386 877 96.
437 836 554 882 [Cort.
581 848 620 884 p.
651 840 733 876 954.
762 837 862 873 Gerl.
890 836 952 872 ed.
985 838 1076 874 mai.
1102 838 1130 882 Ι,
1156 841 1214 876 33.
1243 837 1306 873 ed.
1336 836 1429 873 min.-
1457 836 1485 881 1,
1512 837 1570 875 7⁷.

121 906 158 942 p.
186 897 266 940 196,
295 897 331 932 8.
363 894 474 930 Debr.
503 894 550 938 V,
580 895 632 939 3.]
681 893 807 930 Verba
840 894 1006 930 servavit
1033 894 1199 930 Donatus
1232 893 1281 930 ad
1308 892 1394 929 Ter.
1423 892 1568 928 Phorm.

119 952 167 996 V,
196 955 230 996 6,
259 954 321 989 32.
361 954 399 987 ut
425 952 603 998 probaret
633 950 800 987 dativum
828 961 896 997 pro
930 951 1096 998 genitivo
1127 962 1213 987 esse
1247 950 1430 997 positum3
1470 947 1571 996 quod

121 1007 310 1055 quomodo
338 1007 403 1043 fiat
431 1007 596 1043 diximus
624 1007 674 1043 ad
694 1007 774 1054 lug.
798 1018 829 1043 c.
852 1007 931 1051 VII,
949 1009 986 1044 4.
1006 1019 1045 1054 p.
1066 1010 1126 1046 41.
1161 1009 1209 1043 cf.
1235 1007 1297 1042 Fr.
1325 1006 1372 1051 V,
1391 1009 1428 1044 9.
1478 1005 1569 1050 Quis

121 1064 312 1108 fuerit‚-de
336 1075 409 1111 quo
432 1067 559 1100 auctor
575 1064 747 1110 loquitur,
771 1065 996 1099 constituere
1018 1065 1115 1099 velle
1136 1075 1292 1110 prorsus
1314 1063 1476 1109 ineptum
1499 1066 1568 1098 est.

233 1121 293 1157 Fr.
322 1123 382 1160 97.
429 1119 543 1169 [Cori.
574 1132 611 1168 p.
641 1123 723 1159 954.
753 1120 853 1156 Gerl.
884 1119 944 1156 ed.
975 1121 1061 1156 mai.
1093 1121 1121 1168 Ι,
1144 1124 1202 1158 41.
1233 1119 1294 1155 ed.
1325 1119 1411 1156 min.
1441 1119 1468 1164 1,
1489 1120 1569 1157 1οΊ.

119 1189 157 1225 p.
181 1181 260 1224 198,
281 1180 316 1214 2.
337 1178 446 1213 Debr.
465 1177 508 1221 H,
531 1177 629 1221 100.]
678 1178 824 1221 Verba,
858 1187 880 1212 a
907 1177 1099 1213 Prisciano
1124 1177 1170 1222 X,
1195 1180 1230 1221 9,
1250 1181 1308 1215 50.
1338 1187 1376 1222 p.
1398 1178 1478 1214 509.
1508 1174 1569 1212 ed.

120 1235 184 1271 Kr.
206 1234 369 1279 laudata,
392 1245 464 1280 quo
485 1235 695 1282 pertineant
714 1245 791 1268 non·
809 1234 944 1280 liquet;
975 1233 1202 1270 Debrossius
1225 1232 1274 1269 ad
1295 1243 1462 1280 pugnam
1478 1232 1571 1268 Lau-

121 1302 321 1328 ronensem
342 1291 473 1335 refert,
506 1301 604 1326 vana
625 1294 660 1325 et
680 1294 807 1337 aperte
829 1291 923 1326 falsa
943 1301 1011 1337 pro
1036 1290 1138 1327 veris
1165 1289 1380 1326 venditans.
1409 1309 1466 1314 —
1503 1287 1567 1324 In-

121 1352 265 1386 struere
294 1359 378 1384 cum
409 1347 535 1383 dativo
566 1347 730 1383 iunctum
752 1347 883 1382 iterum
907 1346 1026 1383 habes
1045 1348 1074 1383 F
1076 1358 1196 1395 ragm.
1217 1347 1260 1391 ΙΙ,
1282 1348 1340 1384 33.
1368 1346 1571 1393 Antequam

120 1414 292 1452 eyressus
311 1403 499 1441 Sertorius
521 1405 787 1440 instrueret
802 1413 991 1450 puynae
1009 1413 1107 1440 suos.
1218 1410 1223 1414 ”

233 1461 294 1497 Fr.
325 1464 383 1500 98.
429 1458 542 1505 [Cort.
572 1472 608 1507 p.
632 1463 713 1499 954.
749 1460 847 1496 Gerl.
882 1460 943 1496 ed.
975 1461 1062 1496 mai.
1092 1460 1119 1505 Ι,
1141 1463 1199 1498 42.
1231 1458 1293 1495 ed.
1319 1459 1409 1495 min.
1439 1458 1466 1503 I,
1489 1460 1570 1497 108.

120 1529 156 1565 p.
178 1521 257 1562 198,
278 1520 314 1555 3.
335 1518 445 1554 Debr.
468 1517 512 1564 11,
531 1518 607 1561 99.]
648 1517 726 1552 Hoc
748 1527 896 1563 quoque
915 1516 1199 1564 Fragmentum,
1220 1527 1243 1552 a
1262 1516 1453 1552 Prisciano
1475 1514 1570 1559 VIII,

121 1578 178 1619 15,
199 1577 259 1612 83.
279 1586 319 1620 p.
338 1577 421 1613 419.
444 1574 507 1609 Kr.
529 1573 739 1617 laudatum,
771 1584 793 1609 a
816 1573 1018 1610 Debrossio
1038 1573 1087 1609 ad
1106 1583 1271 1620 pugnam
1293 1573 1571 1609 Lauronensem

121 1631 298 1675 refertur,
330 1641 405 1666 non
437 1629 698 1675 dissentiente,
729 1633 767 1664 ut
794 1629 960 1673 videtur,
989 1629 1199 1671 Gerlachio.
1246 1629 1362 1665 Nobis
1395 1627 1441 1663 de
1472 1633 1571 1663 nexu

121 1698 196 1728 non
226 1690 392 1732 constat3
435 1686 598 1721 ceterum
624 1679 844 1734 Priscianus
870 1690 995 1721 monet
1025 1689 1308 1723 consternantur
1344 1695 1418 1721 non
1449 1684 1571 1730 passi-

122 1754 231 1788 vum,
264 1743 334 1779 sed
362 1743 555 1790 deponens
585 1753 693 1787 esse;
724 1753 839 1789 quare
862 1753 997 1778 sensus
1026 1746 1082 1778 est
1102 1743 1187 1789 equi
1212 1741 1569 1781 consternatio-

120 1809 222 1836 nem
245 1798 438 1847 faciunt
455 1800 713 1847 puynantium.
766 1799 805 1834 In
832 1799 1048 1835 universum
1080 1798 1210 1835 similis
1241 1802 1299 1834 est
1319 1797 1435 1833 Taciti
1463 1797 1569 1832 locus

122 1856 289 1904 Agricol.
320 1867 353 1892 c.
374 1859 443 1904 36,
471 1860 566 1891 extr.
596 1855 781 1892 Exterriti
805 1856 884 1892 sine
909 1854 1111 1892 rectoribus
1144 1855 1227 1903 equi
1257 1873 1311 1883 —-
1340 1858 1571 1890 transversos

121 1917 187 1950 aut
202 1912 322 1950 obvios
340 1912 591 1949 incursabant.

234 1969 295 2005 Fr.
323 1972 383 2009 99.
431 1967 545 2017 [Cort.
570 1981 607 2016 p.
630 1971 712 2007 954.
743 1967 841 2004 Gerl.
871 1968 934 2004 ed.
964 1967 1050 2003 mai.
1084 1967 1110 2012 1,
1142 1968 1202 2004 44.
1232 1966 1294 2003 ed.
1321 1967 1412 2003 min.
1440 1965 1467 2011 Ι,
1489 1970 1568 2006 110.

122 2037 159 2072 p.
189 2028 270 2070 198,
298 2030 334 2065 6.
358 2026 473 2061 Debr.
503 2026 546 2071 ΙΙ,
571 2026 648 2070 62]
696 2025 880 2060 Priscian.
908 2024 987 2068 VII,
1012 2026 1068 2068 19,
1089 2025 1147 2062 94.
1177 2034 1215 2070 p.
1236 2026 1317 2062 355-
1349 2022 1409 2059 ed.
1429 2023 1493 2059 Kr.
1515 2044 1571 2049 —

123 2082 234 2118 Nulla
254 2083 529 2118 munitionis
546 2092 676 2118 mora
705 2080 795 2128 quid
817 2080 1002 2128 significet
1021 2079 1303 2126 intelligendum
1325 2083 1382 2116 est
1400 2090 1570 2116 exssmore

123 2137 275 2174 militiae
294 2138 500 2174 Romanae.
550 2139 644 2174 Nam
665 2149 778 2184 quum
800 2137 911 2173 etiam
933 2138 970 2173 in
998 2137 1129 2174 itinere
1145 2139 1268 2172 castra
1283 2132 1571 2172 cotidie‘muni-

123 2196 248 2230 rentur
267 2195 325 2238 (v.
348 2198 522 2230 annotata
544 2194 594 2230 ad
613 2195 692 2241 Iug.
710 2205 742 2230 e.
762 2192 890 2238 XCIX,
913 2198 946 2231 1.
971 2205 1008 2240 p.
1028 2193 1130 2236 528.)
1144 2220 1153 2236 ‚
1187 2192 1246 2228 ille
1268 2203 1349 2229 mos
1370 2192 1569 2229 celeritatis

124 2249 248 2286 studio
268 2254 344 2286 tum
371 2250 632 2294 omissusest,
664 2260 710 2284 ne
732 2249 996 2285 munitionibus
1026 2247 1210 2285 faciendis
1233 2254 1340 2285 'mora
1363 2248 1484 2285 itineri
1506 2247 1571 2285 fle-

124 2310 192 2342 ret.
210 2326 269 2333 —
290 2306 344 2342 De
364 2307 530 2354 genitivo
550 2307 675 2353 requie
696 2307 786 2342 satis
808 2305 968 2341 diximus
990 2304 1039 2341 ad
1062 2304 1141 2352 Iug.
1164 2316 1195 2341 c.
1207 2304 1304 2350 XXI,
1314 2309 1350 2343 2.
1369 2316 1407 2352 p.
1420 2308 1499 2344 131.
1514 2324 1568 2332 —

125 2363 218 2407 Quis
240 2363 465 2410 intelligatur
484 2366 521 2398 et
541 2362 590 2398 ad
610 2361 798 2409 quodnam
819 2361 998 2408 oppidum
1018 2371 1238 2408 processum
1263 2362 1383 2406 fuerit,
1413 2371 1568 2409 prorsus

125 2423 182 2455 est
217 2421 438 2464 obscurum3
481 2429 567 2454 nam
599 2419 679 2455 sine
711 2419 787 2454 ulla
817 2418 1085 2464 probabilitatis
1119 2418 1246 2465 specie
1275 2418 1499 2454 Debrossius
1533 2421 1569 2452 et

125 2475 344 2511 Gerlachius
366 2475 532 2511 V01.111.
561 2487 598 2522 p.
619 2477 678 2514 74.
708 2485 754 2510 ex
777 2473 963 2510 Plutarchi
985 2473 1150 2511 Sertorio
1177 2485 1211 2510 c.
1233 2477 1289 2513 13.
1323 2475 1502 2521 colligunt
1521 2472 1568 2509 de

125 2531 273 2566 Metello
300 2532 359 2579 agi
383 2532 628 2579 Lacobrigam
653 2541 790 2577 capere
818 2531 1028 2567 festinante.

238 2587 298 2623 Fr.
328 2591 407 2625 100.
457 2586 572 2636 [Cort.
594 2599 631 2635 p.
653 2590 736 2626 955.
765 2586 864 2623 Gerl.
895 2585 955 2622 ed.
984 2586 1070 2622 mai.
1092 2586 1118 2631 I,
1139 2590 1198 2626 51.
1231 2584 1289 2622 ed.
1319 2585 1408 2621 min.
1437 2585 1463 2630 I,
1487 2559 1567 2624 114

126 2654 164 2690 p.
186 2646 266 2687 198,
290 2647 345 2681 10.
375 2643 486 2680 Debr.
506 2644 533 2689 I,
555 2645 631 2689 96.]
681 2642 837 2680 Servius
869 2643 918 2679 ad
939 2643 1045 2689 Virg.
1067 2642 1161 2679 Aen
1184 2641 1278 2686 VIII,
1303 2643 1382 2679 127.
1412 2645 1448 2677 et
1470 2641 1566 2677 Aru—

128 2699 257 2735 sianus
294 2710 330 2735 v.
366 2699 482 2743 decet,
521 2711 559 2746 p.
587 2702 669 2739 223.
697 2698 866 2735 Lindem.
907 2718 956 2726 —-
991 2698 1044 2734 De
1072 2697 1178 2735 verbi
1207 2697 1310 2735 decet
1336 2706 1421 2733 cum
1450 2698 1569 2734 dativo
