1774 3002
133 158 235 191 XLII
539 153 650 191 EDIT
653 154 762 193 oms
790 154 1027 193 EPISTOLA
1053 154 1243 194 CRITIGA

137 275 198 316 sic
235 280 392 316 exstat:
430 278 515 327 ipse
549 279 667 327 quasi
696 278 932 317 vitabundus
964 290 1040 328 per
1075 280 1251 317 saltuosa
1281 281 1368 335 loca
1400 283 1439 318 et
1472 281 1648 319 tramites

135 347 356 385 exercitam
392 345 572 385 ductare.
646 344 837 386 Similiter
870 345 1233 395 Lunaeburgensis
1267 346 1402 386 editor
1426 346 1476 400 qin
1507 347 1646 398 Spicil.

135 423 176 462 p.
211 411 303 450 110.
337 424 378 452 n.
410 412 477 451 24.
523 425 575 453 ex
608 414 739 454 schol.
770 414 830 452 ad
855 414 1011 454 Lucani
1038 413 1221 454 Pharsal.
1252 414 1328 462 Vl,
1357 414 1455 455 796.
1495 416 1646 455 attulit:

138 480 223 528 „Et
262 491 367 520 sane
399 480 594 538 Gracchis
637 482 834 538 cupidine
877 482 1075 523 victoriae
1121 481 1233 521 haud
1270 482 1370 522 satis
1408 483 1647 523 moderatus

135 548 212 588 fuit
249 537 409 589 animus
421 537 470 607 {⁴³
508 561 616 600 quae
655 551 803 590 iisdem
841 551 981 591 verbis
1018 552 1211 601 leguntur
1252 550 1338 600 lug.
1381 561 1417 589 c.
1444 550 1569 598 XLII,
1608 549 1647 588 2.

134 615 325 655 Eundem
357 616 460 666 sugit
487 617 585 658 ibid.
617 631 660 670 p.
686 619 776 658 109.
808 631 848 658 n.
879 618 963 669 18„
996 629 1102 669 quae
1123 617 1294 658 Servius
1326 618 1379 657 ad
1395 618 1510 667 Virg.
1541 619 1647 657 Aen.

135 684 170 732 Ι,
199 683 292 723 194.
325 695 375 723 ex
407 685 603 726 Sallustio
637 687 794 726 laudat:
835 686 1110 737 „provincias
1136 686 1242 725 inter
1272 697 1319 726 se
1348 687 1647 737 partiverant‚“

135 751 175 790 in
201 752 288 801 lug.
315 752 397 801 legi
424 764 458 792 c.
483 754 629 803 XLIII,
664 754 699 793 1.
730 755 982 795 Debrossius
1013 756 1088 803 III,
1122 754 1186 793 19.
1210 753 1252 793 in
1278 753 1524 805 Fragmenta
1545 753 1648 793 intu-

135 819 179 858 lit
208 819 331 864 haec:
364 821 446 868 „Ut
475 823 714 872 frequentes
745 822 855 861 circa
885 822 1004 872 signa
1034 822 1117 862 sint
1145 820 1342 861 milites.“
1401 822 1568 862 Scilicet
1594 823 1649 860 le-

135 892 252 937 gerat
281 889 393 938 apud
424 889 539 929 Serv.
571 891 623 930 ad
648 893 753 930 Aen.
784 890 859 938 XI,
887 889 987 930 870:
1026 891 1245 940 „Namque
1274 890 1355 930 hoc
1383 890 1538 940 ubique
1564 889 1650 928 dux

135 955 356 1006 praecipit,
395 962 441 997 ut
475 959 715 1009 frequentes
753 959 864 998 circa
893 959 1012 1008 signa
1042 959 1124 999 sint
1150 958 1320 1007 milites,
1360 957 1466 997 sicut
1491 957 1532 996 in
1563 956 1649 996 Sal-

134 1014 258 1064 lustio
284 1025 508 1075 legimus.“
567 1029 624 1067 At
654 1027 893 1076 Sallustius,
932 1028 1049 1068 cuius
1079 1027 1219 1067 verbis
1250 1026 1443 1073 Servius,
1483 1025 1524 1064 in
1561 1035 1649 1063 rem

135 1092 262 1131 modo
293 1092 496 1143 intentus,
535 1095 704 1136 liberius
733 1096 879 1145 utitur,
918 1091 973 1134 in‘
996 1097 1082 1146 lug.
1116 1106 1152 1135 c.
1182 1095 1312 1143 XLV,
1342 1093 1383 1132 2.
1425 1091 1650 1142 scripserat

134 1159 208 1199 ita:
241 1161 467 1209 „Metellus
497 1175 625 1214 saepe
651 1164 692 1204 in
725 1164 862 1204 medio
894 1164 1065 1211 adesse,
1102 1166 1162 1203 uti
1188 1174 1278 1203 cum
1297 1165 1422 1211 siqnis
1448 1161 1648 1210 frequen-

133 1233 190 1267 tes
222 1230 501 1269 incederent.“
569 1233 659 1272 Non
700 1233 835 1272 minus
872 1222 902 1272 'a
929 1243 1031 1272 vero
1063 1231 1271 1271 aberravit
1298 1229 1551 1270 Debrossius
1578 1230 1647 1277 IV,

134 1294 201 1335 48.
230 1295 301 1335 ubi
329 1297 456 1337 verba
486 1310 511 1338 a
540 1301 741 1341 Diomede
768 1313 808 1351 p.
831 1300 926 1340 372.
957 1302 1096 1340 allata:
1129 1299 1375 1349 „Interdum
1399 1309 1546 1338 somno
1578 1308 1647 1336 ex-

134 1368 351 1414 perrectus
389 1370 606 1409 tumultum
644 1372 840 1418 facere,“
883 1368 1074 1409 Historiis
1112 1367 1316 1416 attribuit,
1363 1378 1470 1417 quae
1508 1367 1648 1415 Iugur-

135 1433 230 1472 thae
275 1438 390 1483 sunt,
429 1445 464 1475 c.
491 1436 654 1486 LXXII,
691 1437 730 1476 2.
773 1437 833 1477 sic
873 1437 1047 1488 scripta:
1094 1437 1293 1476 interdum
1319 1446 1461 1490 gsomno
1494 1436 1649 1475 excitus

133 1504 306 1553 arreptis
334 1506 459 1543 armis
485 1508 690 1547 tumultum
715 1507 871 1555 facere.
954 1557 958 1558 ⁷
1049 1514 1053 1517 '
1360 1532 1384 1543 -

246 1570 434 1621 Denique
460 1572 802 1623 Fragmentorum
839 1583 1037 1613 numerus
1077 1576 1244 1621 praeter
1280 1565 1468 1611 ordinem
1501 1574 1646 1610 aucms

134 1643 200 1679 est
229 1650 301 1687 eo,
335 1640 449 1689 quod
480 1641 548 1680 vel
578 1641 760 1681 minores
787 1642 1015 1692 particulae
1045 1652 1098 1679 ex
1134 1639 1360 1680 maioribus
1390 1639 1646 1689 Fragmentis

134 1708 326 1747 laudatae
366 1719 512 1747 rursus
563 1720 641 1758 pro
681 1711 802 1750 novis
837 1710 1148 1757 exhiberentur,
1186 1709 1253 1748 vel
1290 1720 1418 1748 unum
1454 1708 1648 1756 idemque

134 1776 296 1825 Fragm.
336 1786 360 1814 a
398 1776 563 1815 duobus
602 1778 879 1826 grammaticis
915 1777 1054 1827 paullo
1096 1777 1264 1817 variatis
1300 1775 1440 1816 verbis
1475 1775 1647 1814 relatum

133 1848 359 1894 propterea
393 1855 471 1894 pro
511 1845 674 1885 duobus
712 1846 818 1885 inter
857 1857 904 1885 se
942 1845 1119 1886 diversis
1155 1847 1388 1886 haberetur.
1461 1844 1648 1892 Utroque

134 1912 261 1952 modo
293 1912 462 1962 saepius
491 1913 682 1963 peccavit
710 1914 759 1964 is,
792 1914 862 1964 qui
890 1925 967 1954 sua
993 1914 1186 1964 opinione
1216 1912 1568 1955 accuratissimam
1597 1920 1647 1948 ac

133 1991 309 2031 prorsus
347 1979 712 2031 incomparabilem
757 1994 928 2033 operam
965 1982 1238 2024 Historiarum
1276 1978 1533 2032 Fragmentis
1576 1976 1647 2015 im-

133 2048 290 2100 pendit.
356 2049 419 2088 Ex
459 2050 647 2090 oratione
682 2051 826 2102 Lepidi
861 2050 943 2099 (Fr.
975 2052 1013 2099 I,
1057 2052 1133 2101 45,
1169 2053 1229 2101 4.)
1267 2062 1393 2102 quum
1428 2048 1649 2096 desumpta

135 2117 218 2157 sint
246 2117 375 2156 verba
404 2128 429 2156 a
457 2118 620 2159 Donato
643 2119 696 2158 ad
719 2120 810 2159 Ter.
840 2119 1004 2159 Phorm.
1036 2120 1089 2168 ΙΙ,
1115 2121 1149 2168 1,
1185 2119 1248 2159 13.
1279 2121 1402 2158 allata
1431 2127 1524 2156 nam
1551 2114 1650 2164 quid

134 2197 161 2225 a
187 2186 367 2236 Pyrrho,
408 2186 654 2235 Hannibale,
694 2187 774 2228 nisi
813 2188 927 2238 quod
962 2187 1019 2226 ibi
1061 2192 1256 2238 corrupte
1289 2187 1447 2237 quidem
1477 2187 1542 2222 est
1567 2192 1646 2231 pro

135 2255 251 2304 qaid,
292 2257 431 2292 tamen
470 2253 594 2302 haec,
641 2266 778 2304 neque
820 2256 1080 2305 corruptelae
1123 2260 1290 2303 natura,
1331 2263 1470 2303 neque
1497 2248 1647 2291 Donati

135 2326 274 2362 mente
303 2316 547 2372 perspecta,
583 2322 622 2362 in
658 2324 724 2362 ed.
757 2323 850 2362 mai.
878 2325 961 2362 Inc.
996 2322 1086 2362 112.
1118 2327 1163 2362 ut
1196 2333 1352 2363 novum
1381 2321 1542 2370 Fragm.
1569 2329 1646 2368 po-

136 2389 230 2431 suit.
262 2413 317 2420 —
347 2389 460 2439 Quae
483 2391 671 2430 Donatus
702 2391 755 2430 ad
783 2392 875 2431 Ter.
896 2392 976 2430 Ad.
1008 2392 1080 2439 III,
1106 2390 1144 2439 2,
1176 2390 1239 2430 12.
1269 2388 1507 2432 memoriter
1527 2385 1648 2425 affert
1719 2436 1734 2449 δ

134 2471 261 2509 neque
290 2460 423 2497 animo
451 2470 577 2508 neque
603 2462 743 2509 linqua
771 2463 867 2500 satis
889 2466 1113 2509 compotem,
1144 2464 1287 2510 aperte
1314 2457 1441 2509 petita
1467 2458 1565 2495 sunt
1592 2465 1647 2494 ex

136 2538 187 2567 eo
214 2525 487 2567 Historiarum
517 2528 625 2575 loco,
654 2528 771 2568 cuius
797 2527 961 2578 plenius
987 2526 1147 2576 Fragm.
1179 2527 1219 2566 in
1252 2530 1394 2566 nostra
1424 2524 1490 2563 ed.
1522 2526 1587 2562 est
1614 2523 1644 2570 I,

136 2594 225 2645 88.;
258 2595 499 2639 Gerlachius
530 2599 667 2635 tamen
694 2607 771 2646 pro
809 2594 984 2634 diversis
1011 2595 1169 2634 habens
1199 2595 1371 2633 alterum
1397 2594 1426 2641 l,
1451 2591 1518 2631 24.
1548 2592 1646 2630 alte-

135 2675 227 2704 rum
251 2665 334 2704 Inc.
365 2663 435 2703 59.
465 2663 661 2703 exhibuit.
691 2685 748 2693 —
780 2663 921 2702 Verba
949 2665 1007 2702 ad
1036 2664 1246 2714 Corycum,
1283 2673 1308 2701 a
1330 2660 1457 2701 Prisc.
1484 2660 1574 2708 XV,
1603 2658 1643 2707 2,

137 2732 177 2772 9.
203 2743 246 2783 p.
267 2730 362 2771 618.
395 2732 579 2781 laudata,
612 2733 777 2782 quael,
809 2732 877 2770 57.
907 2731 1051 2779 habet,
1084 2742 1158 2770 cur
1186 2741 1341 2770 novum
1366 2728 1526 2778 Fragm.
1549 2737 1645 2766 esse

134 2801 280 2850 vellet,
311 2811 396 2840 non
423 2793 673 2850 intelligitur,
702 2811 828 2850 quum
858 2799 898 2839 in
925 2811 998 2848 eo,
1031 2799 1145 2849 quod
1170 2797 1226 2837 illi
1253 2802 1318 2837 est
1342 2798 1379 2846 I,
1411 2798 1492 2846 55.,-
1523 2795 1644 2836 nobis
