1774 3002
141 136 226 178 344
626 136 665 173 C.
699 134 930 173 SALLUSTl
961 134 1110 173 CRISPI

786 314 875 348 CAP.
903 314 960 347 lV.

665 385 856 417 piratarum
880 383 1067 419 latrocinia.

278 564 346 606 48.
404 559 450 604 In
477 559 575 621 quis
603 558 857 605 notissimus
889 558 1075 621 quisque
1105 558 1180 603 aut
1200 556 1314 603 malo
1337 557 1588 619 dependens

144 690 349 746 κατεπόθη
374 687 476 734 πολὺ
503 691 619 747 μέρος
648 688 726 734 ὑπὸ
754 695 932 746 σεισμῶν.
992 697 1047 732 Id.
1068 696 1096 732 I.
1118 707 1155 743 p.
1174 698 1231 734 94.
1253 694 1299 731 A.
1358 696 1443 733 Loci
1478 697 1589 744 igitur

144 756 236 793 situs
256 755 356 791 clare
384 754 548 792 ostendit
571 755 607 790 in
628 755 770 791 Luculli
795 753 1032 802 expeditione
1056 752 1240 790 Thracica
1266 752 1448 790 Vizonem
1472 753 1588 791 fuisse

143 815 487 850 commemoratam.

255 869 317 906 Fr.
338 871 396 908 48.
438 868 555 915 [Cort.
575 880 614 916 p.
638 869 719 907 992.
762 868 860 905 Gerl.
885 867 946 903 ed.
969 867 1057 904 mai.
1077 867 1142 914 IV,
1162 869 1221 906 37.
1253 866 1316 903 ed.
1336 866 1424 903 min.
1446 867 1510 912 IV,
1529 871 1589 907 26.

142 941 181 976 p.
201 928 283 971 227,
303 929 364 964 22.
384 926 494 963 Debr.
517 926 579 971 IV,
601 926 677 970 41.]
706 925 844 972 Verba,
873 935 968 973 quae
989 926 1163 973 leguntur
1184 923 1286 971 apud
1307 923 1402 962 Non.
1425 924 1488 968 IV,
1504 926 1586 963 355.

143 998 180 1034 p.
201 986 284 1028 366,
308 986 366 1022 12.
391 983 564 1029 Mereer„
595 982 818 1020 Debrossius
841 986 877 1019 et
898 982 1117 1020 Gerlachius
1141 982 1349 1031 intelligunt
1371 981 1418 1018 de
1442 979 1589 1018 Creten-

145 1043 262 1087 sibus,
287 1040 477 1078 Romanos
499 1041 624 1078 navali
648 1040 771 1088 poelio
796 1042 864 1077 sub
888 1039 1050 1076 Antonio
1087 1041 1205 1077 victos
1229 1038 1371 1077 erudeli
1402 1038 1587 1086 supplicio

144 1098 406 1137 afficientibus.
466 1097 544 1135 Sed
578 1098 664 1134 huie
701 1097 993 1144 interpretationi
1027 1100 1211 1144 repugnat
1242 1100 1450 1143 temporum
1481 1096 1586 1140 ratio,

145 1167 258 1205 quum
279 1155 487 1192 deAntonii
509 1166 593 1191 eum
615 1154 853 1191 Cretensibus
875 1155 971 1191 bello
993 1156 1094 1191 lertio
1115 1154 1207 1190 libro
1231 1154 1369 1190 dictum
1394 1153 1441 1190 sit
1462 1154 1518 1198 (v.
1529 1153 1587 1197 Ill,

143 1217 248 1254 59-
262 1213 359 1257 66.),
382 1213 539 1259 ipsaque
560 1212 712 1248 Antonii
733 1222 834 1248 mors
864 1211 937 1247 iam
956 1211 1205 1258 praecedente
1227 1211 1320 1248 libro
1343 1211 1588 1247 contineatur.

145 1271 259 1308 Nobis
288 1269 518 1317 probabilius
542 1268 687 1305 videtur
721 1269 923 1316 piratarum
946 1268 1107 1305 describi
1130 1267 1320 1305 crudelem
1342 1267 1587 1311 insolentiam,

145 1339 218 1375 qua
238 1327 358 1374 captis
387 1326 533 1362 civibus
561 1326 739 1362 Romanis
770 1324 926 1361 illudere
949 1326 1139 1370 solebant,
1170 1328 1209 1361 ut
1230 1328 1382 1361 testatur
1402 1323 1590 1360 Plutarch.

145 1386 179 1422 in
202 1385 335 1430 Pomp.
357 1395 389 1420 e.
412 1386 469 1428 24,
491 1386 584 1419 extr.
641 1374 795 1420 Ἐκεῖνο
826 1370 914 1419 δὲ’ς
887 1394 939 1431 ην
966 1374 1310 1446 ὑβριστικώτατον.
1362 1372 1497 1419 Ὁπότε
1515 1372 1592 1430 γάρ

143 1454 200 1487 τις
222 1432 402 1485 ἑαλωκὼς
422 1431 654 1503 ἀναβοήσειε
671 1430 859 1488 Ῥωμαῖος
889 1431 991 1476 εἶναι
1019 1433 1087 1476 καὶ
1096 1449 1289 1502 τουνομα
1307 1431 1506 1502 φράσειεν,
1528 1433 1591 1474 ἐκ-

142 1496 368 1547 πεπλῆχθαι
387 1489 715 1560 προςποιούμενοι
742 1508 810 1532 και
842 1491 1012 1533 δεδιέναι
1038 1487 1129 1540 τούς
1154 1506 1194 1532 τε
1223 1485 1372 1545 μηροὺς
1394 1489 1588 1539 ἐπαίοντο,

144 1568 212 1592 και
238 1549 500 1618 προςέπιπτον
518 1544 638 1604 αὐτῷ,
662 1545 901 1603 συγγνώμην
927 1549 1026 1617 ε’χειν
1049 1542 1362 1615 ἀντιβολοῦντες·
1386 1542 1407 1589 ὃ
1429 1545 1471 1588 δὲ
1493 1545 1592 1587 ἐπεί-

144 1613 236 1650 θετο
257 1622 463 1655 ταπεινους
483 1601 588 1658 ὁρῶν
607 1605 675 1646 καὶ
694 1605 912 1671 δεομένους.
960 1601 1027 1646 Ἐκ
1045 1602 1185 1646 τούτου
1206 1603 1248 1646 δὲ
1267 1605 1308 1646 οἱ
1325 1603 1397 1672 μὲν
1419 1599 1592 1644 ὑπέδουν

143 1669 223 1713 τοῖς
246 1664 422 1712 καλκίοις
443 1659 584 1713 αὐτὸν,
617 1663 659 1702 οἱ
677 1661 719 1702 δὲ
735 1658 931 1729 τήβεννον
951 1661 1225 1716 περιέβαλλον,
1249 1656 1300 1710 ὦς
1328 1655 1378 1713 δὴ
1397 1655 1452 1712 μὴ
1473 1657 1594 1700 πάλιν

143 1715 373 1788 ἀγνοηθείη.
433 1714 573 1760 Πολύν
608 1717 650 1758 δὲ
677 1715 819 1772 χρόνον
847 1734 948 1758 ουτω
978 1729 1375 1783 κατειρωνευσαμενοι
1404 1715 1472 1756 καὶ
1499 1730 1591 1756 απο-

70 1793 79 1809 ‘
143 1774 358 1826 λαυσαντες
385 1778 455 1816 τοῦ
482 1770 704 1829 ἀνθρώπου
731 1774 837 1822 τέλος
857 1774 899 1815 έν
917 1774 1021 1831 μέσῳ
1041 1770 1199 1827 πελάγει
1227 1773 1400 1826 κλίμακα
1420 1773 1591 1839 προςβα-

143 1831 273 1882 λόντες
293 1832 472 1875 ἐκέλευον
492 1832 689 1901 ἐκβαίνειν
710 1847 777 1872 και
805 1826 963 1872 ἀπεῖναι
982 1817 1187 1885 χαίροντα,
1216 1828 1285 1871 τὸν
1307 1829 1350 1871 δὲ
1368 1826 1423 1882 μὴ
1451 1824 1590 1882 βουλό-

142 1906 261 1944 μενον
295 1883 492 1938 ὠθοῦντες
534 1886 646 1930 αὐτοὶ
676 1887 877 1929 κατέδυον.
938 1892 1057 1929 Simili
1092 1891 1204 1927 modo
1233 1890 1434 1928 Sallustius
1469 1893 1593 1925 narrat

143 1956 274 2000 captos
299 1952 466 1988 notiores
495 1953 557 1986 aut
585 1950 803 1986 verberibus
835 1950 1018 1985 laceratos
1040 1959 1145 1993 esse,
1171 1951 1233 1984 aut
1252 1948 1416 1994 patibulo
1438 1956 1593 1992 suspen-

144 2022 219 2046 sos.
277 2008 407 2055 Neque
431 2007 591 2043 dubitari
611 2010 754 2053 potest,
787 2007 875 2053 quin
901 2006 939 2042 id
967 2005 1070 2042 haud
1090 2005 1203 2041 multo
1226 2007 1311 2040 ante
1336 2003 1427 2040 illud
1449 2007 1593 2049 tempus

144 2065 347 2110 acciderit,
375 2075 448 2111 quo
472 2064 609 2100 malum
643 2063 715 2100 hoc
749 2062 845 2099 adeo
875 2066 1023 2099 auctum
1045 2066 1114 2106 est,
1146 2065 1183 2097 ut
1203 2060 1380 2107 Pompeio
1410 2069 1594 2096 summum

147 2122 344 2170 imperium
366 2120 672 2157 committendum
693 2124 795 2156 esset
816 2119 864 2157 ad
885 2120 1089 2166 piratarum
1109 2118 1185 2154 vim
1200 2118 1311 2164 plane
1332 2115 1590 2163 frangendam.

150 2199 199 2206 -
223 2178 446 2215 Immulilalo
469 2178 496 2214 F
500 2176 680 2214 reundius
712 2178 750 2213 in
773 2177 863 2212 Lex.
885 2176 922 2212 h.
946 2187 983 2212 v.
1006 2175 1105 2211 idem
1134 2185 1219 2211 esse
1248 2173 1336 2210 dicit
1357 2177 1466 2220 atque
1486 2172 1590 2209 muti-

142 2237 235 2280 lalo,
270 2236 377 2282 quasi
405 2234 613 2271 descendat
633 2245 656 2270 a
687 2235 803 2271 verbo
826 2233 950 2280 aliquo
978 2232 1169 2276 immulilo,
1196 2229 1296 2277 quod
1319 2239 1507 2277 nunquam
1530 2240 1592 2264 ex-

143 2293 244 2330 stitit.
301 2290 558 2338 Oppositionis
579 2291 673 2327 ratio
697 2301 787 2326 vero
809 2288 973 2327 ostendit
991 2288 1240 2324 immutilatum
1261 2297 1347 2323 esse
1368 2285 1594 2323 adieetivum

81 2372 83 2375 -
143 2360 229 2387 cum
249 2348 485 2396 negativam
506 2347 655 2394 syllaba
677 2347 948 2393 compositum3
971 2346 1033 2382 alii
1057 2345 1158 2381 enim
1178 2344 1411 2391 captivorum
1433 2341 1596 2379 verberi-

143 2408 212 2443 bus
235 2405 389 2442 lacerati
408 2403 687 2449 mutilabantur,
719 2404 781 2439 alii
803 2404 943 2440 nullam
963 2403 1132 2450 corporis
1153 2401 1408 2438 mutilationem
1423 2398 1598 2447 perpessi

142 2463 310 2510 patibulo
335 2461 594 2509 affigebantur.
637 2460 796 2496 Ursinus
822 2459 983 2496 coniecit
1001 2459 1209 2495 mulcato
1230 2466 1401 2504 corpore.
1427 2476 1485 2482 -—
1514 2453 1595 2491 Im-

135 2519 337 2568 probum
360 2517 566 2566 patibulum
590 2516 689 2553 idem
708 2515 918 2552 Freundius
950 2516 987 2551 in
1009 2516 1098 2552 Lex.
1119 2515 1158 2550 h.
1179 2525 1217 2550 v.
1247 2514 1506 2560 interpretatur
1527 2511 1594 2546 im-

0 2607 1 2611 ,
143 2586 319 2620 mensum,
342 2576 511 2620 immane,
532 2584 692 2622 quocum
713 2573 789 2608 sere
812 2573 985 2620 congruit
1003 2571 1148 2608 Wassii
1169 2570 1309 2617 opinio,
1326 2569 1511 2606 excelsum
1533 2577 1596 2602 ex-

0 2621 3 2682 {
143 2633 332 2681 plicantis.
382 2632 454 2668 Alii
476 2631 699 2669 vocabulum
722 2633 937 2676 corruptum
958 2629 1025 2665 rati
1048 2628 1155 2665 varia
1178 2629 1378 2670 tentarunt,
1403 2627 1440 2660 ut
1460 2620 1587 2660 Carrio

1 2696 3 2698 ’
143 2692 182 2727 in
194 2700 327 2738 prora,
349 2689 496 2735 Lipsius
508 2688 657 2734 Antiqq.
685 2686 799 2722 Lectt.
810 2686 855 2721 Π.
873 2697 905 2721 c.
919 2688 955 2723 4.
976 2687 1013 2722 in
1026 2685 1168 2732 proris,
1189 2682 1387 2720 Putsehius
1407 2680 1588 2726 inpuppi,

147 2746 302 2784 Colerus
332 2745 615 2804 immutilato
643 2753 800 2792 corpore
829 2742 1052 2789 improbe.
1114 2740 1192 2777 Sed
1216 2739 1306 2776 nihil
1326 2738 1457 2774 horum
1478 2747 1585 2783 opus.
