1774 3002
228 0 262 10 --
271 0 274 2 '

0 0 82 108 pli
101 63 108 68 ·

60 76 78 90 fl

472 173 801 212 HISTORIARUM
827 170 1140 209 FRAGMENTA.
1198 171 1286 207 LIB.
1317 171 1344 206 l.
1547 163 1631 208 105

821 330 912 367 CAP.
937 330 999 365 VI.

460 402 593 436 Bellum
615 408 732 436 contra
754 401 883 445 piratas
910 410 931 431 a
955 398 993 433 P.
1020 396 1166 431 Servilio
1194 400 1340 440 gestum.

321 570 388 613 77.
458 565 607 627 Itaque
652 565 867 611 Servilius
910 563 1145 624 aegrotum
1197 558 1373 605 Tarenti
1414 556 1634 618 collegam

188 650 309 711 prior
340 652 664 710 transgressus.
897 691 909 702 ,

321 727 393 779 78.
457 730 592 778 Cares
621 730 808 777 insulani
838 729 989 791 populi
1023 727 1222 781 fuerunt,
1259 722 1439 784 piratica
1461 723 1634 778 famosi,

189 816 291 862 victi
324 831 353 861 a
386 814 553 870 Minoe,
588 812 667 874 [ut
697 819 744 860 et
776 804 1054 875 ThuCydaedes
1086 814 1134 858 et
1156 807 1392 855 Sallustius
1419 802 1609 866 dabunt]

189 975 296 1013 quem
330 964 377 1002 sit
408 974 594 1019 superare
618 964 707 1012 aliq'.
696 990 728 1012 .‚
772 964 874 1012 quod
901 974 987 1000 cum
1008 973 1120 1010 Ρηον
1148 971 1245 998 voce
1274 958 1466 996 conciliari
1496 957 1638 1003 nequit.

191 1022 313 1066 Quare
345 1024 600 1068 vans-messus
638 1021 920 1068 intelligendum
956 1023 1131 1066 putamus
1169 1017 1217 1054 de
1251 1013 1464 1052 traiiciendo
1497 1014 1638 1058 mari,

190 1089 264 1124 quo
293 1087 408 1113 sensu
430 1077 643 1124 transgredi
663 1078 816 1113 verbum
848 1079 1067 1122 usurpatum
1102 1073 1265 1113 vidimus
1289 1073 1437 1118 Fragm.
1468 1069 1495 1113 l,
1513 1073 1571 1109 63.
1602 1073 1639 1104 et

190 1134 216 1177 Ι,
237 1134 296 1172 65.
319 1132 499 1172 Servilii
490 1143 527 1168 m
548 1133 743 1168 consulatu
765 1133 915 1180 collega
935 1132 1002 1168 suit
1023 1131 1122 1178 App.
1148 1129 1327 1167 Claudius
1346 1125 1517 1170 Pulcher,
1539 1136 1637 1162 anno

190 1190 249 1228 78-
262 1199 298 1225 a.
311 1188 396 1226 chr.
406 1197 444 1224 n.
464 1190 666 1236 proconsul
686 1189 734 1225 ad
754 1189 936 1225 Thraciae
958 1191 1090 1236 gentes
1111 1185 1319 1223 domandas
1341 1184 1495 1220 missus.
1532 1182 1639 1218 Uter·

190 1256 263 1293 que
293 1245 423 1293 igitur
438 1256 598 1291 quum„
580 1246 690 1281 simul
726 1238 846 1281 Roma
872 1244 1030 1292 profecti
1057 1246 1188 1280 essent
1224 1243 1260 1277 in
1290 1239 1508 1289 provincias
1539 1238 1638 1285 ituri,

190 1301 313 1348 Appio
333 1301 483 1338 Tarenti
504 1302 633 1338 morbo
664 1301 864 1349 impedito,
899 1296 1083 1338 Servilius
1103 1301 1217 1348 prior
1245 1300 1283 1334 in
1303 1297 1463 1345 Epirum
1483 1296 1638 1332 traiecit.

189 1357 232 1392 ln
258 1356 331 1393 hoc
360 1367 474 1394 sensu
505 1358 596 1394 satis
615 1359 739 1405 plano
760 1361 862 1405 patet
885 1357 1129 1392 accusativos
1158 1358 1346 1403 aeqromm
1373 1352 1548 1399 collegam
1575 1356 1640 1387 aut

190 1424 238 1450 ex
257 1414 398 1450 omisso
419 1413 543 1460 aliquo
561 1415 698 1458 verbo,
728 1415 831 1449 velut
857 1414 1023 1460 reliquit,
1053 1411 1241 1459 pendere,
1271 1409 1373 1457 quod
1403 1408 1520 1444 valde‘
1542 1407 1639 1443 veri-

190 1469 322 1506 similev
341 1473 418 1514 est,
447 1474 509 1505 aut
539 1471 656 1506 verba
683 1472 858 1516 corrupta
891 1473 1039 1505 esse-et
1066 1471 1262 1516 aegroto
1286 1465 1440 1503 Tarenti
1456 1465 1639 1512 collega

190 1526 216 1560 i.
237 1535 271 1560 e.
299 1536 411 1572 quum
434 1526 571 1573 collega
598 1525 750 1562 Tarenti
770 1528 1001 1573 aeyrotaret,
1038 1524 1150 1561 scribi
1183 1523 1341 1567 debere,
1380 1519 1637 1557 ut'Gerlachio

190 1581 279 1617 Vol.
297 1581 359 1617 111.
390 1591 428 1628 p.
451 1583 509 1620 75.
542 1580 703 1617 videtur.
746 1582 850 1626 Quae
878 1585 1075 1628 praeterea
1103 1580 1193 1617 huic
1220 1579 1448 1626 Fragmento
1477 1578 1515 1613 in
1543 1575 1638 1613 Sall.

192 1636 279 1672 edd.
305 1636 453 1676 adiecta
473 1638 648 1684 leguntur
668 1639 806 1681 verba,
835 1648 882 1673 ea
901 1647 1055 1682 rursus,
1087 1641 1127 1673 ut
1147 1647 1208 1672 res
1236 1636 1437 1683 poscebat,
1468 1633 1640 1669 seiuncta

191 1693 286 1730 inl'ra
303 1693 365 1729 Fr.
384 1695 445 1732 m.
465 1692 722 1738 exhibuimus,
746 1694 809 1730 ubi
827 1706 867 1730 v.
1467 1706 1471 1710 ·

300 1750 363 1785 Fr.
378 1751 437 1788 78.
478 1747 594 1795 [cort.
615 1761 653 1797 p.
673 1753 778 1788 1010.
801 1750 900 1786 Gerl.
922 1748 983 1784 ed.
1009 1749 1095 1786 mai.
1116 1749 1192 1785 Inc.
1213 1750 1296 1787 199.
1317 1747 1378 1783 ed.
1400 1746 1489 1781 min.
1513 1745 1561 1790 V,
1578 1749 1637 1784 12.

190 1817 228 1852 p.
240 1806 323 1851 236,
336 1809 373 1844 2.
392 1804 505 1842 Debr.
520 1806 566 1850 H,
581 1804 656 1855 77.]
694 1807 958 1854 Fragmentum
974 1817 996 1841 a
1011 1803 1121 1841 Serv.
1140 1804 1190 1841 ad
1204 1798 1428 1852 Virngen.
1443 1801 1540 1845 Vlll,
1556 1803 1638 1840 725.

191 1861 341 1898 allatum
370 1861 450 1897 sine
480 1862 562 1898 libri
585 1861 743 1906 indicio,
773 1862 895 1909 magis
920 1872 1020 1904 rem,
1049 1862 1096 1897 ab
1127 1864 1277 1897 auctore
1301 1859 1494 1901 traditam,
1525 1868 1637 1903 quam

192 1918 275 1964 ipsa
302 1917 384 1953 eius
415 1919 533 1953 verba
563 1918 688 1954 habet.
735 1918 792 1953 Ex
821 1917 980 1954 Incertis
1006 1916 1081 1952 huc
1110 1916 1387 1959 transtulimus,
1438 1914 1525 1960 quia
1554 1914 1638 1948 luce

192 1973 329 2008 clarius
362 1976 438 2018 est,
466 1972 703 2016 Sallustium,
732 1973 795 2008 ubi
824 1974 986 2019 primum
1018 1972 1064 2007 de
1094 1972 1250 2019 piratico
1281 1972 1379 2007 bello
1412 1971 1638 2016 loqueretur,

191 2038 260 2075 pro
282 2038 385 2063 more
406 2039 474 2063 suo
495 2038 573 2071 rem
594 2029 703 2064 altius
722 2029 966 2075 repetivisse,
996 2032 1033 2063 et
1052 2027 1099 2063 de
1122 2028 1325 2074 piratarum
1345 2026 1490 2074 origine
1516 2029 1552 2060 et
1573 2035 1639 2060 an-

193 2083 402 2130 tiquissima
433 2086 551 2119 aetate
579 2084 720 2130 egisse.
766 2084 814 2120 Ut
842 2085 955 2131 igitur
974 2083 1135 2120 dubitari
1156 2084 1305 2130 nequit,
1335 2083 1425 2129 quin
1454 2083 1492 2117 in
1507 2082 1638 2129 *primo

194 2140 287 2175 libro
310 2140 424 2176 verba
451 2139 546 2175 lecta
569 2140 724 2183 fuerint,
754 2135 803 2175 ita
827 2143 951 2176 tamen
971 2140 1110 2186 ambigi
1133 2142 1276 2187 potest,
1306 2143 1460 2175 rectene
1487 2149 1534 2174 ea
1552 2142 1640 2184 post

192 2196 341 2242 Fragm.
361 2194 388 2238 Ι,
409 2195 468 2241 77.
494 2196 825 2241 collocaverimus,
857 2197 994 2243 quippe
1022 2206 1118 2242 quae
1141 2197 1300 2232 sortasse
1326 2196 1491 2243 priorem
1515 2194 1639 2230 locum

194 2250 427 2287 obtinuerint.
466 2251 595 2298 Neque
613 2254 854 2299 repugnabo,
885 2253 917 2289 si
938 2253 1022 2300 quis
1043 2255 1129 2288 ante
1150 2253 1402 2288 narrationem
1423 2251 1470 2287 de
1491 2251 1639 2297 incepta

194 2306 345 2344 Servilii
369 2306 606 2353 expeditione
626 2308 682 2344 ·de
699 2309 831 2355 piratis
852 2319 874 2344 a
895 2308 1072 2346 Sallustio
1094 2308 1233 2345 dictum
1260 2312 1383 2356 putet,
1413 2317 1639 2355 quamquam

194 2363 399 2410 superioris
430 2362 640 2409 Fragmenti
678 2365 817 2410 verba,
860 2366 922 2401 ubi
954 2364 1105 2402 Servilii
1134 2365 1244 2402 simul
1269 2375 1353 2405 cum
1387 2366 1466 2400 eius
1500 2363 1640 2410 colleqa

194 2419 331 2454 mentio
358 2418 417 2461 fit,
447 2419 594 2454 obstare
618 2421 803 2457 videntur.
843 2421 966 2465 Quare
986 2421 1218 2468 probabilius
1244 2424 1419 2468 putamus
1448 2423 1638 2456 auctorem

195 2474 345 2510 demum
371 2478 458 2520 post
480 2480 722 2512 memoratam
742 2475 850 2513 ducis
877 2478 1167 2524 profectionem,
1205 2487 1228 2512 a
1246 2478 1358 2513 rebus
1377 2475 1638 2524 praesentibus

194 2531 398 2578 paullulum
432 2529 644 2577 digressum
657 2560 666 2575 ,
683 2544 689 2550 ··
718 2531 768 2568 ad
798 2533 1002 2579 piratarum
1037 2534 1276 2580 antiquitates
1320 2530 1559 2569 illustrandas
1597 2542 1639 2567 se

196 2588 450 2631 convertisse,
470 2587 532 2622 vel
553 2586 740 2632 locorum,
767 2598 862 2634 quae
882 2586 941 2625 illi'
955 2590 1149 2634 tenebant
1180 2590 1275 2634 situ,
1303 2583 1639 2635 vel’expeditionis

197 2642 351 2678 consilio
374 2642 600 2689 digressioni
625 2646 801 2679 caussam
820 2647 1034 2691 praebente.
1059 2645 1119 2681 In
1140 2656 1180 2680 re
1202 2646 1287 2692 ipsa
1309 2644 1509 2682 Sallustius
1532 2654 1640 2680 secu-

195 2700 255 2733 tus
274 2698 423 2734 videtur
441 2697 724 2763 Thucydidem,
750 2700 859 2746 quil,
879 2703 915 2739 4.
936 2698 1081 2745 Μίνως
1098 2698 1353 2764 παλαίτατος,
1382 2701 1520 2748 inquit,
1543 2710 1638 2735 ναυ-

197 2744 308 2789 τικὸν
337 2746 535 2801 ἐκτήσατο.
572 2748 645 2790 καὶ
669 2752 748 2790 τῶν
766 2748 989 2792 Κυκλάδων
1014 2749 1149 2804 νήσων
1179 2745 1273 2807 ἦρξέ
1298 2767 1339 2792 τε
1368 2752 1435 2792 καὶ
1466 2747 1640 2803 οἰκιστὴς
