1774 3002
247 515 736 580 HISTORIARUM
781 515 1198 580 FRAGMENTA
1238 517 1552 583 litonum.

319 761 356 803 1.
413 757 557 814 Quum
586 757 809 806 Sertorius
835 755 978 819 neque
1008 773 1237 821 erumpere
1266 760 1354 805 tam
1378 758 1466 805 levi
1495 759 1622 820 copia

183 840 384 886 navibus.

318 926 358 969 2.
412 923 473 969 At
509 922 733 969 Sertorius
769 938 938 971 vacuus
967 914 1110 970 hieme
1146 938 1313 986 augere
1348 924 1512 987 copias.

292 1084 522 1120 Incertorum
549 1083 857 1130 Fragmentorum
886 1084 1034 1120 nomine
1063 1095 1138 1119 non
1162 1084 1287 1119 omnia
1315 1095 1361 1120 ea
1381 1083 1624 1130 comprehen-

185 1141 321 1185 dimus,
343 1150 439 1187 quae
459 1150 509 1176 ear:
529 1151 599 1187 quo
619 1140 710 1176 libro
732 1141 924 1187 desumpta
946 1145 1066 1176 essent
1084 1152 1107 1175 α
1132 1141 1381 1187 yrammatieis
1396 1151 1469 1176 non
1487 1141 1624 1176 indica-

182 1201 257 1234 tum
276 1200 330 1232 est
348 1198 482 1243 (multa
505 1197 616 1243 enim,
645 1207 802 1243 quorum
823 1208 897 1232 non
918 1197 1028 1233 nimis
1052 1197 1252 1244 impeditus
1273 1207 1408 1233 sensus
1429 1201 1542 1241 esset,
1565 1197 1624 1232 vet

185 1265 254 1290 suo
274 1254 337 1291 vel
357 1253 540 1300 probabili
564 1257 663 1289 certe
694 1254 776 1289 loco
800 1253 1076 1297 exhibuimus);
1111 1253 1179 1289 sed
1208 1264 1302 1300 quae
1323 1258 1398 1290 tam
1418 1264 1549 1300 parum
1571 1253 1623 1288 in-

185 1311 349 1346 tellectui
369 1314 554 1356 paterent,
583 1314 622 1344 ut
643 1321 715 1356 quo
737 1309 939 1346 reserenda
957 1314 1097 1354 essent,
1117 1310 1219 1346 nullo
1243 1314 1352 1356 pacto
1380 1313 1510 1357 posset
1531 1310 1623 1353 erui,

185 1367 223 1402 in
243 1367 342 1403 hanc
363 1366 470 1413 quasi
493 1366 683 1413 quandam
703 1366 950 1413 appendicem
971 1368 1083 1402 totius
1105 1367 1230 1413 operis
1253 1367 1528 1414 congessimus.
1585 1367 1625 1402 In

185 1425 320 1471 quibus
343 1424 520 1470 quoniam
539 1423 758 1469 plerumque
782 1423 1075 1470 interpretationi
1101 1434 1174 1459 non
1194 1426 1252 1459 est
1270 1424 1389 1467 locus,
1417 1433 1549 1470 parum
1569 1433 1624 1458 re-

185 1482 268 1525 sert,
290 1491 363 1526 quo
384 1479 515 1516 ordine
538 1491 579 1515 se
604 1480 804 1526 excipiant.
862 1479 909 1516 Ut
928 1482 1060 1516 'tamen
1088 1480 1224 1516 nimiae
1254 1479 1494 1516 disiectorum
1514 1490 1627 1516 mem-

184 1538 336 1573 brorum
356 1536 568 1572 confusioni
589 1536 751 1583 aliquem
772 1540 871 1572 certe
892 1535 1044 1571 modum
1065 1540 1333 1580 statueremus,
1362 1547 1457 1583 quae
1477 1537 1626 1583 cognati

185 1593 401 1630 viderentur
438 1593 646 1639 argumenti
675 1593 711 1628 in
741 1594 886 1629 classes
915 1592 1097 1639 quasdam
1133 1593 1436 1639 composuimus,
1470 1603 1625 1640 quarum

185 1650 306 1696 prima
329 1660 375 1685 ea
394 1650 570 1694 continet,
594 1660 690 1695 quae
712 1649 762 1684 ad
781 1659 844 1685 res
872 1649 1019 1684 bellicas
1038 1653 1218 1695 spectant.

299 1705 360 1741 Fr.
382 1710 414 1743 1.
459 1704 575 1751 [Cort.
597 1717 635 1751 p.
658 1707 741 1743 955.
785 1704 883 1740 Gerl.
915 1704 975 1740 ed.
1004 1705 1092 1740 mai.
1113 1706 1139 1748 I,
1163 1709 1220 1743 53.
1243 1705 1304 1740 ed.
1326 1707 1416 1741 min.
1438 1705 1465 1749 I,
1489 1708 1565 1744 116.
1586 1716 1624 1752 p.

186 1765 268 1806 198,
291 1766 347 1800 15.
377 1762 487 1798 Debr.
508 1762 550 1806 II,
574 1759 624 1810 7.]
682 1762 809 1797 Verba
836 1772 858 1797 a
886 1760 994 1798 Serv.
1022 1760 1072 1796 ad
1098 1762 1206 1808 Virg.
1226 1761 1323 1796 Aen.
1345 1762 1389 1806 ΙΙ,
1414 1763 1493 1800 564.
1515 1761 1624 1798 valde

187 1822 361 1866 corrupte
383 1818 437 1854 sic
464 1817 689 1854 afferuntur:
712 1828 780 1854 con
802 1816 986 1853 Sertorios
1006 1827 1123 1864 neque
1142 1828 1308 1864 rumpor.
1335 1823 1371 1853 et
1388 1828 1438 1852 an
1457 1817 1547 1853 Levi
1561 1828 1618 1867 co-

179 1876 286 1922 piam
306 1874 443 1911 avibus.
502 1875 678 1911 Divulsas
699 1875 840 1910 litteras
859 1874 897 1909 in
919 1874 1088 1909 ordinem
1109 1874 1276 1920 reposuit
1288 1873 1499 1918 Putschius,
1523 1874 1560 1909 in
1579 1885 1624 1908 eo

188 1937 313 1967 tamen
332 1932 463 1975 falsus,
487 1931 588 1978 quod
608 1935 817 1977 erumperet
845 1930 995 1977 scripsit
1021 1941 1089 1976 pro
1112 1939 1320 1977 erumpere.
1376 1930 1625 1966 Inconsultius

188 1987 289 2024 idem
311 1986 499 2024 Scriberio
528 1991 680 2024 auctore
707 1987 780 2023 hoc
801 1987 1063 2034 Fragmentum
1092 1998 1176 2022 cum
1199 1987 1271 2023 alio
1301 1986 1558 2029 concinnavit,
1580 1988 1626 2022 ab

188 2044 377 2080 Arusiano
400 2055 438 2079 v.
459 2049 638 2089 maturuS,
665 2055 702 2090 p.
722 2045 806 2081 247.
827 2042 935 2079 Lind.
957 2055 1005 2079 ex
1015 2043 1140 2089 primo
1168 2043 1261 2079 libro
1283 2043 1432 2079 laudato
1453 2044 1509 2087 (v.
1526 2042 1587 2078 Fr.
1598 2043 1626 2087 Ι,

189 2104 302 2145 115.).
364 2099 442 2137 Sed
469 2101 556 2137 licet
585 2100 623 2135 id
652 2111 773 2146 neque
806 2103 988 2136 structura
1015 2109 1136 2145 neque
1165 2110 1282 2136 sensu
1311 2109 1395 2135 cum
1421 2098 1482 2134 his
1503 2098 1626 2134 verbis

189 2161 308 2201 coeat,
331 2167 461 2194 omnes
478 2161 602 2193 tamen
618 2156 782 2192 editores
798 2156 896 2201 haec
915 2155 989 2192 duo
1008 2156 1239 2191 alienissima
1256 2156 1354 2191 bona
1372 2154 1448 2191 fide
1467 2166 1536 2201 pro
1553 2165 1626 2190 uno

187 2213 412 2259 Fragmento
439 2213 622 2253 habentes
644 2213 763 2260 primo
791 2213 885 2248 libro
911 2213 1160 2248 inseruerunt.
1206 2211 1431 2248 Sallustiano
1455 2211 1626 2258 exemplo

190 2268 346 2306 Servius
370 2270 498 2314 utitur,
532 2273 571 2304 ut
595 2271 727 2315 probet
749 2270 892 2316 copiam
920 2268 1101 2314 singulari
1130 2279 1284 2304 numero
1315 2278 1383 2313 pro
1405 2268 1519 2314 copiis
1539 2267 1626 2302 dici.

189 2324 232 2360 Id
266 2335 342 2360 non
370 2326 480 2371 plane
510 2336 640 2360 verum
670 2336 755 2361 esse
786 2325 999 2360 monuimus
1030 2323 1080 2359 ad
1109 2322 1213 2360 Catil.
1241 2335 1272 2361 c.
1301 2323 1394 2367 LVI,
1416 2327 1450 2362 l.
1472 2334 1511 2369 p.
1530 2327 1627 2366 293„

190 2391 415 2428 quamquam
434 2383 539 2428 copia
559 2381 607 2417 de
618 2382 793 2418 militibus
813 2381 976 2427 positum
991 2390 1066 2415 non
1085 2380 1317 2424 inconditam,
1326 2383 1366 2415 ut
1383 2380 1432 2416 ibi
1453 2379 1627 2423 diximus,

191 2436 261 2474 sed
280 2437 504 2484 indefinitam
525 2436 711 2485 significat
730 2436 1023 2480 multitudinem3
1056 2437 1104 2472 cs.
1136 2437 1292 2474 Kraner.
1323 2435 1372 2472 ad
1394 2434 1502 2472 Caes.
1526 2435 1567 2471 B.
1583 2435 1627 2471 G.

190 2493 218 2538 Ι,
238 2496 297 2539 48,
322 2497 358 2531 5.

303 2549 362 2584 Fr.
383 2553 418 2586 2.
449 2548 564 2595 [Cort.
583 2560 622 2596 p.
642 2551 748 2588 1009.
777 2549 875 2584 Gerl.
901 2546 961 2583 ed.
983 2548 1070 2584 mai.
1100 2549 1176 2584 Ine.
1199 2551 1279 2586 150.
1302 2547 1362 2583 ed.
1382 2547 1471 2583 min.
1490 2546 1550 2591 III,
1571 2549 1627 2584 18.

191 2617 232 2653 p.
269 2607 351 2648 216,
386 2607 442 2643 18.
478 2605 590 2641 Debr.
625 2605 668 2650 H,
703 2602 799 2652 106.]
859 2603 1044 2651 Porphyr.
1082 2604 1131 2640 ad
1164 2604 1290 2640 Horat.
1317 2604 1412 2650 Epp.
1446 2603 1490 2647 11,
1511 2606 1545 2647 2,
1568 2604 1626 2642 77.

201 2661 347 2698 Vacuus
367 2661 441 2697 dici
471 2661 641 2706 videtur,
671 2661 730 2698 cui
757 2660 966 2697 adversarii
989 2671 1063 2695 non
1084 2661 1282 2704 instarent,
1314 2659 1374 2696 cui
1393 2659 1506 2695 otium
1527 2662 1629 2694 esset

193 2719 239 2755 ab
266 2716 450 2753 hostibus.
509 2717 734 2754 Debrossius
763 2721 799 2753 et
826 2715 1044 2753 Gerlachius
1060 2746 1070 2760 ,
1094 2717 1156 2764 qui
1178 2728 1219 2753 se
1238 2716 1335 2753 scire
1359 2715 1533 2751 simulant
1555 2725 1627 2761 quo

194 2778 360 2821 tempore
382 2776 491 2820 atque
512 2772 595 2810 loco
616 2772 689 2811 hoc
711 2773 847 2810 sactum
869 2771 926 2817 sit,
951 2771 1049 2808 unde
1068 2771 1140 2809 hoe
1163 2771 1282 2808 sciant
1303 2770 1374 2818 ipsi
1396 2770 1579 2807 nesciunt.
