1774 3002
482 129 810 168 HISTORIARUM
847 129 1159 167 FRAGMENTA.
1208 129 1297 166 LIB.
1337 129 1397 165 ΙΙΙ.
1578 124 1665 167 283

363 258 431 301 53.
486 254 583 311 Qua
616 257 873 315 tempestate
903 270 961 301 ex
986 255 1128 301 Ponto
1155 254 1224 300 vis
1254 253 1439 314 piscium
1477 253 1630 312 erupit.

230 414 321 451 Sall.
354 415 525 451 omnibus
554 414 687 451 vitiose
716 414 848 461 legitur
877 415 996 462 aquilo
1025 426 1092 461 pro
1116 413 1293 461 aquilone,
1323 416 1362 448 ut
1381 412 1587 465 rectissime
1614 415 1671 446 est

229 470 330 517 apud
351 469 538 507 Servium.
597 471 637 506 In
659 476 831 518 promptu
853 476 910 509 est
934 470 1055 507 fraudi
1079 470 1283 506 editoribus
1305 470 1422 505 fuisse
1443 469 1532 504 solet
1559 470 1666 504 abso-

230 527 303 562 lute
331 527 505 573 positum,
529 527 576 564 de
601 539 672 574 quo
701 539 771 563 usu
792 528 953 563 deimus
977 527 1026 563 ad
1049 527 1154 563 Catil.
1174 538 1207 562 c.
1226 525 1358 570 XXIX,
1390 529 1424 563 2.
1446 536 1483 571 p.
1511 527 1592 562 133.
1622 525 1671 559 cs.

229 583 328 622 infra
353 583 416 619 Fr.
436 582 496 627 ΙΙΙ,
516 585 574 623 78.
602 586 661 622 89.
684 584 765 620 Ι..ἰν·.
787 585 830 629 II,
850 589 886 629 5,
907 587 944 622 3.
1002 583 1195 620 Desectam
1213 586 1366 629 seyetem
1383 581 1524 628 ,fudere
1542 582 1579 616 in
1611 580 1670 616 Ti-

230 639 343 676 berim
374 640 472 675 tenui
492 640 662 686 fluentem
696 651 814 687 aqua,
852 645 899 677 ut
924 640 1088 676 mediis
1118 638 1365 676 caloribus
1395 638 1534 683 solet,
1568 641 1605 672 et
1633 649 1672 673 v.

208 693 511 731 ·Drakenb0reh.
533 695 581 732 ad
601 696 664 741 Vl,
687 698 744 740 34,
767 701 803 735 5.

343 752 405 787 Fr.
426 755 484 790 53.
522 752 639 798 [Cort.
662 765 700 800 p.
721 756 823 792 1006.
846 752 944 788 Gerl.
965 752 1027 787 ed.
1044 752 1132 788 mai.
1159 752 1234 787 Ine.
1260 753 1318 790 99.
1342 750 1403 786 ed.
1423 750 1514 785 min.
1534 749 1593 794 111,
1614 750 1673 787 41.

230 819 270 854 p.
289 810 372 851 217.
399 809 458 846 27.
478 808 588 845 Debr.
613 809 671 853 III,
693 807 786 857 127.]
831 809 966 853 Verba,
992 810 1041 844 uti
1061 808 1261 852 edidimus,
1282 810 1430 843 exstant
1451 805 1552 853 apud
1563 805 1674 842 Serv.

232 863 281 899 ad
302 864 408 910 Virg.
433 864 530 901 Aen.
550 865 615 912 IV,
637 863 718 904 132.
754 865 897 901 Eadem
913 866 1027 900 refert
1047 865 1158 900 etiam
1180 864 1309 901 Schol.
1335 863 1385 898 ad
1406 863 1574 898 Iuvenal.
1594 860 1677 899 Sat.

231 920 293 965 IV,
311 921 369 958 42.
393 920 467 956 sic:
501 923 622 968 itaque
646 926 854 968 tempestate
865 923 1025 968 piscium
1044 923 1100 957 vis
1122 920 1240 957 Ponto
1261 921 1383 966 erupit
1390 934 1403 959 ,·
1430 929 1526 965 quae
1547 929 1674 965 quam-

232 987 341 1023 quam
361 979 478 1012 sensu
497 988 630 1024 parum
651 977 878 1025 discrepant,
902 983 1026 1014 tamen
1048 981 1175 1024 aperte
1197 976 1411 1012 memoriter
1435 975 1547 1011 allata
1575 978 1674 1018 sunt,

232 1036 271 1068 ut
290 1032 453 1068 ostendit
478 1034 600 1080 itaque
625 1044 693 1080 pro
722 1045 796 1081 qua
816 1034 992 1081 positum,
1012 1043 1063 1070 ex
1081 1033 1310 1080 praepositio
1333 1033 1489 1076 omissa,
1507 1043 1551 1068 ae
1571 1041 1677 1078 pror-

231 1099 296 1124 sus
315 1092 478 1125 mutatus
500 1091 699 1126 verborum
727 1090 836 1126 ordo.
869 1090 994 1135 Quare
1021 1091 1082 1127 vel
1102 1089 1198 1125 hanc
1219 1091 1266 1125 ob
1296 1099 1471 1125 caussam
1492 1087 1678 1135 improba—

230 1145 314 1180 bilis
341 1149 399 1181 est
427 1145 731 1182 Schurztleischii
754 1148 967 1184 coniectura
987 1158 1056 1194 pro
1080 1148 1202 1193 itaque
1223 1149 1433 1192 tempestate
1453 1144 1677 1192 corrigentis

228 1201 470 1248 finitaque
498 1204 629 1249 temp'.;
663 1203 732 1239 sed
759 1205 872 1239 multo
901 1204 1023 1250 magis
1054 1203 1237 1239 sententia
1267 1213 1350 1238 eam
1378 1202 1536 1247 respuit.
1580 1201 1674 1236 Nam

230 1261 423 1304 tempestas
447 1258 494 1293 de
517 1259 702 1295 continuis
723 1264 759 1295 et
781 1264 881 1296 certo
901 1263 1069 1306 tempore
1094 1259 1297 1295 orientibus
1320 1258 1506 1304 aquilonis
1526 1256 1675 1293 flatibus

232 1312 306 1348 diei
329 1314 475 1360 nequit;
507 1318 543 1349 et
563 1316 594 1350 si
620 1315 693 1352 dici
716 1321 858 1362 posset,
881 1327 941 1351 res
964 1316 1046 1362 ipsa
1068 1319 1315 1362 repugnaret,
1345 1313 1530 1360 siquidem
1550 1314 1677 1360 pisces

233 1379 307 1404 non
329 1370 434 1415 finita
455 1374 687 1417 tempestate,
718 1372 787 1419 sed
815 1383 897 1408 cum
921 1377 1139 1418 tempestate
1169 1372 1365 1419 ipsiusque
1385 1370 1618 1417 tempestatis
1639 1369 1678 1406 vi

231 1435 279 1460 ex
297 1426 413 1461 Ponto
433 1422 645 1473 erumpunt.
706 1428 796 1463 Hinc
818 1439 863 1463 ne
885 1433 1036 1474 recepta
1068 1427 1219 1475 quidem
1249 1427 1434 1473 scriptura
1454 1437 1546 1462 veam
1567 1426 1677 1462 vocis

231 1481 517 1528 explicationem
540 1483 709 1519 admittit.
749 1484 829 1528 Qua
847 1489 1058 1531 tempestate
1076 1485 1175 1520 enim
1197 1483 1386 1530 significat
1405 1493 1476 1530 quo
1491 1487 1677 1530 tempore;

230 1542 304 1573 tota
329 1542 452 1573 autem
475 1535 718 1583 'enunciatim
738 1545 864 1587 utpote
886 1542 1124 1587 temporalis,
1153 1539 1381 1576 secundaria
1403 1543 1481 1583 est,
1516 1540 1578 1575 cui
1599 1539 1674 1586 pri-

230 1593 349 1629 maria
384 1594 559 1630 adiuncta
594 1596 703 1631 suerit
732 1608 892 1633 necesse
914 1602 982 1633 est.
1041 1597 1146 1642 Quae
1169 1606 1395 1643 quamquam
1430 1596 1531 1632 nullo
1562 1598 1673 1642 pacto

229 1651 411 1696 praestari
435 1655 571 1697 potest,
593 1656 717 1688 tamen
738 1653 787 1688 ad
810 1654 990 1690 orationis
1018 1654 1195 1698 formam,
1225 1663 1322 1699 quae
1344 1653 1486 1688 omissa
1514 1651 1675 1699 apodosi

230 1707 430 1742 obscurata
453 1710 530 1752 est,
564 1709 845 1746 monstrandam
869 1711 944 1746 -tale
968 1709 1058 1756 quid
1078 1709 1294 1746 Sallustium
1326 1708 1470 1745 dixisse
1490 1708 1675 1745 coniicio:

225 1773 303 1808 quo
324 1766 492 1809 tempore
513 1773 562 1799 ex
579 1765 696 1801 Ponto
716 1766 776 1802 vis
795 1767 955 1812 piscium
977 1767 1110 1812 erupit,
1132 1766 1307 1813 Byzantii
1323 1776 1463 1801 summo
1480 1766 1597 1801 studio
1612 1775 1673 1800 ca-

223 1822 363 1865 ptume
383 1829 536 1866 operam
554 1821 656 1858 dant.
703 1821 755 1857 De
777 1833 816 1857 re
853 1823 936 1869 ipsa
959 1827 1131 1858 accurate
1162 1823 1240 1868 egit
1270 1821 1403 1858 Strabo
1429 1822 1674 1868 V11.p.493

233 1873 280 1909 A.
301 1874 433 1910 Almel.
467 1867 578 1912 Ἔστι
601 1872 643 1912 δὲ
663 1868 707 1914 τὸ
716 1874 856 1943 Κέρας
883 1873 1065 1926 προσεχὲς
1083 1877 1137 1929 τῷ
1159 1874 1360 1938 Βυζαντίῳ
1373 1875 1498 1939 τείχει,
1533 1869 1677 1921 κόλπος

231 1920 381 1991 ἇνέχων
396 1922 447 1974 ὦς
459 1922 556 1978 πρὸς
575 1925 727 1968 δύσιν’
709 1929 772 1968 επι
786 1930 966 1977 σταδίους
983 1916 1181 1995 ἑξήκοντα,
1202 1924 1338 1977 εὀικως
1350 1926 1500 1996 ἐλάφου
1520 1928 1673 1998 κέρατι·

232 1981 285 2029 εἰς
299 1996 378 2034 γαρ
410 1985 612 2030 πλείστους
640 1985 803 2050 σχίζεται
832 1983 1001 2033 κόλπους
1021 1984 1072 2033 ὡς
1099 1980 1150 2025 ἂν
1174 1982 1345 2033 κλάδους
1375 1980 1498 2036 τινας,
1528 1986 1582 2033 εἰς
1605 1982 1676 2034 οὓς

232 2037 472 2099 ἐμπίπτουσα
499 2054 525 2089 η
553 2038 734 2091 πηλαμὺς
756 2036 952 2081 ἁλίσκεται
979 2041 1123 2097 ῥᾳδίως
1152 2038 1219 2081 διά
1246 2056 1286 2081 τε
1315 2039 1358 2082 τὸ
1363 2045 1536 2106 πλῆθος
1555 2036 1677 2094 αὐτῆς

233 2091 300 2133 καὶ
325 2087 400 2142 τὴν
412 2094 511 2145 βίαν
542 2097 612 2134 τοῦ
637 2093 947 2145 συνελαύνοντος
968 2098 1040 2164 ῥοῦ
1062 2098 1129 2138 καὶ
1155 2093 1230 2150 τήν
1262 2093 1470 2150 στενότητα
1491 2101 1573 2138 τῶν
1589 2095 1676 2139 κόλ-

232 2150 331 2198 πων,
353 2145 450 2188 ω’στε
470 2165 537 2189 και
556 2151 689 2203 χερσιν
707 2147 941 2193 ἁλίσκεσθαι
965 2150 1032 2194 δια
1053 2152 1127 2206 τὴν
1149 2155 1420 2221 στενοχωρίαν.
1481 2157 1677 2195 Γεννᾶται

233 2203 306 2257 μὲν
326 2198 400 2244 οὖν
425 2200 469 2244 τὸ
498 2209 598 2254 ζῶον
617 2206 660 2247 ἐν
666 2212 757 2273 τοῖς
778 2208 878 2250 ἕλεσι
906 2213 978 2276 τῆς
994 2207 1249 2262 Μαιωτιδος,
1279 2207 1445 2277 ἴσχυσαν
1468 2210 1511 2252 δὲ
1530 2206 1675 2279 μικρὸν

231 2260 409 2301 ἐκπίπτει
428 2259 496 2301 διὰ
513 2265 582 2302 τοῦ
610 2260 796 2331 στόματος
815 2260 1022 2333 ἀγεληδὸν,
1048 2266 1116 2307 καὶ
1135 2266 1293 2320 φέρεται
1318 2281 1427 2321 παρα
1455 2262 1529 2320 τὴν
1544 2264 1672 2308 Ἀσια-

232 2312 308 2368 νὴν
325 2310 456 2368 ἠϊόνα.
475 2341 522 2348 —
543 2312 742 2360 ’E’ausmdcw
748 2320 791 2361 δὲ
809 2318 887 2374 ἤδη
907 2320 1073 2391 συνάψῃ
1090 2327 1175 2371 ταῖς
1194 2322 1402 2375 Κυανέαις,
1435 2340 1503 2364 και
1521 2328 1672 2378 παραλ-

232 2370 330 2428 λάξῃ
350 2387 503 2422 ταυτας,
529 2373 572 2414 ἐκ
569 2378 657 2440 τῆς
669 2375 1045 2447 Χαλκηδονιακῆς’
1021 2382 1142 2447 ακτῆς
1163 2376 1355 2433 λευκήρης
1380 2379 1503 2434 πέτρα
1516 2382 1672 2434 προςπί-

230 2440 382 2469 πτουσα
406 2431 533 2497 φοβεῖ
542 2425 585 2470 τὸ
602 2434 720 2483 ζῶον,
737 2429 830 2473 ὥστ’
848 2428 971 2483 εὐθυς
989 2436 1043 2484 εἰς
1061 2431 1135 2489 τὴν
1148 2437 1314 2488 περαίαν
1332 2437 1573 2505 τρέπεσθαι
1596 2451 1672 2477 πα-

231 2479 416 2550 ραλαβῶν
444 2481 485 2524 δ’
517 2480 539 2525 ὃ
558 2485 734 2528 ἐνταῦθα
751 2489 864 2542 ῥοῦς,
885 2507 967 2542 αμα
998 2492 1065 2531 καὶ
1091 2495 1172 2533 τῶν
1199 2489 1330 2532 τόπων
1358 2487 1532 2560 ευφυῶν
1549 2491 1676 2534 όντων

230 2536 327 2594 πρὸς
344 2535 387 2580 τὸ
408 2539 493 2580 ἐκεῖ
517 2541 615 2594 ῥοῦν
632 2545 701 2595 τῆς
719 2543 918 2599 θαλάττης
934 2546 995 2587 ἐπὶ
1014 2543 1057 2589 τὸ
1079 2545 1298 2597 Βυζάντιον
1318 2548 1386 2588 καὶ
1403 2545 1447 2589 τό
1461 2544 1560 2620 πρὸς
1577 2544 1671 2590 αὖτό

229 2597 357 2651 Κέρας
375 2593 596 2650 τετράφθαι
617 2604 816 2669 φυσικῶς,
847 2602 1122 2645 συνελαύνεται
1150 2606 1292 2670 δεῦρο,
1317 2604 1384 2644 καὶ
1410 2606 1568 2659 παρέχει
1591 2611 1672 2654 τοῖς

230 2653 457 2701 Βυζαντίοις
472 2652 539 2693 καὶ
556 2657 612 2710 τῷ
628 2651 740 2712 δήμῳ
758 2660 837 2697 τῶν
854 2661 1045 2711 Ρωμαίων
1061 2657 1255 2715 πρόςοδον
1267 2654 1486 2715 αξιόλογον.
1506 2667 1666 2702 Brevius

229 2712 388 2749 eandem
410 2724 489 2749 rem
508 2715 624 2762 tangit
645 2714 760 2753 Tacit.
790 2718 888 2755 Ann.
908 2719 986 2764 XII,
1016 2716 1076 2765 63,
1096 2724 1129 2757 2.
1187 2720 1408 2769 Byzantium
1426 2722 1544 2769 fertili
1575 2723 1663 2766 solo,
