1774 3002
144 147 246 180 XXII
491 175 494 178 Α
547 140 772 179 EDITORIS
801 140 1031 179 EPISTOLA
1061 140 1250 180 CRITICA

148 275 239 304 rum
268 268 310 304 et
339 274 535 304 numerus
566 275 591 303 a
618 262 892 314 grammaticis
923 267 988 304 est
1015 263 1228 314 proditus,
1256 270 1298 306 et
1326 277 1478 307 sensus
1507 268 1655 318 planus

150 336 192 372 et
225 330 496 383 perspicuus,
533 342 583 371 ac
619 331 771 372 deinde
806 333 887 372 hoc
922 337 1118 383 tanquam
1158 333 1424 375 fundamento
1455 333 1578 376 nixus
1608 347 1657 376 ea

149 398 438 450 adiungerem‚
486 411 663 450 quorum
702 399 920 451 explicatio
954 399 1156 452 probabili
1192 400 1432 442 coniectura
1459 402 1551 442 iniri
1585 415 1657 454 po-

148 472 244 508 test.
303 469 376 517 Ita,
408 468 595 518 quamvis
623 468 799 520 plurima
827 480 880 509 ex
905 468 1096 510 Historiis
1122 469 1384 520 ignorantur,
1417 471 1498 511 hoc
1520 475 1655 511 tamen

149 547 202 577 ex
237 535 309 586 iis,
355 547 462 586 quae
498 543 743 588 supersunt,
783 536 995 588 particulis
1027 536 1127 578 satis
1159 544 1272 578 certa
1300 538 1368 579 via
1396 551 1463 579 me
1492 550 1658 580 assecu-

148 612 235 648 tum
265 611 389 658 puto,
424 611 471 647 ut
495 604 614 646 simili
644 607 729 646 fere
760 606 940 655 ratione,
973 617 1054 657 qua
1078 606 1130 645 de
1159 604 1260 646 Livii
1289 606 1402 648 libris
1432 607 1658 658 deperditis

149 687 202 716 ex
230 687 374 716 eorum
402 674 583 726 epitome
610 674 729 715 nobis
763 679 946 723 constat,
986 675 1039 715 de
1069 674 1264 716 universo
1294 675 1567 717 Historiarum
1598 687 1659 715 ar-

148 749 344 795 gumento
375 742 547 784 iudicari
569 741 717 793 possit.
779 744 900 794 Quod
921 744 1043 793 quale
1073 743 1138 793 sit,
1162 743 1307 794 paucis
1336 744 1437 793 Tibi,
1464 744 1518 784 mi
1531 744 1659 785 Wue·

148 817 382 861 stemanne,
415 821 635 863 exponam.

261 882 352 922 Non
383 883 553 920 secutus
586 882 696 918 teste
727 876 972 927 Quintiliano
1001 880 1078 927 III,
1111 878 1158 927 8,
1190 879 1228 919 9.
1257 891 1437 929 morem,
1468 892 1591 931 quem
1619 884 1659 922 in

150 948 319 990 Catilina
358 953 399 989 et
434 948 630 998 Iugurtha
667 945 818 994 tenuit,
858 950 905 985 ut
934 957 959 984 a
995 947 1258 996 generalibus
1290 948 1538 998 quibusdam
1569 961 1660 990 sen-

147 1017 286 1059 tentiis
325 1029 432 1068 opus
459 1015 684 1064 ordiretur,
726 1013 946 1054 Sallustius
977 1025 1114 1054 rerum
1139 1015 1420 1057 Romanarum
1449 1017 1658 1067 historiae,

149 1098 274 1137 quam
300 1085 397 1126 inde
427 1097 452 1125 a
480 1083 637 1135 Lepido
669 1090 711 1125 et
737 1083 880 1123 Catulo
913 1093 1024 1123 coss.
1064 1094 1112 1124 se
1141 1082 1402 1134 incepturum
1429 1087 1659 1137 profitetur,

148 1155 250 1197 satis
289 1156 470 1206 amplum
505 1153 766 1203 prooemium
803 1153 1037 1204 praemisit,
1073 1164 1156 1202 quo
1191 1156 1278 1192 tum
1307 1152 1446 1204 priora
1472 1158 1662 1205 tempora

147 1222 329 1264 breviter
358 1219 615 1274 perstrinxit,
656 1226 743 1262 tum
774 1223 827 1262 de
856 1223 965 1262 bello
995 1218 1138 1262 sociali
1173 1223 1214 1259 et
1240 1218 1379 1260 Sullae
1405 1221 1512 1262 civili
1541 1234 1661 1264 accu-

148 1291 276 1332 ratius
314 1291 409 1342 egit.
485 1289 605 1339 Quod
644 1300 727 1338 quo
766 1288 938 1330 consilio
978 1287 1142 1335 fecerit,
1187 1299 1271 1328 non
1318 1293 1384 1329 est
1423 1291 1660 1334 obscurum.

147 1360 249 1399 Nam
277 1370 402 1409 quum
428 1356 526 1397 inde
553 1368 578 1396 a
597 1356 754 1407 Lepido
776 1357 952 1408 primum
980 1360 1141 1408 pateret
1171 1355 1380 1406 antiquam
1397 1357 1555 1410 imperii
1579 1361 1660 1401 vim

148 1439 325 1479 prorsus
362 1427 607 1467 labefactam
645 1436 760 1474 esse,
802 1438 939 1477 neque
972 1423 1097 1466 rediri
1127 1435 1258 1474 posse
1288 1425 1342 1465 ad
1372 1437 1466 1467 eum
1495 1432 1659 1479 statum,

151 1507 234 1546 quo
266 1507 413 1536 omnes
446 1493 697 1545 reipublicae
742 1498 883 1544 partes
922 1493 1093 1533 firmiter
1128 1493 1422 1548 cohaererent,
1465 1495 1555 1537 eius
1601 1497 1662 1538 rei

151 1574 324 1603 caussas
352 1561 430 1603 sibi
461 1562 734 1613 exponendas
763 1561 935 1612 putavit,
965 1567 1011 1602 ut
1038 1560 1335 1611 intelligeretur
1358 1573 1420 1612 ea,
1452 1576 1559 1615 quae
1587 1577 1662 1617 per

149 1631 217 1671 illa
245 1635 437 1681 tempora
467 1629 725 1678 acciderunt,
765 1629 974 1680 prioribus
1010 1628 1089 1669 illis
1120 1628 1237 1669 sactis
1269 1630 1420 1671 effecta
1447 1643 1557 1673 esse.
1616 1635 1659 1673 In

149 1711 232 1749 quo
270 1710 395 1749 quum
429 1697 715 1749 Thucydidem
752 1696 933 1738 imitatus
970 1697 1044 1746 sit,
1082 1696 1152 1747 qui
1176 1697 1330 1748 pariter
1358 1700 1580 1741 narrationi
1608 1702 1661 1742 de

150 1767 259 1807 bello
294 1765 651 1816 Peloponnesiaco
690 1759 951 1817 superiorum
988 1772 1244 1815 temporum,-
1290 1767 1401 1806 unde
1433 1767 1534 1809 illud
1566 1781 1661 1820 pro-

149 1833 284 1882 venit,
319 1833 638 1884 explicationem
668 1833 977 1884 praemisisset,
1023 1835 1133 1874 haud
1169 1828 1449 1885 improbabilis
1482 1842 1547 1877 est
1582 1837 1660 1878 Gu-

149 1901 258 1945 stavi
287 1900 453 1942 Linkeri
486 1901 709 1951 sententia,
752 1901 793 1942 in
832 1903 957 1942 docto
988 1904 1193 1952 opusculo
1233 1903 1287 1942 de
1317 1903 1499 1944 Sallustii
1525 1905 1661 1946 Histo-

150 1970 302 2011 riarum
330 1969 549 2011 Prooemio
587 1982 628 2021 p.
661 1970 726 2011 10.
763 1970 999 2021 proposita,
1039 1971 1093 2011 ob
1124 1972 1230 2011 hanc
1266 1970 1444 2011 maxime
1479 1971 1660 2013 similitu-

151 2039 288 2078 dinem
323 2039 576 2090 Thucydidis
612 2040 819 2080 aemulum
851 2050 945 2079 eum
981 2038 1111 2079 fuisse
1137 2038 1314 2088 dictum;
1355 2040 1407 2079 cl'.
1436 2040 1582 2081 Vellei.
1613 2042 1661 2090 11,

150 2106 218 2154 36,
249 2106 290 2145 2.
322 2106 484 2156 Quintil.
515 2108 564 2156 X,
600 2108 635 2157 1,
670 2107 762 2147 101.
789 2107 839 2155 X,
864 2105 902 2154 2,
938 2106 1002 2146 17.
1064 2108 1183 2147 Certe
1208 2118 1258 2147 ea
1286 2108 1397 2156 laus,
1423 2119 1545 2157 quam
1577 2121 1660 2149 non

151 2175 203 2217 ¹ad
233 2174 493 2224 prooemium
523 2177 659 2216 solum
688 2174 897 2226 pertinere
922 2179 1247 2216 consentaneum
1279 2180 1363 2224 est,
1401 2174 1439 2215 ei
1468 2175 1659 2218 Historiis

151 2241 302 2292 magiS‚
336 2253 459 2292 quam
491 2243 660 2284 Catilina
688 2248 729 2284 et
757 2243 955 2292 Iugurtha
981 2247 1101 2293 parta
1128 2247 1205 2282 est.

266 2310 473 2352 Absolute
502 2311 743 2363 prooemio,
774 2310 844 2351 ubi
874 2311 927 2349 ad
951 2309 1214 2361 propositum
1235 2309 1414 2359 accedit,
1444 2315 1576 2351 totum
1599 2322 1659 2351 ar-

149 2383 391 2429 gumentum
417 2379 469 2418 ab
500 2390 550 2420 eo
579 2383 797 2420 tractatum
836 2378 998 2418 duabus
1033 2378 1220 2428 partibus
1252 2377 1504 2427 continetur,
1534 2379 1660 2420 rebus

151 2446 316 2487 militiae
346 2451 388 2486 et
418 2446 530 2487 domi
559 2447 709 2497 gestis,
740 2457 844 2497 quas
875 2445 932 2485 ita
958 2446 1246 2497 persequitur,
1276 2451 1322 2487 ut
1350 2444 1520 2496 singulis
1546 2445 1659 2488 libris

151 2514 351 2566 deinceps
375 2519 560 2563 enarret,
588 2514 687 2566 quid
715 2519 756 2555 et
783 2514 822 2554 in
854 2514 956 2554 urbe
987 2520 1028 2555 et
1057 2515 1096 2554 in
1130 2514 1252 2555 variis
1278 2513 1397 2555 terris
1426 2517 1563 2553 actum
1592 2513 1658 2554 sit.

151 2583 278 2634 Igitur
303 2583 435 2634 primo
468 2582 592 2631 libro,
622 2588 845 2634 postquam
875 2583 927 2622 de
949 2583 1092 2633 Lepidi
1128 2588 1279 2624 conatu
1309 2582 1448 2623 Sullae
1475 2581 1660 2622 instituta

150 2651 364 2693 evertendi
392 2650 554 2702 prolixe
579 2650 691 2699 dixit,
723 2651 777 2691 de
796 2651 906 2690 bello
929 2650 1012 2700 agit
1035 2650 1075 2691 in
1097 2651 1295 2703 Hispania
1321 2650 1402 2691 ium
1434 2660 1510 2700 per
1540 2653 1655 2698 quat-

148 2723 246 2761 tuor
280 2730 413 2759 annos
453 2718 637 2760 Sertorio
671 2720 778 2759 duce
810 2723 953 2768 gesto,
992 2719 1249 2770 Sertoriique
1279 2717 1411 2768 ipsius
1446 2716 1654 2767 ingenium

150 2791 193 2830 et
231 2797 370 2828 mores
407 2787 625 2828 adumbrat
663 2798 713 2829 ac
752 2787 873 2828 simul
912 2787 1061 2839 prioris
1103 2787 1213 2828 vitae
1249 2786 1338 2828 eius
1376 2786 1484 2826 facta
1509 2784 1657 2838 {refert
