1774 3002
135 147 220 191 104
619 151 659 188 c.
687 145 921 189 'SALLUSTI
951 152 1102 190 CRISPI

272 278 339 322 76.
397 275 523 322 Illum
546 275 684 336 raptis
713 277 858 322 forum
894 278 938 322 et
972 280 1118 324 castra
1151 278 1326 324 nautica
1360 277 1583 325 Sertorius

131 359 390 405 mutaverat.

132 496 228 533 rium
256 499 292 532 et
312 495 467 533 Minium
487 500 565 543 est,
596 500 632 533 et
660 498 749 534 olim
778 496 948 535 Limaeas
988 499 1070 536 sive
1093 497 1224 535 Belion
1244 500 1423 546 vocatus,
1453 502 1586 545 postea

135 551 327 590 oblivionis
348 554 487 601 flumen
512 555 723 602 appellatus
743 558 821 600 est;
863 556 909 590 cf.
942 556 1022 591 Liv.
1054 555 1150 602 Epit.
1175 555 1237 590 lib.
1260 555 1336 590 LV.
1358 551 1500 604 [Strabo
1521 556 1582 592 111.

130 621 170 657 p
185 612 268 649 229.
289 608 329 646 C.
346 611 535 647 Almelov.
557 611 656 647 Flor.
677 612 720 656 ΙΙ,
740 614 797 656 17,
815 616 871 649 12.
892 612 992 648 Mela
1010 611 1070 656 Ill,
1092 615 1126 650 1.
1148 611 1432 658 UkertiGeogr.
1451 612 1583 648 Graec.

131 670 168 701 et
196 666 305 703 Rom.
336 667 422 703 Vol.
444 667 488 703 II.
523 668 563 702 P.
586 668 612 702 Ι.
639 679 678 714 Ρ.
699 670 769 706 296
789 679 844 715 sq.
881 669 909 704 F
911 669 1073 716 orblger
1103 668 1239 715 Geogr.
1269 668 1385 715 antiq.
1411 667 1497 704 Vol.
1520 669 1581 704 ΙΙΙ.

240 750 302 815 Fr.
325 780 382 818 76
427 778 543 824 [cort.
573 791 610 827 Ρ.
631 782 713 819 967.
743 780 842 816 Gerl.
874 779 936 817 ed.
966 780 1053 817 mai.
1084 780 1144 826 ΙΙΙ,
1163 783 1222 818 21.
1244 778 1306 815 cd.
1332 781 1423 817 min.
1445 781 1504 826 ΙΙΙ,
1526 785 1582 820 11.

128 846 166 882 Ρ.
186 837 269 880 216,
291 838 328 874 9.
347 835 458 872 Debr.
482 837 526 882 ΙΙ,
548 838 622 882 79.]
672 837 760 873 Tria
788 837 915 883 priora
945 838 1063 875 verba
1089 836 1234 873 Nonius
1259 847 1307 872 ex
1327 838 1453 884 primo
1474 836 1584 874 affert

129 891 197 939 111,
216 893 276 930 96.
299 903 339 939 p.
358 895 439 938 206,
462 895 520 932 16.
541 894 681 929 Merc.·
671 921 681 938 ,
702 894 851 940 plenius
875 896 998 930 exstat
1020 893 1285 940 Fragmentum
1307 893 1409 940 apud
1427 895 1584 941 Pompe·

129 947 205 984 ium
226 946 430 984 Comment.
459 949 541 985 Art.
564 950 658 985 Don.
677 961 717 996 p.
740 953 819 988 152.
851 949 915 986 ed.³
943 949 1071 995 Lind.‚
1110 949 1209 985 unde
1239 950 1348 986 simul
1374 953 1477 997 patet
1499 962 1583 988 cor·

129 1007 237 1051 rupte
268 1004 372 1051 apud
400 1005 562 1042 Nonium
597 1008 718 1052 nautis
745 1018 813 1053 pro
846 1008 965 1054 raptis
993 1007 1170 1052 scriptum
1201 1017 1301 1042 esse.
1355 1007 1479 1043 Foras
1514 1019 1583 1054 pro

126 1059 256 1108 forum
275 1060 396 1097 Nonio
420 1065 514 1098 teste
540 1062 633 1098 dixit
653 1063 764 1098 etiam
788 1063 952 1098 Lucilius
977 1062 1055 1099 Sat.
1078 1063 1171 1098 libro
1190 1062 1251 1097 111.
1283 1061 1464 1098 Romanis
1488 1064 1584 1100 ludis

126 1116 176 1164 fo
187 1127 269 1153 rus
297 1117 381 1153 olim
407 1121 563 1155 ornatus
583 1119 757 1155 lucernis.
802 1119 957 1155 Dativus
979 1120 1098 1166 raptis
1118 1118 1261 1165 pendet
1285 1129 1332 1154 ex
1353 1120 1490 1169 latente
1518 1121 1584 1156 ali-

128 1184 204 1220 qua
233 1174 337 1209 verbi
370 1175 541 1220 notione,
571 1185 658 1211 nam
687 1186 822 1211 sensus
852 1179 928 1212 est:
957 1175 1105 1222 forum,
1133 1176 1213 1221 qui
1237 1177 1358 1222 raptis
1383 1176 1584 1212 venden-

127 1229 199 1265 dis
227 1230 495 1268 inserviret
524 1230 621 1268 Seri.
649 1235 866 1268 mutaverat.
895 1251 952 1258 —
980 1232 1156 1268 Dianium
1184 1231 1468 1278 intelligendum
1497 1243 1583 1269 esse

126 1285 231 1322 haud
251 1286 497 1334 improbabile
518 1292 596 1332 est,
629 1288 675 1323 de
697 1299 770 1335 quo
790 1288 1045 1335 promontorio
1067 1301 1112 1325 v.
1128 1291 1291 1324 annotat.
1313 1288 1363 1324 ad
1381 1289 1444 1324 Fr.
1464 1289 1526 1333 ΙΙΙ,
1547 1292 1581 1326 2.

125 1342 306 1390 Magnum
333 1343 382 1380 ibi
404 1354 529 1380 rerum
549 1347 739 1391 raptarum
760 1349 963 1381 mercatum
993 1345 1111 1381 fuisse
1133 1348 1169 1380 et
1195 1344 1478 1380 celeberrimum
1499 1344 1585 1382 Ser—

125 1399 358 1435 torianorum
389 1411 474 1436 cum
511 1400 644 1447 piratis
675 1401 939 1436 commercium
970 1401 1186 1448 intelligitur
1224 1412 1272 1436 ex
1303 1399 1378 1437 Cic.
1407 1401 1446 1436 in
1473 1402 1582 1436 Verr.

127 1454 174 1500 V,
196 1458 254 1501 56,
274 1458 357 1495 146.
387 1455 601 1505 Quicunque
628 1462 866 1494 accesserant
891 1457 944 1493 ad
960 1457 1123 1493 Siciliam
1140 1457 1270 1504 paullo
1282 1458 1492 1504 pleniore&
1521 1467 1583 1493 eos

126 1509 362 1553 Sertorianos
387 1513 515 1550 milites
536 1523 616 1550 esse
654 1517 763 1560 atque
793 1525 817 1550 a
843 1514 978 1551 Dianio
1005 1513 1138 1561 fuyere
1161 1513 1314 1550 dicebat.
1360 1514 1407 1549 cf.
1435 1512 1582 1550 Strabo.

124 1567 184 1603 111.
206 1580 244 1615 Ρ.
265 1571 349 1607 239.
370 1569 415 1605 Β.
435 1569 624 1612 Almelov.
653 1563 707 1606 Τό
727 1562 1079 1633 Ἡμεροσκοπεῖον,
1106 1565 1204 1633 ἕχον
1219 1564 1282 1606 ἐπὶ
1307 1568 1356 1621 τῇ
1384 1561 1489 1621 ἄκρᾳ
1505 1568 1586 1632 τῆς

122 1613 302 1672 Ἐφεσίας
321 1615 543 1687 Ἀρτέμιδος
570 1616 678 1687 ἱερὸν
709 1619 866 1677 σφόδρα
892 1637 1132 1689 τιμωμενον,
1172 1638 1204 1677 ῳ
1231 1606 1480 1689 ἐχρήσατο
1501 1636 1582 1675 ορ-

123 1677 359 1743 μητηρίῳ
370 1672 492 1718 κατὰ
511 1673 773 1718 θαλατταν
791 1675 1092 1732 Σερτώριος·
1121 1663 1293 1732 ἐρυμνὸν
1313 1673 1393 1731 γάρ
1416 1676 1495 1717 ἔστι
1515 1677 1583 1718 καὶ

124 1718 418 1802 λῃστρικὸν,
455 1729 652 1775 κάτοπτον
680 1733 723 1775 δὲ
750 1733 795 1775 ἐκ
814 1737 963 1775 πολλοῦ
985 1737 1067 1782 τοῖς
1093 1732 1399 1791 προσπλέουσι,
1409 1736 1581 1774 καλεῖ-

124 1801 202 1829 ται
231 1787 282 1829 δὲ
310 1786 537 1830 Διάνιον.

236 1849 297 1885 Fr.
329 1850 387 1888 77.
433 1849 550 1896 [Cort.
577 1862 617 1898 p.
647 1853 730 1890 955.
769 1851 868 1888 Gerl.
901 1850 963 1886 ed.
995 1850 1080 1886 mai.
1110 1850 1137 1895 Ι,
1165 1852 1223 1888 55.
1254 1849 1313 1888 ed.
1341 1850 1432 1886 min.
1459 1850 1487 1896 Ι,
1519 1853 1577 1889 70.

123 1917 161 1953 Ρ.
190 1907 271 1950 196,
303 1910 338 1944 1.
366 1906 478 1943 Debr.
507 1906 534 1951 1,
563 1910 622 1946 99.
656 1908 701 1955 ΙΙ,
727 1908 804 1952 83.]
851 1908 970 1944 Prisc.
1001 1906 1083 1952 XV,
1110 1911 1146 1951 2,
1167 1909 1202 1945 6.
1232 1918 1269 1953 p.
1289 1909 1372 1946 616.
1392 1907 1455 1943 Kr.
1499 1907 1579 1943 Hoc

122 1963 389 2010 Fragmentum
417 1974 502 1999 cum
531 1964 648 2001 tribus
677 1964 919 2010 sequentibus
946 1962 1020 1999 huc
1048 1963 1336 2007 collocavimus,
1376 1962 1464 2010 quia
1492 1974 1581 2007 con-

125 2022 344 2055 sentaneum
365 2023 422 2056 est
443 2019 682 2067 Sallustium,
712 2019 918 2057 Sertoriani
938 2019 1026 2056 belli
1046 2019 1257 2056 narratione
1279 2018 1330 2055 ad
1352 2029 1438 2055 eum
1457 2020 1580 2055 locum

125 2074 300 2120 deducta,
331 2080 404 2123 quo
424 2076 598 2114 Metellus
619 2078 723 2114 solus
745 2076 968 2115 adversario
995 2076 1114 2123 impar
1130 2076 1349 2123 Pompeium
1369 2075 1579 2111 adiutorem

124 2132 290 2179 accepit,
321 2133 561 2170 subiunxisse
582 2145 643 2170 res
664 2145 687 2170 a
709 2132 869 2170 Servilio
892 2136 1022 2170 contra
1040 2133 1180 2180 piratas
1205 2135 1353 2179 gestas,
1392 2132 1498 2168 cuius
1523 2132 1579 2168 rei

124 2191 202 2224 tum'
224 2187 332 2224 ducis
352 2188 531 2237 Romani,
564 2194 639 2226 tum
670 2191 814 2226 urqum
837 2182 1050 2226 Ciliciar'um
1071 2189 1243 2235 nomina,
1273 2200 1296 2224 a
1326 2189 1579 2236 grammaticis

124 2247 298 2292 servata,
326 2245 453 2280 tenuia
483 2245 652 2291 quidem,
697 2246 766 2282 sed
798 2249 922 2282 tamen
945 2249 1047 2283 certa
1075 2245 1301 2281 documenta
1328 2249 1434 2292 sunt,
1470 2254 1579 2292 prae-

124 2301 251 2339 sertim
281 2311 395 2347 quum
415 2300 544 2338 Livius
575 2313 744 2349 quoque,
781 2302 843 2348 qui
867 2301 1084 2338 Sallustium
1115 2305 1267 2337 secutus
1288 2301 1458 2349 videtur,
1488 2312 1579 2338 eun-

124 2357 210 2393 dem
230 2356 402 2393 ordinem
425 2361 560 2393 teneat.
585 2379 635 2385 —
661 2358 702 2393 P.
723 2356 908 2394 Servilius
930 2359 1063 2403 Vatia,
1095 2358 1157 2404 qui
1178 2358 1311 2394 consul
1333 2358 1400 2394 suit
1421 2368 1520 2394 anno
1541 2369 1577 2394 a.

123 2413 210 2450 Chr.
241 2425 277 2449 n.
307 2415 387 2458 79.‚
414 2415 516 2450 vanno
546 2418 633 2462 post
659 2415 863 2461 proconsul
885 2413 1051 2451 Ciliciam
1079 2415 1314 2461 provinciam
1342 2418 1474 2451 nactus
1500 2414 1577 2450 bel-

122 2471 198 2506 lum
228 2462 356 2506 contra
382 2470 526 2517 piratas
556 2470 850 2518 administravit;
889 2471 936 2506 cs.
966 2471 1048 2506 Liv.
1077 2471 1176 2518 Epit.
1204 2471 1268 2507 lib.
1287 2470 1363 2507 XC.
1393 2471 1494 2507 Flor.
1514 2470 1577 2516 ΙΙΙ,

121 2529 157 2572 6,
176 2530 200 2564 4
219 2537 302 2574 sqq.
324 2527 478 2574 Eutrop.
499 2527 562 2573 Vl,
581 2530 618 2566 3.
650 2527 759 2565 Oios.
781 2527 828 2574 V,
849 2529 907 2565 23.
930 2527 1116 2563 Ammian.
1141 2527 1256 2563 Marc.
1278 2526 1377 2565 XIV.
1399 2529 1436 2564 8.
1461 2537 1499 2575 p.
1515 2528 1574 2564 41.

122 2582 183 2619 ed.
202 2583 334 2619 Vales.
356 2582 523 2621 Sallustii
551 2584 664 2632 igitur
685 2584 802 2620 'verba
824 2582 871 2619 de
892 2584 1124 2631 profectione
1145 2578 1493 2621 Servilii‘vi'dentur
1513 2582 1577 2630 in·
1612 2602 1613 2605 =

125 2639 344 2686 tangenda,
359 2650 590 2687 ,quamquam
612 2640 652 2676 in
671 2640 828 2688 singulis
843 2645 996 2688 propter
1012 2651 1183 2677 mancam
1198 2641 1399 2676 verborum
1419 2641 1576 2674 structu-

123 2706 203 2732 ram
232 2695 279 2731 de
313 2707 404 2732 vero
433 2707 549 2733 sensu
579 2708 654 2733 non
684 2699 840 2734 constat.
885 2697 962 2732 Vix
991 2698 1089 2733 enim
1119 2696 1210 2733 mihi
1235 2693 1448 2743 persuadeo
1463 2695 1577 2741 prior

118 2756 381 2807 transgressus
403 2752 453 2790 ad
472 2758 661 2805 aegrotum
689 2753 863 2804 coueqam
882 2754 1091 2802 pertinere,
1131 2763 1243 2800 quum
1271 2750 1482 2799 transqredi
1507 2751 1575 2788 ali—
