1774 3002
142 130 224 174 180
534 131 538 133 ’
624 133 664 171 C.
697 131 929 171 SALLUSTl
961 130 1112 171 CRISPI

277 263 346 305 63.
407 258 546 304 Noctu
575 254 738 321 diuque
767 258 980 304 stationes
1009 260 1054 303 et
1088 256 1267 318 vigilias
1301 258 1484 310 tentare.

279 348 348 390 64.
406 343 558 405 Neque
595 342 826 399 subsidiis,
863 341 926 388 uti
962 340 1179 397 soluerat,
1213 340 1481 402 compositis.

281 431 350 473 65.
408 427 480 472 Ad
515 426 599 473 hoc
622 441 764 487 pauca
794 426 975 487 piratica
1001 424 1196 471 actuaria
1231 425 1423 487 navigia.

255 587 317 625 Fr.
341 589 402 626 63.
445 586 569 633 [Cort.
592 598 631 634 Ρ.
652 589 734 626 959.
752 604 756 606 Ἴ
779 586 880 623 Gerl.
901 585 964 623 ed.
987 586 1074 622 mai.
1094 586 1146 632 ΙΙ,
1167 587 1227 624 27.
1270 585 1334 624 ed.
1355 587 1445 624 min.
1463 586 1515 631 11,
1533 588 1596 625 43.

147 657 186 694 p.
212 648 305 689 202,
325 648 384 683 20.
434 644 546 680 Debr.
568 643 621 689 ΙΙ,
643 645 719 689 57.]
771 642 916 680 Charis.
938 643 981 688 ΙΙ,
1002 645 1059 688 14,
1080 646 1159 683 130.
1180 654 1218 690 p.
1239 646 1321 682 123.
1345 644 1405 680 ed.
1426 642 1596 679 Lindem.

145 705 202 750 (p.
227 704 309 740 185.
330 700 518 746 Putsch.).
557 701 611 736 De
631 711 793 748 quonam
811 700 907 736 duce
927 699 1023 736 haee
1052 699 1153 737 dicta
1173 700 1258 745 sint,
1281 711 1506 748 quamquam
1521 711 1597 736 non

143 763 264 807 patet,
284 778 341 785 —
360 768 447 794 nam
470 757 517 793 de
543 758 670 794 multis
701 757 775 793 dici
795 761 951 804 potuere
976 776 1022 782 —
1039 783 1049 802 ,
1079 761 1205 793 tamen
1224 757 1421 794 commode
1439 761 1599 805 possunt

147 817 194 853 de
215 815 381 853 Sertorio
406 815 588 862 intelligi;
620 815 667 850 cf.
689 813 874 850 Plutarch.
896 814 935 849 in
955 812 1095 850 Sertor.
1125 825 1159 850 c.
1184 818 1243 853 10.
1262 833 1318 839 ——-
1365 815 1419 850 De
1438 814 1597 850 vocibus

146 877 255 909 noctu
278 873 412 920 diuque
433 884 472 909 v.
502 870 552 907 ad
582 872 663 918 lug.
686 883 719 908 c.
741 871 861 917 XLV,
882 875 917 909 5.
944 882 983 918 p.
1007 874 1089 909 255.
1111 890 1167 896 -
1205 871 1258 906 De
1288 870 1505 908 discrimine
1524 874 1598 906 sta·

146 931 281 966 tionum
303 933 338 964 et
353 929 559 976 viyiliarum
580 929 628 965 cf.
649 928 849 975 Kreyssig.
871 928 907 963 in
925 926 1168 964 commentat.
1186 927 1232 963 de
1250 926 1287 964 C.
1304 927 1396 965 Sall.
1410 927 1472 964 Cr.
1488 927 1596 972 Histt.

146 987 209 1023 lib.
231 986 292 1021 ΙΙΙ.
312 986 505 1032 Fragmm.
522 996 561 1032 p.
583 989 642 1023 50.
662 986 749 1030 (Fr.
772 985 838 1030 ΙΙΙ,
868 985 934 1030 77,
958 987 1022 1029 4.)
1052 985 1132 1021 Liv.
1154 984 1226 1029 IX,
1247 986 1313 1030 24,
1339 989 1375 1023 5.
1415 985 1537 1030 Fore,
1559 987 1601 1021 ut

145 1045 265 1079 minus
284 1044 441 1079 intentae
467 1043 504 1077 in
528 1042 727 1078 custodiam
746 1041 850 1078 urbis
879 1042 1038 1077 diurnae
1055 1042 1228 1077 stationes
1248 1052 1295 1076 ac
1321 1046 1526 1078 nocturnae
1544 1042 1596 1077 vi

144 1101 254 1148 yiliae
275 1103 408 1136 essent.

142 1188 144 1190 ,
259 1156 321 1193 Fr.
351 1157 410 1194 64.
450 1154 574 1201 [cort.
594 1167 630 1202 p.
650 1157 734 1194 959.
774 1153 872 1190 Gerl.
897 1153 960 1190 ed.
983 1153 1069 1190 mai.
1091 1154 1143 1199 ΙΙ,
1160 1156 1243 1200 30.;
1276 1153 1338 1191 ed.
1360 1154 1450 1190 min.
1470 1153 1515 1199 ΙΙ,
1537 1154 1596 1192 44.

147 1225 186 1261 Ρ.
204 1217 293 1260 202,
311 1216 371 1251 21.
418 1212 530 1249 Debr.
551 1212 621 1258 IV,
642 1212 726 1257 99.]
765 1211 949 1248 Priscian.
968 1210 1038 1256 IX,
1068 1215 1133 1258 10,
1158 1213 1218 1249 54.
1237 1222 1278 1258 p.
1301 1212 1387 1251 468.
1418 1211 1483 1247 Kr.
1503 1209 1598 1246 haec

147 1272 267 1307 verba
285 1268 395 1306 affert
413 1273 568 1317 propter
595 1269 783 1315 antiquam
803 1268 960 1315 perfecti
974 1268 1137 1304 formam
1154 1269 1250 1305 solui
1264 1278 1334 1314 pro
1356 1268 1482 1304 solitus
1504 1276 1598 1312 aunt,

148 1338 223 1375 qua
254 1325 456 1364 Sallustius
487 1325 637 1362 Catonis
667 1326 839 1372 exemplo
870 1337 962 1362 usus
993 1328 1075 1370 est3
1114 1324 1162 1361 de
1193 1324 1327 1361 eadem
1357 1325 1407 1361 cf.
1435 1323 1598 1360 eundem

148 1384 248 1428 VIII,
276 1386 332 1429 11,
351 1385 411 1422 61.
433 1394 472 1430 p.
492 1385 576 1421 403.
600 1386 636 1418 et
654 1382 820 1418 Varron.
843 1381 889 1417 de
910 1382 951 1418 L.
974 1381 1015 1418 L.
1037 1381 1099 1427 IX,
1119 1384 1179 1421 61.
1199 1393 1239 1430 p.
1257 1384 1342 1420 233.
1367 1381 1430 1418 ed.
1450 1381 1597 1417 Miiller.

151 1440 324 1488 Sequitur
341 1443 400 1486 ut,
422 1441 594 1487 quoniam
616 1442 671 1476 est
685 1449 734 1475 so
747 1440 837 1486 leo,
860 1441 1027 1486 oporteat
1046 1438 1120 1477 diei
1135 1439 1282 1486 solui,
1301 1442 1343 1476 ut
1361 1438 1447 1476 Cato
1466 1441 1502 1474 et
1517 1437 1599 1474 En-

149 1499 234 1534 m‘us
253 1497 437 1543 scribunt,
468 1507 562 1543 non,
589 1501 632 1533 ut
658 1496 744 1532 dicit
766 1496 911 1543 volqus,
939 1496 1109 1532 solitus
1136 1505 1245 1531 sum.
1295 1495 1348 1532 De
1369 1494 1600 1543 negligentia

151 1554 258 1591 ducis
280 1554 451 1598 alicuius,
475 1554 537 1600 qui
566 1554 703 1589 milites
723 1563 811 1598 non,
835 1556 875 1589 ut
900 1563 981 1588 mos
1002 1552 1155 1588 militiae
1174 1557 1244 1598 est,
1273 1552 1313 1588 in
1333 1552 1504 1589 subsidio
1524 1550 1600 1587 col-

150 1612 326 1655 locasset,
348 1610 613 1657 Fragmentum
635 1609 860 1657 capiendum
883 1621 970 1646 csse
990 1609 1028 1644 in
1046 1613 1223 1657 promptu
1243 1614 1325 1655 est;
1351 1609 1420 1645 sed
1438 1609 1600 1646 Debros-

151 1668 230 1704 sius
251 1668 337 1702 Vol.
361 1667 406 1702 ΙΙ.
427 1678 465 1714 p.
489 1669 571 1705 468.
600 1670 856 1713 portentosam
881 1665 1023 1701 effinxit
1049 1670 1085 1701 et
1113 1677 1272 1712 prorsus
1298 1667 1495 1702 barbaram
1516 1676 1599 1703 ver-

150 1726 283 1761 horum
311 1724 674 1771 interpretationem,
703 1724 765 1770 agi
792 1727 895 1759 ratus
925 1722 971 1758 de
999 1722 1229 1769 publicanis,
1261 1723 1324 1770 qui
1351 1723 1456 1759 cives
1482 1721 1598 1757 Asiae

150 1780 399 1828 vectigalibus
414 1783 564 1828 praeter
584 1779 734 1816 solitum
753 1790 896 1815 morem
915 1779 1100 1827 impositis
1121 1783 1326 1824 vexaren23
1351 1778 1495 1815 scilicet
1513 1777 1598 1814 sub-

148 1837 244 1874 sidia
258 1837 404 1884 putavit
420 1841 506 1874 e'sse
527 1837 705 1885 gallicum
724 1836 886 1883 subside,
906 1837 1111 1884 compositis
1131 1840 1257 1873 autem
1280 1846 1356 1872 non
1377 1834 1532 1872 differre
1552 1835 1599 1871 ab

152 1895 365 1942 impositae.

265 1952 337 1988 Fr.
349 1954 409 1990 65.
448 1949 572 1997 [Cort.
601 1962 640 1998 p.
658 1953 742 1990 960.
779 1950 879 1987 Gerl.
901 1948 961 1986 ed.
983 1949 1072 1986 mai.
1095 1948 1147 1995 11,
1170 1950 1229 1989 47.
1272 1948 1334 1987 ed.
1354 1927 1445 1986 min.
1465 1948 1523 1994 ΙΙ,
1536 1950 1599 1988 88.

154 2021 192 2056 Ρ.
214 2011 303 2055 206,
320 2012 358 2046 1.
407 2008 516 2045 Debr.
538 2007 591 2053 II,
613 2010 651 2047 8.
674 2011 710 2044 et
727 2007 800 2052 IV,
825 2010 885 2046 35.
895 2007 909 2052 ]
957 2005 1072 2054 Apud
1093 2007 1277 2051 Nonium,
1298 2005 1360 2053 qui
1379 2005 1483 2051 XIII,
1503 2007 1540 2045 9.
1559 2015 1598 2053 P·

153 2069 243 2111 535,
262 2069 299 2103 2.
317 2065 435 2102 Merc.
455 2064 551 2101 haec
575 2063 704 2110 affert,
726 2076 794 2112 pro
808 2065 974 2112 piratica
995 2065 1131 2111 legitur
1143 2063 1345 2112 piraticae,
1371 2062 1474 2111 quod
1491 2072 1602 2110 prae-

155 2126 266 2158 eunte
286 2121 469 2158 Mercerio
495 2122 741 2169 correximus,
770 2122 858 2169 quia
887 2121 1074 2157 abstracto
1096 2121 1293 2166 vocabulo,
1319 2130 1392 2167 quo
1415 2119 1516 2156 vitae
1536 2129 1601 2166 gc-

155 2190 229 2227 nus(
247 2178 499 2225 significatur,
519 2179 622 2214 nulla
644 2178 807 2215 societas
829 2189 914 2214 cum
933 2178 1070 2224 naviyii
1086 2188 1183 2214 voce
1201 2188 1288 2214 esse
1308 2179 1444 2224 potest.
1491 2176 1601 2212 Prae—

155 2240 259 2271 terea
281 2234 459 2271 Putschio
488 2239 640 2275 auctore
669 2236 784 2282 vulgo
805 2238 892 2282 post
912 2235 1099 2281 piraticae
1119 2233 1268 2270 additur
1287 2233 1472 2282 adianyii,
1499 2229 1601 2280 quod

155 2293 217 2328 ille
247 2292 285 2328 in
314 2291 385 2328 Ms.
408 2291 520 2327 Nonii
540 2290 672 2328 codice
696 2294 845 2328 exstare
869 2290 978 2335 dicit3
1010 2289 1081 2326 sed
1101 2301 1213 2338 quum
1233 2291 1270 2326 in
1291 2291 1392 2327 nullo
1416 2289 1601 2332 codicum,

157 2349 220 2396 qui
239 2348 389 2395 quidem
409 2347 534 2394 collati
554 2352 651 2394 sunt,
673 2351 901 2395 compareat,
924 2347 1134 2384 omisimus.
1174 2348 1258 2384 Non
1278 2347 1400 2383 minus
1419 2354 1602 2394 perversa

155 2405 349 2442 Dehrossii
372 2408 430 2441 est
446 2405 696 2452 interpolatio,
717 2404 779 2451 qui
799 2407 834 2440 et
854 2403 1516 2452 post·adiunqit.intulit.-Aceuaria
1530 2411 1600 2437 na-

156 2464 263 2511 vigia,
283 2472 378 2509 quae
398 2462 510 2498 etiam
529 2461 720 2498 actuariae
742 2460 973 2506 dicebantur,
999 2461 1121 2497 Nonio
1140 2465 1291 2497 auctore
1309 2464 1395 2497 sunt
1411 2457 1604 2496 naviculae

158 2520 310 2556 celeres.
331 2536 387 2546 --—
433 2518 487 2555 De
501 2517 895 2565 pluribusattributis
916 2517 998 2553 sine
1021 2517 1234 2564 copulativa
1256 2517 1440 2565 particula
1467 2514 1603 2562 positis

159 2586 198 2613 v.
226 2575 390 2612 Gramm.
410 2576 472 2611 lat.
490 2577 670 2618 noetus.
686 2577 766 2621 120,
785 2577 823 2613 3.
858 2573 1050 2611 Additam.
1070 2577 1106 2612 2.
1128 2585 1164 2611 a.
1189 2585 1248 2611 aa.
1268 2585 1309 2622 p.
1323 2575 1406 2612 289.
1444 2571 1499 2608 De
1517 2569 1603 2607 Ser-

160 2633 256 2669 torio
280 2632 551 2678 Fragmentum
566 2631 739 2678 intelligit
765 2630 984 2667 Gerl'aehius
1005 2631 1091 2667 Vol.
1116 2631 1177 2668 III.
1203 2642 1242 2678 p.
1262 2634 1334 2676 8³3
1363 2638 1493 2667 verum
1514 2637 1604 2664 esse

161 2693 310 2736 potest3
337 2688 408 2725 sed
428 2688 475 2724 de
498 2689 581 2725 aliis
602 2698 750 2736 quoque
770 2688 928 2734 cogitari
947 2698 1063 2735 posse
1084 2689 1167 2735 quis
1187 2683 1408 2735 negaverit?

273 2746 334 2781 Fr.
354 2747 412 2784 66.
454 2745 590 2790 [Deest
617 2743 719 2792 apud
749 2742 867 2788 Cort.‚
898 2743 996 2780 Gerl.
1018 2743 1080 2780 ed.
1111 2744 1200 2781 mai.
1218 2746 1255 2779 et
1274 2743 1385 2779 Debr.
1410 2759 1460 2769 --
1502 2740 1603 2778 Gerl.
