1774 3002
490 145 556 182 AD
583 141 845 181 RRNESTUM
870 139 1248 178 WUESTEMANNU
1252 139 1303 175 M.
1530 142 1650 175 ml

153 269 253 310 dum
278 266 352 316 sit,
380 265 514 307 sentio
546 275 669 316 quam
696 262 837 313 iniqua
861 260 1106 302 condicione
1134 264 1246 309 utar,
1276 258 1343 299 cui
1367 258 1576 309 acciderit,
1606 264 1652 299 ut

151 335 194 376 in
218 346 299 384 eo,
338 333 410 384 qui
432 337 527 373 ante
555 343 621 373 me
646 331 895 380 Fragmenta
924 328 1072 377 edidit,
1108 338 1241 379 paene
1269 326 1421 366 nullam
1444 325 1650 376 probandi

152 413 202 443 ac
224 400 425 443 ⁴laudandi
454 400 638 452 copiam,
665 398 881 450 plurimam
910 408 1011 438 vero
1033 394 1294 446 vituperandi
1317 398 1358 433 et
1381 393 1652 434 dissentiendi

153 470 348 510 haberem
392 468 695 509 necessilatem.
754 466 839 506 Sed
873 466 914 505 in
950 465 1096 504 eadem
1137 473 1287 504 caussa
1316 465 1526 503 versatum
1555 472 1652 501 esse

154 550 280 590 quum
331 537 483 578 scirem
535 536 667 576 virum
715 534 923 582 acumine,
974 531 1161 572 doctrina
1205 541 1255 569 ac
1293 528 1443 569 latinae
1489 529 1652 579 linguae

154 606 327 647 scientia
358 606 485 655 longe
519 602 920 654 praestantissimum
942 611 991 640 ac
1028 600 1082 639 de
1110 598 1310 639 Cicerone
1340 597 1505 648 egregie
1536 595 1651 637 meri-

152 679 259 724 tum,
299 685 406 725 quae
436 674 503 713 ille
537 672 579 712 in
614 670 735 712 simili
761 669 928 721 negotio
963 667 1138 708 dicenda
1164 665 1327 714 habuit,
1365 677 1417 706 eo
1446 663 1653 705 lubentius

154 753 247 782 mea
278 741 445 791 faciam,
482 752 608 791 quum
647 738 817 779 mirifico
849 738 1031 788 quodam
1059 746 1161 776 casu
1189 746 1274 775 non
1298 733 1430 784 magis
1460 734 1514 773 de
1544 731 1654 773 Cice·

152 809 266 850 ronis
307 821 431 860 quam
468 809 521 848 de
560 806 742 848 Sallustii
779 805 939 846 editore
983 804 1093 844 dicta
1136 803 1366 843 videantur.
1424 803 1538 842 Haec
1583 799 1654 850 igi-

154 880 219 916 tur
244 875 332 916 ille:

214 972 216 974 -
266 943 430 993 „Multo
477 941 573 991 plus
607 938 712 989 loci,
753 950 877 990 quam
913 939 1085 987 uellem,
1118 938 1160 977 in
1198 935 1507 978 commentariis
1550 935 1654 976 meis

154 1014 333 1061 occupat
359 1009 533 1051 aliorum
569 1006 762 1047 refutatio
787 1011 912 1057 atque
941 1007 1063 1047 etiam
1091 1005 1378 1057 reprehensio.
1440 1003 1526 1045 Sed
1555 1002 1654 1044 scri·

153 1078 287 1121 lamus
320 1088 459 1127 neque
490 1075 634 1127 peritis
666 1074 769 1115 solis
803 1085 941 1125 neque
968 1073 1040 1122 iis,
1068 1073 1139 1125 qui
1166 1074 1358 1114 lubenter
1393 1077 1436 1112 et
1463 1069 1654 1122 simplici—

153 1151 218 1187 ter
244 1145 459 1187 ueritatem
487 1143 724 1192 admittant,
759 1143 983 1193 potiusque
1017 1141 1134 1182 multi
1164 1142 1327 1191 ecfugia
1353 1143 1559 1190 quaerunt
1586 1150 1654 1180 ue-

159 1219 354 1264 teresque
383 1223 550 1253 errores
590 1210 711 1262 quasi
746 1222 857 1251 noua
893 1211 1060 1251 inuenta
1087 1211 1284 1250 referunt.
1341 1206 1539 1249 Adcessit
1566 1206 1656 1246 sin-

156 1281 331 1335 gulariS„
354 1281 558 1331 quaedam
593 1290 745 1320 caussa
778 1290 827 1318 ac
865 1279 1107 1319 necessitas.
1165 1276 1288 1318 Dedit
1316 1276 1424 1317 enim
1451 1274 1550 1315 mihi
1577 1276 1656 1315 for-

156 1355 276 1401 tuna,
309 1349 394 1398 cui,
423 1349 460 1389 si
487 1359 649 1389 summa
677 1359 745 1388 res
773 1352 1002 1396 spectatur,
1029 1347 1319 1395 succederem,
1352 1346 1502 1392 G—m,
1532 1354 1655 1394 quem

157 1429 260 1468 ego,
305 1429 359 1458 ex
392 1428 476 1467 quo
510 1417 684 1467 primum
729 1415 938 1456 Ciceronis
970 1417 1022 1455 de
1054 1414 1317 1466 philosophia
1340 1413 1470 1454 libros
1508 1410 1655 1452 studiis

159 1485 261 1526 meis
297 1484 447 1535 adfigi,
483 1484 624 1524 nescio
666 1489 802 1524 utrum
840 1485 1008 1524 miratus
1047 1483 1126 1524 sim
1162 1483 1293 1534 magis
1324 1493 1376 1522 an
1406 1481 1656 1532 indignatus,

160 1554 299 1604 aliquo
328 1552 434 1593 inter
465 1552 700 1602 philologos
742 1554 835 1593 loco
875 1552 1057 1592 habitum
1089 1563 1184 1592 esse
1219 1556 1262 1591 et
1297 1562 1407 1591 nunc
1436 1561 1605 1601 quoque
1633 1559 1658 1587 a

158 1620 364 1663 nonnullis
402 1620 564 1669 haberi;
606 1622 709 1662 adeo
745 1622 843 1662 mihi
868 1626 968 1662 totus
994 1633 1048 1660 ex
1079 1622 1324 1670 nealeqentia
1350 1626 1389 1660 et
1413 1620 1657 1669 confusione,

156 1702 210 1730 ex
238 1690 377 1731 Latini
395 1692 584 1731 sermonis
604 1701 756 1730 summu
782 1692 1021 1739 iynoramia,
1053 1701 1107 1728 ex
1134 1690 1271 1737 inveni
1289 1695 1446 1739 torpore
1460 1689 1658 1737 iudicique

151 1760 418 1808 peruersitate
437 1770 531 1799 cum
559 1759 785 1799 incredibili
810 1759 987 1808 quadam
1013 1758 1206 1798 obliuione
1233 1761 1378 1807 (quam
1404 1755 1550 1796 Graeci
1577 1767 1657 1807 με-

161 1826 349 1879 τεωρίαν
378 1822 452 1866 καὶ
489 1820 707 1880 ἀβλεψίαν
735 1828 984 1877 appellant),
1014 1828 1183 1875 denique
1206 1837 1260 1865 ex
1287 1827 1525 1874 arv-ayantia
1553 1824 1657 1863 mizi:-

159 1900 221 1934 tus
256 1895 478 1934 uidebatur.
545 1894 677 1935 Huius
717 1894 876 1934 etiamsi
916 1894 1134 1944 opiniones
1186 1903 1435 1942 erroresque
1477 1892 1656 1931 relicuos

162 1961 294 2001 omnis
316 1961 476 2001 silentio
506 1961 832 2011 praetermittere
852 1961 1146 2009 decreuissem,
1174 1966 1312 2000 tamen
1333 1962 1520 2001 crebram
1547 1970 1658 1999 men·

162 2028 316 2071 tionem
345 2033 388 2068 et
412 2028 778 2078 reprehensionem
803 2029 1067 2078 postulabant
1097 2029 1286 2069 codicum
1314 2030 1366 2069 ab
1395 2040 1447 2069 eo
1470 2030 1659 2079 prolatae

165 2095 395 2146 scripturae
421 2095 647 2146 infinitique
672 2095 714 2135 in
741 2095 790 2135 iis
819 2106 984 2135 errores
1022 2095 1233 2136 conmissi.
1290 2097 1435 2146 ltaque
1464 2095 1658 2136 constitui

162 2164 216 2203 ab
245 2162 357 2206 initio
387 2163 654 2215 opprobrium
683 2164 764 2204 hoc
789 2174 844 2202 ex
866 2162 1010 2203 litteris
1037 2164 1192 2206 nostris
1221 2165 1368 2204 tollere
1398 2168 1440 2204 et
1467 2164 1657 2213 ecficere,

163 2236 222 2280 ut,
253 2231 401 2282 quibus
430 2232 508 2272 hae
542 2243 676 2282 nugae
712 2234 754 2270 et
783 2229 1027 2280 quisquiliae
1062 2232 1342 2273 inanissumae
1378 2238 1451 2273 aut
1482 2232 1657 2283 placuis-

164 2305 260 2339 sent
291 2304 364 2340 aut
390 2300 651 2340 mediocriter
675 2299 1002 2350 displicuissent,
1018 2299 1112 2340 illos
1132 2301 1257 2341 iudici
1273 2300 1339 2341 sui
1359 2302 1594 2352 poeniteret
1616 2305 1658 2340 et

165 2360 318 2417 aliquid
335 2368 388 2407 de
408 2357 486 2408 sua
505 2367 676 2408 scientia
694 2368 945 2419 cogitarent,
964 2372 1178 2419 postremo
1200 2369 1378 2418 posthac
1402 2381 1475 2410 eas
1491 2380 1657 2409 conme-

165 2446 327 2478 morare
343 2436 531 2486 puderet.
550 2436 605 2476 Et
618 2447 853 2486 quamquam
866 2448 995 2486 paene
1004 2438 1254 2477 incredibilia
1268 2444 1371 2486 sunt,
1385 2449 1490 2487 quae
1502 2440 1544 2477 in
1556 2448 1658 2478 com·

165 2506 356 2544 memario
378 2506 577 2554 plurumis
589 2506 684 2544 locas
700 2507 838 2544 notaui
857 2506 909 2544 ab
922 2516 968 2544 eo
985 2511 1172 2554 peccata,
1206 2509 1362 2552 tamen,
1385 2510 1431 2544 ut
1451 2504 1492 2545 in
1510 2506 1657 2556 quauis

166 2570 345 2611 minuma
360 2575 402 2610 et
415 2571 620 2611 facilluma
632 2582 678 2614 re
698 2576 740 2612 et
753 2572 804 2611 ab
823 2571 934 2611 omni
953 2575 1071 2621 parte
1091 2571 1233 2612 similis
1249 2572 1315 2612 sui
1329 2573 1560 2623 uideretur,
1588 2574 1658 2613 de-

168 2649 380 2678 creueram
400 2638 465 2678 hic
496 2638 655 2688 copiam
670 2640 872 2689 quandam
891 2641 1173 2689 exemplorum
1188 2639 1414 2690 generatim
1432 2651 1658 2691 exponere.

165 2706 389 2747 Uidebatur
417 2706 526 2747 enim
555 2718 624 2747 res
643 2707 970 2748 ‘admonitionem
999 2719 1092 2753 non,
1108 2707 1288 2747 inutilem
1315 2707 1516 2748 habitura.
1574 2707 1658 2747 Sed

164 2774 355 2824 quoniam
379 2776 474 2828 plus
502 2775 582 2814 iam
611 2774 676 2814 ille
698 2774 740 2814 in
766 2787 860 2816 meo
889 2775 993 2816 libro
1019 2775 1176 2816 obtinet
1202 2775 1297 2824 loci,
1323 2787 1446 2825 quam
1467 2775 1657 2821 debebat,
