1774 3002
460 140 789 183 HISTomARUM
817 136 1118 177 FRAGMENTA
1148 137 1239 174 LIB.
1259 136 1320 172 111.
1541 131 1622 174 251

184 270 468 319 tractmtibus
500 267 719 323 militiam,
762 266 1043 326 quaestorem
1075 276 1208 308 suum
1247 260 1295 307 G.
1342 259 1625 317 Thoranium,

187 371 246 402 ex
283 368 373 415 quo
410 354 642 413 praesente
670 364 776 395 vera
824 346 1043 394 facillume
1076 346 1386 399 noscerentur,
1423 343 1623 403 miserat3

146 451 171 487 3
188 442 232 485 et
254 439 401 484 tamen
422 435 593 482 interim
618 448 718 480 cum
736 430 985 478 volentibus
1010 442 1193 475 numero
1221 429 1430 490 quattuor
1457 429 1627 484 maleam,

190 617 247 627 -—
283 597 450 636 Voles-m
479 594 542 631 hic
573 594 713 641 opponi
747 593 912 629 na'lifiam
939 587 1228 627 detractantem-e
1255 588 1500 635 Kreyssigius
1528 594 1629 626 reete

191 654 306 697 vidit.
348 653 454 698 Quae
478 654 684 698 sequuntur
711 651 828 686 verba
857 646 945 683 inde
975 657 999 682 a
1019 649 1192 693 quattuor
1209 655 1306 681 voce
1333 644 1445 681 valde
1468 646 1631 683 obseura

193 715 280 748 sunt
302 721 347 746 ac
366 708 492 745 dubia.
525 707 566 743 In
586 706 671 744 cod.
698 707 785 742 Vat.
804 705 904 741 enirn
932 703 1076 750 primus
1096 713 1231 738 versus
1254 701 1409 737 dextrae
1430 702 1628 739 columnae

194 769 232 804 in
250 766 390 814 pagina
405 766 526 812 prima
547 764 598 799 ita
618 763 789 807 evanuit,
821 765 860 797 ut
890 759 1142 796 tantummodo
1170 759 1341 805 quintae,
1370 763 1499 795 sextae
1520 763 1630 806 atque

194 823 374 870 septimae
395 821 536 858 litterae
555 819 739 866 quaedam
759 818 921 864 vestigia
941 816 1143 863 supersint.
1184 815 1242 851 Ex
1261 815 1395 861 quibus
1412 825 1526 861 quum
1547 816 1632 852 Nie-

194 879 349 917 buhrius
370 878 490 915 solam
509 875 670 912 mediam
684 876 716 912 U
738 875 911 917 eruisset,
932 873 1053 909 Maius
1075 877 1210 919 postea
1226 871 1313 908 IUM
1333 870 1632 918 deprehendisse

197 936 268 972 sibi
293 935 401 972 visus
422 937 496 983 est.
516 933 713 968 Praeterea
732 931 831 967 idem
852 931 890 966 in
909 930 984 966 fine
1006 939 1141 964 versus
1161 928 1302 964 litteras
1321 927 1425 965 RUM
1449 933 1513 965 aut
1532 933 1632 965 certe

196 991 397 1039 perspicua
412 999 540 1026 earum
556 989 718 1035 vestigia
738 987 900 1030 notavit,
922 984 1023 1033 quod
1042 984 1131 1021 mihi
1152 984 1397 1020 vehementer
1418 971 1633 1032 suspectum

196 1052 265 1085 est.
304 1047 384 1083 Hae
412 1047 555 1082 litterae
585 1045 684 1080 enim
712 1055 787 1080 non
814 1043 912 1079 intra
933 1042 973 1078 id
994 1041 1175 1088 spatium,
1202 1040 1304 1087 quod
1334 1039 1540 1087 scripturae
1569 1042 1636 1078 de·

198 1105 372 1141 stinatum
393 1103 481 1147 fuit,
514 1101 583 1137 sed
611 1105 716 1137 extra
735 1099 857 1136 illud
848 1111 886 1135 in
914 1098 1082 1146 margine
1106 1101 1344 1144 comparent,
1371 1107 1493 1144 neque
1511 1099 1633 1145 primo

197 1160 324 1197 versui
345 1170 366 1195 e
385 1162 487 1196 recta
516 1157 670 1205 regione
699 1156 948 1204 respondent,
973 1154 1042 1190 sed
1070 1153 1272 1200 aliquando
1300 1153 1562 1191 demissiorem
1582 1157 1636 1191 lo-

197 1227 281 1253 cum
300 1215 457 1260 habent,
478 1213 645 1250 secundo
666 1213 795 1251 versui
818 1223 928 1260 quam
949 1212 1071 1258 primo
1092 1211 1320 1257 propiorem.
1349 1210 1412 1246 Ad
1433 1210 1506 1247 hoc
1525 1222 1635 1249 acee-

199 1273 274 1319 dit,
292 1270 413 1319 quod,
433 1272 464 1307 si
485 1269 534 1306 ad
556 1270 716 1317 primum
738 1280 891 1306 versum
911 1268 1162 1314 pertinerent,
1183 1267 1400 1303 necessario
1421 1268 1503 1304 eius
1523 1268 1634 1304 finem

199 1337 385 1374 occupare
406 1327 597 1363 deberent.
633 1325 711 1363 Sed
738 1336 851 1372 quum
881 1324 1073 1360 secundus
1101 1334 1236 1359 versus
1266 1323 1421 1369 incipiat
1437 1335 1460 1359 a
1489 1325 1637 1372 syllaba

199 1384 299 1428 NIS,
331 1384 571 1430 perspicuum
603 1386 661 1418 est
688 1382 726 1417 in
749 1381 823 1417 fine
852 1391 985 1416 versus
1013 1381 1124 1427 primi
1156 1390 1231 1415 non
1260 1380 1379 1415 fuisse
1411 1380 1534 1426 RUM,
1566 1381 1636 1417 sed

200 1438 326 1486 MAG,
349 1450 422 1486 quo
441 1439 585 1486 mayaeais
604 1437 774 1473 efficitur.
811 1437 916 1481 Quae
944 1435 1183 1472 difficultates
1207 1435 1396 1482 quomodo
1416 1440 1453 1471 et
1476 1441 1580 1473 ortae
1601 1442 1638 1474 et

202 1495 389 1533 tollendae
416 1496 510 1538 sint,
538 1494 592 1529 sic
626 1494 715 1530 mihi
742 1493 877 1529 videor
906 1492 1089 1539 expedire
1122 1503 1253 1539 posse.
1293 1491 1445 1529 Scilicet
1475 1494 1639 1542 vestigia

203 1553 310 1588 trium
329 1551 476 1587 illarum
494 1550 696 1586 litterarum
716 1549 820 1586 haud
838 1550 970 1596 procul
990 1561 1013 1585 a
1032 1548 1141 1595 primi
1168 1559 1304 1584 versus
1331 1549 1435 1585 initio
1463 1560 1539 1585 non
1566 1550 1638 1587 du-

202 1611 291 1646 cunt
309 1607 359 1644 ad
378 1607 485 1651 IUM,
506 1606 607 1653 quod
626 1607 746 1642 Maius
764 1607 928 1653 putavit,
944 1605 1015 1641 sed
1035 1605 1085 1641 ad
1112 1605 1233 1649 RUM,
1265 1609 1304 1640 ut
1335 1606 1457 1643 cuivis
1483 1607 1637 1653 patebit,

204 1664 268 1711 qui
285 1664 446 1700 tabulam
468 1662 610 1699 codicis
629 1663 713 1698 Vat.
733 1661 1043 1710 lithographicam
1062 1662 1284 1707 inspexerit.
1329 1662 1579 1706 Quae-autem
1600 1664 1637 1699 in

203 1720 371 1767 margine
394 1719 567 1766 leguntur
585 1718 743 1755 eaedem
768 1719 932 1762 litterae,
960 1728 1035 1754 non
1064 1730 1086 1754 a
1113 1718 1262 1754 librario
1286 1718 1430 1754 codicis
1459 1725 1638 1757 exaratae

205 1780 309 1824 sunt,
327 1786 449 1822 neque
469 1775 519 1812 ad
540 1774 706 1812 Sallustii
727 1779 866 1811 textum
885 1775 1087 1821 pertinent,
1110 1774 1180 1810 sed
1207 1775 1254 1811 ab
1286 1785 1362 1810 uno
1393 1786 1543 1820 eorum,
1575 1777 1639 1823 qui

206 1832 270 1868 diu
299 1837 383 1868 ante
410 1832 548 1867 Maium
575 1830 668 1866 haee
697 1832 921 1877 Fragmenta
949 1831 1251 1878 descripserunt,
1286 1832 1445 1878 margini
1466 1833 1639 1878 appietae

206 1891 312 1931 sunt,
334 1899 408 1933 quo
429 1887 573 1923 facilius
598 1887 669 1922 isto
688 1886 801 1922 modo
825 1888 980 1922 formam
1000 1887 1203 1922 litterarum
1223 1887 1261 1922 in
1280 1886 1363 1932 ipso
1382 1898 1499 1923 versu
1516 1889 1639 1934 primo

206 1942 446 1981 residuarum
467 1943 678 1978 extricaret.
737 1943 830 1978 Hinc
857 1942 968 1977 etiam
1003 1943 1138 1977 factum
1175 1947 1251 1987 est,
1281 1946 1319 1977 ut
1344 1943 1571 1981 Niebuhrius
1602 1945 1640 1980 in

209 1998 427 2045 apographo
457 1998 506 2033 ad
526 1998 786 2044 Kreyssigium
805 1999 921 2040 misso
951 1999 1091 2033 nullam
1117 2008 1246 2034 earum
1268 1999 1452 2035 rationem
1470 1999 1640 2037 haberet.

209 2054 275 2090 His
294 2053 501 2100 profligatis
527 2053 575 2088 de
604 2053 792 2100 explenda
818 2055 956 2089 lacuna
974 2053 1199 2090 videbimus.
1242 2055 1297 2090 De
1315 2057 1545 2102 profectione
1565 2058 1641 2094 Va-

210 2110 292 2146 rinii
323 2113 453 2146 contra
479 2110 676 2156 fugitivos,
705 2111 766 2156 qui
795 2110 929 2146 castris
951 2120 994 2145 se
1014 2114 1201 2155 tenerent,
1228 2111 1301 2147 hoc
1331 2112 1415 2149 loco
1438 2114 1502 2161 agi
1526 2114 1642 2150 nemi-

210 2177 295 2202 nem
321 2166 428 2212 sugit.
464 2165 554 2202 Inde
581 2165 826 2213 Kreyssigius
854 2166 893 2201 in
917 2166 1066 2213 Fragm.
1094 2167 1266 2204 Vaticani
1293 2168 1456 2205 editione
1483 2181 1517 2206 a.
1549 2173 1642 2210 1829

210 2226 343 2269 parata
362 2221 540 2258 coniecit:
564 2233 677 2268 „cum
704 2223 938 2269 volentibus,
959 2233 1114 2259 numero
1136 2227 1308 2270 quattuor
1332 2226 1504 2270 millium,
1518 2229 1645 2275 per-92⁶1

210 2278 262 2314 ad
281 2281 407 2313 castra
424 2278 568 2325 maynis
590 2278 764 2325 operibus
779 2278 1049 2315 eommm1ita.“
1082 2279 1160 2316 Sed
1186 2280 1275 2317 huie
1294 2282 1545 2318 emendationi
1566 2294 1642 2319 non

213 2334 333 2370 solum
354 2335 475 2370 obstat
493 2335 588 2371 falsa
607 2335 700 2371 ratio
719 2335 924 2371 litterarum
942 2335 1042 2380 lUM,
1063 2336 1134 2372 sed
1153 2338 1265 2373 etiam
1284 2342 1412 2375 castra
1433 2340 1514 2375 sine
1538 2341 1642 2387 geni-

213 2391 287 2426 tivo
321 2390 462 2436 posita,
500 2401 595 2437 quae
622 2391 721 2427 nude
758 2401 833 2426 non
857 2396 1018 2438 possunt
1047 2392 1096 2428 de
1125 2394 1366 2440 fugitivorum
1402 2396 1535 2431 castris
1565 2396 1639 2432 dici

211 2450 273 2482 aut
293 2446 461 2492 intelligi.
487 2446 587 2481 Idem
607 2451 740 2492 postea
761 2448 800 2483 in
825 2445 1071 2484 commentat.
1098 2460 1131 2485 a.
1161 2453 1265 2488 1835.
1289 2450 1392 2487 edita
1420 2453 1642 2490 sententiam

213 2512 319 2538 suam
342 2502 391 2537 ita
410 2502 644 2546 reformavit,
667 2507 704 2538 ut
723 2503 962 2541 scribendum
980 2510 1170 2541 censeret:
1192 2517 1302 2551 „cum
1322 2508 1398 2542 vol.
1424 2519 1525 2544 num.
1542 2514 1642 2555 quat.

213 2558 370 2602 milium,
384 2559 509 2605 peryit
528 2558 580 2594 ad
598 2561 725 2594 castra
739 2558 972 2606 fuoitivorum
991 2562 1135 2608 maqnis
1157 2574 1218 2609 op.
1238 2563 1512 2611 communita“‚
1531 2575 1643 2611 quam

214 2614 465 2650 coniecturam
487 2613 703 2654 Gerlachius
729 2615 768 2651 in
792 2614 855 2651 ed.
873 2616 962 2652 min.
991 2618 1146 2664 recepit.
1188 2619 1295 2662 Quae
1321 2630 1547 2667 quamquam
1568 2632 1643 2657 uno

213 2670 362 2706 nomine
381 2671 505 2717 priore
524 2674 709 2718 praestat,
729 2674 854 2707 tamen
873 2677 1026 2719 propter
1054 2684 1119 2718 ea,
1150 2685 1246 2720 quae
1274 2685 1390 2722 supra
1412 2676 1461 2712 de
1485 2677 1643 2723 syllabis

211 2725 298 2762 IUM
316 2730 353 2762 et
377 2725 482 2762 RUM
501 2727 732 2772 monuimus,
763 2727 865 2763 nullo
892 2728 1007 2765 modo
1036 2730 1123 2766 ferri
1151 2733 1295 2778 potest,
1317 2741 1361 2768 ae
1380 2737 1575 2779 praeterea
1596 2743 1641 2767 eo
