1774 3002
151 155 235 199 174
628 162 668 200 C.
696 163 927 202 SALLUSTI
955 164 1105 204 CRISPI

289 287 358 331 54.
411 284 500 331 Sed
537 286 808 334 Mithridates
847 291 1043 335 extrema
1086 290 1272 350 pueritia
1312 305 1499 352 regnum
1529 291 1603 337 in-

153 382 364 428 gressus,
397 372 535 414 matre
566 385 739 417 veneno
770 371 1010 418 interfecta.

291 455 359 498 55.
419 452 689 500 Mithridates
723 454 932 515 [auclore
974 455 1212 517 Sallustio]
1251 460 1294 503 et
1340 458 1519 504 fratrem
1558 460 1602 503 et

154 548 352 580 sororem
380 535 550 587 occidit.

154 672 252 708 unde
274 673 470 720 Ampelius
494 683 562 709 sua
582 671 714 718 habet,
748 675 770 709 i.
792 685 825 710 e.
846 685 892 710 ex
914 674 1104 720 Sallustio,
1134 675 1269 712 hausta
1289 676 1476 722 videntur,
1505 687 1600 723 quae

154 729 264 765 tradit
283 730 416 767 Florus
436 730 495 774 111,
518 734 607 774 5,1.
638 729 879 768 Ponticarum
900 733 1058 779 qemium
1082 737 1190 780 atque
1208 734 1395 781 reqionum
1413 743 1488 770 rex
1507 735 1600 769 anti-

153 787 348 834 quissimus
365 787 518 831 Aeetas,
540 791 650 835 post
676 788 965 833 Artabazes,
997 801 1020 824 α
1050 795 1223 838 septem
1243 789 1414 826 Persis
1439 791 1601 828 oriun-

154 843 261 884 dus‚·
287 844 397 880 inde
415 843 745 889 Mithridates,
767 846 925 881 omnium
943 846 1047 911 lopye
1065 847 1263 882 maximus.
1302 847 1349 882 cf.
1371 847 1534 894 Appian.
1554 846 1598 883 B.

155 899 278 936 Mithr.
302 912 335 936 c.
358 905 436 946 112,
456 902 503 936 ἰη.
534 892 647 936 Kat‘
632 913 653 937 o
654 894 939 964 Μιθριδάτης
962 894 1216 951 ἀπέθνησκεν
1244 898 1602 947 ἑκκαιδέκατος

155 947 293 994 ωνέκ
314 955 537 1008 Δαρείου
558 956 642 993 τοῦ
654 948 931 996 ιὙστάσπου
956 958 1124 1009 Περσῶν
1142 956 1343 1009 βασιλέως.
1518 984 1522 985 ⁷

266 1015 327 1051 Fr
351 1018 410 1053 54.
457 1013 573 1060 [cort.
604 1026 643 1061 p.
667 1017 770 1054 1007.
809 1016 908 1052 Gerl.
937 1016 999 1054 ed.
1026 1016 1113 1052 mai.
1145 1017 1222 1053 Ine.
1249 1021 1328 1055 101.
1349 1016 1409 1054 ed.
1428 1017 1518 1055 min.
1541 1016 1600 1061 ΙΙΙ,

153 1072 214 1110 35.
233 1081 271 1118 p.
290 1073 373 1116 217,
395 1073 453 1109 16.
499 1070 608 1107 Debr.
629 1071 688 1117 ΙΙΙ,
719 1074 773 1118 3.]
817 1073 943 1108 Verba
963 1077 1108 1109 exstant
1139 1073 1239 1120 apud
1273 1072 1384 1110 Serv.
1416 1073 1466 1108 ad
1495 1073 1598 1120 Virg.

154 1129 251 1165 Aen.
281 1128 330 1173 V,
359 1131 442 1168 295.
475 1128 555 1165 sine
590 1129 671 1172 lihri
702 1135 808 1173 nota3
847 1129 914 1165 sed
936 1140 982 1164 ea
1010 1129 1083 1167 huc
1113 1131 1297 1176 pertinere
1328 1129 1379 1166 ad
1398 1130 1460 1166 Fr.
1491 1141 1600 1176 supe-

155 1185 233 1222 rius
255 1184 611 1222 demonstravimus.
635 1205 683 1210 -
716 1185 898 1223 Extrema
911 1187 1087 1233 pueritia,
1110 1187 1134 1222 i.
1156 1198 1190 1225 e.
1220 1186 1415 1233 pueritiam
1433 1186 1598 1228 nondum

154 1242 265 1288 plane
297 1253 491 1290 egressus.
550 1241 654 1278 Idem
684 1242 746 1278 alii
768 1243 936 1287 tradunt,
968 1254 1015 1279 ex
1046 1244 1180 1290 quibus
1213 1242 1345 1280 Strabo
1375 1242 1424 1279 X.
1448 1254 1487 1290 p.
1516 1243 1599 1282 732.

155 1299 204 1337 Α.
225 1299 362 1335 Almel.
395 1298 526 1335 aetatis
555 1309 652 1335 anno
688 1299 901 1344 undecimo,
930 1300 1132 1347 Eutropius
1162 1299 1231 1343 VI,
1263 1303 1328 1343 12,
1358 1303 1475 1344 extr.,
1508 1299 1598 1337 duo-

157 1354 325 1401 decimo,
355 1356 520 1403 Appian.
551 1355 593 1392 B.
633 1355 797 1394 Mithrid.
827 1367 861 1392 c.
893 1360 980 1401 112,
1010 1357 1062 1392 in.
1091 1358 1154 1393 vel
1189 1355 1389 1394 undecimo
1414 1351 1477 1392 vel
1506 1355 1599 1392 duo—

155 1412 325 1458 decimo,
356 1413 506 1450 Memno
532 1422 592 1459 ap.
622 1412 727 1450 Phot.
756 1425 792 1461 p.
823 1416 907 1452 230.
941 1415 976 1450 Ι).
1009 1413 1068 1449 ed.
1107 1413 1272 1450 Bekker.
1308 1412 1455 1450 decimo
1493 1413 1598 1449 tertio

155 1480 312 1517 regnum
334 1481 419 1505 eum
440 1468 560 1507 adiise
583 1475 804 1507 memorant.
841 1490 889 1496 —
923 1470 1090 1517 Reqnum
1115 1470 1305 1518 inyredi
1334 1469 1395 1506 hic
1430 1474 1489 1506 est
1515 1479 1597 1506 m

154 1528 291 1574 cipere,
312 1526 438 1567 adire.-
467 1527 514 1562 cs.
540 1527 691 1572 Quintil.
716 1528 788 1572 Vl,
821 1532 860 1572 1,
889 1530 947 1566 35
1009 1527 1135 1564 Cicero
1159 1528 1368 1574 persuasit,
1401 1526 1496 1564 nihil
1518 1535 1599 1563 exse

155 1584 295 1629 utilius,
328 1595 439 1631 quam
467 1583 593 1630 pridie
611 1582 804 1621 Kalendas
828 1583 1033 1620 Ianuarias
1063 1583 1256 1632 inyredi
1282 1583 1598 1621 consulatum.

157 1660 207 1666 —
235 1640 289 1675 De
316 1644 435 1675 matre
461 1650 596 1676 veneno
629 1640 867 1691 interfecta
855 1641 902 1676 cf.
927 1641 1077 1688 Appian
1108 1641 1151 1676 Β.
1175 1639 1299 1677 Mithr.
1329 1652 1364 1678 e.
1387 1644 1472 1685 112,
1503 1644 1598 1677 extr.

160 1687 332 1740 Φονικὸς
347 1691 389 1734 δὲ
408 1691 477 1733 καὶ
489 1686 596 1759 ὦμὸς
610 1691 648 1740 ἐς
662 1689 813 1742 πάντας
840 1691 911 1745 η’ν,
942 1692 1029 1733 καὶ
1056 1687 1144 1745 τὴν
1171 1692 1364 1764 μητέρα
1380 1692 1596 1742 ἔκτεινε,

155 1765 222 1793 και
260 1742 340 1791 τὸν.
355 1742 548 1801 ἀδελφὸν,
586 1748 653 1791 καὶ
683 1752 762 1790 τῶν
789 1750 945 1790 παίδων
972 1752 1073 1816 τρεῖς
1104 1744 1216 1797 υἱοὺς
1243 1748 1311 1790 καὶ
1338 1751 1439 1815 τρεῖς
1466 1752 1597 1815 θυγα-

154 1805 282 1872 τέρας.
339 1810 489 1847 Memno
518 1820 580 1857 ap.
612 1809 716 1847 Phot.
745 1811 769 1845 Ι.
801 1811 827 1846 1.
889 1801 1164 1853 Φονικωτατος
1183 1798 1221 1845 δ’
1240 1804 1284 1845 ἐκ
1305 1800 1446 1853 παιδὸς
1467 1799 1490 1845 ὁ
1509 1808 1596 1846 Ma-

154 1859 349 1935 θριδατης
377 1854 442 1916 ἦν.
500 1859 574 1929 τὴν
610 1857 688 1916 γὰρ
718 1857 844 1917 ἀρχὴν
874 1858 1210 1929 τριςκαιδεκαὲτης
1244 1856 1486 1928 παραλαβὼν
1509 1855 1594 1913 μετ’

156 1919 206 1961 οὐ
236 1916 338 1962 πολὺ
366 1918 440 1973 τὴν
467 1916 615 1988 μητέρα
649 1920 896 1986 Beguqtnoiq»
926 1914 1131 1972 κατασχὼν
1155 1919 1223 1974 βία
1249 1917 1316 1959 nat
1351 1914 1481 1974 χρόνῳ
1508 1916 1595 1969 ἐξα-

156 1973 326 2028 vailence,
359 1977 426 2019 καὶ
454 1972 523 2019 τὸν
547 1971 725 2029 ἀδελφὸν
752 1970 966 2020 ἀπέκτεινε.

270 2038 331 2076 Fr.
358 2042 415 2076 55.
474 2037 602 2087 [Deest
633 2037 735 2085 apud
773 2036 893 2082 Cort.,
938 2037 1039 2073 Gerl.
1069 2040 1106 2073 et
1137 2033 1263 2084 Debr.]
1321 2035 1597 2082 Fragmentum,

158 2094 259 2142 quod
280 2106 414 2131 recens
435 2095 582 2132 accedit
603 2106 650 2130 ex
671 2094 799 2131 Schol.
821 2094 985 2131 Gronov.
1015 2093 1065 2129 ad
1089 2091 1166 2131 Cic.
1197 2103 1235 2139 p.
1267 2093 1290 2129 l.
1308 2091 1407 2128 Man.
1429 2102 1462 2128 c.
1482 2095 1518 2136 9,
1538 2095 1584 2131 22

157 2152 243 2188 Vol.
274 2152 318 2188 ΙΙ.
338 2163 375 2199 p.
396 2155 479 2191 439.
502 2151 636 2196 Orell.,
659 2151 845 2187 artissime
867 2150 1043 2187 cohaeret
1063 2161 1148 2186 eum
1169 2149 1393 2196 superior-«³5
1414 2159 1502 2186 nam
1523 2158 1596 2194 quo

157 2208 240 2244 loco
264 2212 392 2244 auctor
420 2214 575 2244 matrem
602 2219 623 2244 a
643 2207 854 2244 Mithridate
881 2207 1110 2243 interfectam
1141 2205 1325 2250 narravit,
1359 2204 1493 2242 eodem
1517 2204 1598 2243 stne

157 2264 272 2302 dubio
281 2265 392 2301 etiam
407 2270 614 2305 ceterorum
623 2265 917 2312 propinquorum
930 2262 1087 2300 eaedem
1098 2262 1217 2299 abillo
1228 2263 1362 2299 tactam
1375 2270 1599 2300 commemo·

158 2322 268 2361 ravit.
284 2321 338 2358 De
355 2322 466 2357 tratre
484 2321 583 2357 idem
604 2325 757 2358 testatur
772 2317 968 2368 Appianus
983 2324 1018 2355 ct
1033 2320 1181 2356 Memno
1202 2319 1240 2355 ll.
1259 2317 1473 2356 11..Sorores
1486 2316 1596 2359 duas,

159 2389 235 2416 non
254 2389 380 2423 unam,
400 2390 422 2415 a
436 2377 648 2415 Mithridate
670 2378 880 2413 intersectas
902 2388 988 2412 esse
1010 2375 1121 2413 tradit
1137 2376 1232 2412 Plut.
1249 2376 1286 2411 in
1300 2375 1442 2414 Lucull.
1460 2376 1563 2412 c.18.

270 2436 332 2476 Fr.
361 2439 419 2475 56.
469 2434 589 2481 [Cort.
617 2446 655 2481 p.
678 2436 782 2472 1004.
817 2433 915 2469 Gert.
944 2432 1006 2469 ed.
1030 2434 1116 2469 mai.
1146 2432 1223 2468 Ine.
1245 2435 1305 2471 55.
1335 2431 1396 2469 ed.
1423 2430 1512 2467 min.
1535 2429 1595 2473 111,

159 2494 220 2533 36.
241 2502 280 2540 p.
300 2494 383 2538 217,
403 2495 460 2531 18.
482 2491 592 2528 Debr.
613 2491 676 2535 III,
698 2491 750 2535 4.]
792 2491 912 2526 Locus
934 2493 1056 2526 exstat
1077 2488 1178 2536 apud
1193 2488 1344 2534 Quintil.
1354 2486 1448 2532 vlu,
1467 2489 1504 2531 3,
1521 2488 1595 2530 82,

159 2549 292 2588 allatus
317 2553 355 2586 ut
377 2549 590 2596 exemplum
610 2547 814 2590 brevitatis,
839 2558 934 2594 quae
954 2548 1063 2593 plura
1074 2546 1207 2593 paucis
1229 2545 1505 2592 complectatur.
1541 2542 1595 2578 Ea

159 2608 322 2643 cernitur
342 2606 380 2643 in
401 2605 527 2642 verbis
542 2603 743 2653 perinde
764 2607 943 2648 armatus,
964 2614 1122 2649 quorum
1145 2612 1279 2638 sensus
1302 2600 1364 2637 hic
1381 2603 1460 2636 est:
1481 2599 1596 2635 armis

160 2674 253 2700 usus
281 2663 478 2710 vulgarem
507 2658 777 2699 excedentibus
796 2660 949 2697 modum
976 2664 1013 2696 et
1042 2659 1184 2706 ingenti
1216 2657 1386 2704 eorporis
1414 2655 1597 2702 magnitu-

161 2718 239 2756 dini
259 2720 565 2766 congruentibus.
623 2716 766 2757 Eodem
791 2716 905 2754 modo
934 2717 1080 2753 loeutus
1106 2720 1164 2752 est
1181 2715 1281 2753 Flor.
1302 2713 1336 2758 l,
1362 2715 1417 2757 13,
1441 2713 1478 2750 4.
1508 2711 1595 2749 Gal-

159 2777 278 2813 lorum
298 2786 389 2823 aens
406 2779 544 2813 natura
561 2775 697 2823 ferox,
726 2773 886 2810 moribus
909 2773 1110 2818 incondita,
1135 2771 1188 2808 ad
1204 2769 1274 2807 hoc
1295 2770 1310 2804 i
1310 2778 1400 2816 psa
1422 2778 1595 2815 corpo-
