1774 3002
464 166 791 204 HISTORIARUM
820 165 1132 203 FRAGMENTA.
1190 165 1278 201 LIB.
1309 165 1337 201 1.
1571 161 1625 204 15

323 294 390 336 12.
429 289 499 335 Ex
525 304 615 350 quo
643 292 841 349 tempore
865 288 1078 335 maiorum
1104 302 1251 334 mores
1274 302 1363 334 non
1386 287 1624 348 paullatim,

186 374 234 416 ut
264 376 413 428 antea,
447 373 526 418 sed
556 373 761 419 torrentis
788 372 920 417 modo
949 371 1242 431 praecipitati3
1280 371 1392 416 adeo
1419 370 1624 415 iuventus

186 454 293 500 luxu
321 456 454 515 atque
481 456 666 501 avaritia
689 457 899 514 corrupta
916 458 1005 510 est,
1032 455 1095 499 uti
1123 454 1278 499 merito
1307 454 1496 508 dicatur,
1536 467 1625 513 ge-

186 535 301 581 nitos
325 550 450 592 esse,
482 538 555 598 qui
587 551 729 599 neque
759 538 840 598 ipsi
872 537 1033 582 habere
1062 540 1248 597 possent
1275 551 1348 582 res
1374 536 1623 591 familiares,

186 633 330 680 neque
357 619 468 665 alios
498 619 600 679 pati.
624 654 630 661 .

185 787 346 822 reficere
364 796 411 822 ac
429 787 526 823 tueri
539 785 698 822 studere.
726 784 799 820 Isto
824 783 948 828 modo,
979 789 1018 820 ut
1036 785 1109 821 hoc
1134 788 1228 830 utar,
1255 786 1378 821 bonus
1398 784 1494 820 civis
1514 783 1626 820 duce-

186 843 292 878 batur
311 843 494 889 Opimius,
514 843 576 888 qui
597 841 637 878 C.
657 840 867 877 Gracchum
886 842 1086 887 oppressit,
1105 843 1226 878 bonus
1246 842 1343 878 civis
1361 841 1515 885 Marius,
1537 840 1624 877 dum

187 899 364 935 nobilium
394 900 591 935 factionem
621 898 792 941 vexavit,
821 899 942 934 bonus
965 898 1063 934 civis
1088 899 1200 934 etiam
1221 898 1345 943 Sulla,
1372 898 1626 934 Marianarum

186 955 347 1001 partium
376 955 494 991 victor
521 954 818 990 crudelissimus.
838 970 893 978 -—
923 953 975 989 De
1000 965 1078 1001 pro
1108 955 1386 1001 praepositione
1415 965 1455 990 v.
1477 954 1528 990 ad
1547 955 1626 1002 lug.

185 1010 346 1055 XCVIII,
367 1014 407 1050 ὃ.
430 1022 468 1058 p.
488 1013 569 1048 525.
586 1030 643 1036 —
656 1011 864 1046 'Praeterea
883 1011 997 1046 totius
1016 1011 1216 1058 fragmenti
1234 1011 1568 1058 interpunctionem
1586 1011 1625 1047 in

187 1067 358 1103 onmibus
379 1067 456 1102 sere
471 1066 559 1113 eddr
578 1066 690 1102 valde
711 1065 987 1101 incommodam
1004 1068 1243 1113 mutavimus,
1265 1068 1426 1114 primum
1442 1068 1526 1103 colo
1540 1072 1627 1114 post

185 1127 267 1159 orla
287 1127 373 1161 eunt
390 1124 428 1159 in
456 1134 604 1159 comma
623 1126 781 1166 mutato,
809 1126 884 1158 tum
904 1128 1088 1159 commate
1107 1129 1194 1170 post
1211 1124 1438 1171 affectabant
1455 1124 1492 1159 in
1516 1124 1623 1160 semi·

186 1180 295 1216 colon
315 1190 523 1225 converso,
545 1179 682 1215 deinde
704 1179 882 1215 semieoto
901 1183 989 1225 post
1006 1183 1194 1227 corruptis
1211 1182 1356 1228 posito,
1385 1180 1548 1227 denique
1568 1191 1627 1216 se-

187 1236 343 1282 micolo,
372 1236 475 1283 quod
493 1239 579 1283 post
594 1236 750 1273 validior
770 1235 856 1280 suit,
886 1236 925 1271 in
943 1247 1090 1272 comma
1111 1241 1264 1274 mutato.
1302 1238 1406 1273 Patet
1423 1237 1525 1273 enim
1545 1238 1624 1273 cla-

187 1292 335 1329 rissime
345 1293 463 1330 verba
474 1293 625 1329 dum—
633 1292 860 1339 affectabant
872 1292 923 1328 ad
941 1303 1168 1340 praegressa
1181 1294 1403 1331 illustranda
1414 1294 1602 1341 pertinere
1613 1304 1625 1338 ;

188 1359 283 1395 quae
304 1354 507 1396 sequuntur
534 1349 686 1396 bonique
713 1352 748 1385 et
774 1350 863 1384 mali
879 1351 975 1385 cives
1002 1354 1070 1387 etc.
1093 1351 1270 1396 quoniam
1289 1362 1364 1386 non
1383 1350 1548 1397 pendent
1576 1361 1625 1387 ex

186 1405 272 1441 dum
298 1406 500 1452 particula,
530 1405 600 1441 sed
618 1416 757 1441 novam
786 1405 1004 1441 sententiam
1031 1406 1211 1452 inserunt,
1242 1408 1457 1447 necessario
1483 1408 1626 1444 maiore

187 1461 480 1508 interpunctione
501 1461 765 1508 distinguenda
786 1466 892 1506 sunt;
918 1471 988 1508 que
1005 1466 1128 1498 autem
1148 1474 1222 1500 non
1243 1464 1459 1510 simpliciter
1477 1465 1627 1511 copulat

189 1519 404 1563 sententias,
431 1518 501 1555 sed
520 1518 671 1562 indIcass
695 1518 747 1563 id,
775 1518 878 1565 quod
898 1518 1061 1563 additur,
1090 1530 1138 1555 ex
1157 1520 1471 1567 praecedentibus
1494 1531 1627 1557 conse-

189 1574 345 1609 ctarium
363 1585 450 1611 esse
469 1575 709 1621 (germanice
729 1575 808 1611 und
823 1575 906 1610 dem
922 1586 971 1611 zu
987 1575 1145 1623 dee),
1176 1587 1287 1623 quem
1307 1588 1417 1614 usum
1436 1577 1625 1624 tetigimus

187 1629 239 1666 ad
259 1629 337 1666 Cat.
357 1631 417 1676 111,
445 1635 483 1669 5.
504 1642 543 1678 p
561 1635 620 1669 22.
651 1631 732 1678 Iug-
750 1630 864 1675 XCV,
883 1634 919 1670 4:
958 1632 1152 1669 Postremo
1172 1634 1360 1680 oppositio
1380 1638 1556 1681 spectans
1575 1633 1626 1670 ad

187 1687 306 1723 verba
322 1697 398 1724 non
415 1687 460 1723 ob
479 1689 607 1723 nter-ua
627 1689 665 1723 in
683 1687 860 1735 rempubl.
886 1698 961 1723 non
991 1688 1185 1726 conficitur
1215 1691 1307 1726 solis
1335 1691 1463 1728 verbis
1486 1691 1556 1727 sed
1575 1692 1629 1727 uti

187 1744 403 1790 quisque—
419 1744 598 1788 madiam
629 1743 699 1780 sed
727 1744 874 1781 variata
901 1745 1086 1781 structura
1114 1746 1414 1810 amplificataque
1436 1747 1626 1784 sententia

189 1798 334 1844 omnia,
356 1810 452 1846 quae
473 1805 695 1847 sequuntur,
718 1811 787 1847 pro
807 1801 1043 1847 oppositione
1062 1803 1267 1849 superioris
1288 1805 1495 1840 sententiae
1518 1808 1624 1849 sunt3

187 1854 287 1890 unde
306 1855 531 1903 intelligitur,
555 1867 676 1903 neque
694 1857 789 1892 haec
813 1856 979 1904 disiungi
997 1870 1125 1904 posse,
1153 1864 1190 1895 et
1206 1860 1473 1907 praecedentia
1490 1862 1625 1905 (omni-

188 1910 255 1947 bns
264 1913 416 1958 pariter
433 1915 643 1960 com-aptis)
664 1914 830 1959 separari
852 1913 1002 1951 debere.

299 1968 361 2005 Fr.
382 1971 439 2006 12.
458 1968 576 2012 [Cort.
592 1981 631 2015 p.
645 1971 728 2007 935.
748 1970 847 2005 Gerl.
865 1969 929 2005 ed.
944 1971 1031 2006 mai.
1046 1971 1081 2014 1,
1097 1973 1133 2008 9.
1150 1971 1211 2006 ed.
1235 1972 1325 2006 min.
1345 1971 1379 2015 Ι,
1400 1974 1458 2010 13.
1482 1983 1520 2018 p.
1542 1974 1623 2016 183,

188 2024 248 2059 28.
267 2023 379 2059 Debr.
400 2024 426 2066 1,
450 2025 524 2068 14.]
553 2023 654 2059 Haec
670 2026 787 2061 verba
807 2027 853 2060 ab
872 2026 1084 2072 Augustino
1103 2026 1150 2062 de
1172 2025 1253 2063 Civ.
1275 2028 1343 2063 Dei
1358 2027 1401 2071 11,
1433 2031 1480 2067 18
1499 2032 1536 2065 et
1557 2029 1624 2064 ali·

191 2088 264 2124 qua
286 2089 335 2114 ex
354 2083 459 2125 parte
479 2079 592 2115 etiam
610 2080 660 2124 Π,
692 2084 747 2119 19.
771 2085 807 2116 et
831 2081 884 2125 II,
904 2084 962 2119 22.
979 2087 1131 2119 servata
1158 2094 1290 2119 omnes
1311 2083 1477 2121 editores
1495 2085 1626 2122 Douza

191 2138 344 2170 auctore
362 2135 602 2181 praecedenti
626 2137 833 2183 fragmento
856 2137 1076 2174 adiunxere.
1135 2138 1214 2176 Sed
1234 2151 1459 2187 quamquam
1481 2145 1624 2178 certum

189 2189 339 2239 videtur
364 2192 403 2227 in
428 2191 592 2229 confinio
618 2193 715 2228 illius
742 2194 814 2229 loci
842 2194 944 2240 apud
966 2193 1182 2231 Sallustium
1203 2197 1301 2232 lecta
1328 2197 1467 2242 ruisse,
1496 2202 1623 2235 tamen

190 2256 267 2281 non
293 2246 510 2284 cohaesisse
541 2259 625 2284 cum
658 2259 703 2284 eo
736 2260 785 2285 ex
811 2252 1016 2287 sententiae
1053 2253 1198 2288 ratione
1234 2253 1470 2300 perspicitur.
1526 2255 1623 2291 Nam

193 2304 308 2338 verba
326 2313 378 2339 ea:
391 2314 462 2350 quo
484 2308 645 2351 tempore
667 2306 767 2342 nullo
786 2311 897 2353 pacto
917 2313 1077 2354 possunt
1105 2308 1155 2344 ad
1184 2309 1445 2346 antecedentia
1476 2311 1621 2355 reterri,

191 2359 325 2404 quibus
347 2363 384 2394 et
395 2370 603 2405 paucorum
618 2362 817 2398 dominanti
840 2364 1023 2410 cupiditas
1043 2368 1079 2400 et
1091 2376 1200 2411 quam
1216 2376 1398 2412 per-verso
1420 2377 1523 2404 more
1541 2368 1625 2403 boni

190 2415 286 2450 cives
299 2416 477 2461 appellati
490 2416 633 2462 fuerint
651 2419 856 2465 explicatur
867 2448 883 2463 ,.
905 2424 1054 2467 tempus
1076 2432 1169 2457 vero
1185 2427 1329 2458 certum
1349 2434 1426 2459 non
1446 2423 1623 2471 designa-

192 2474 261 2507 tur.
319 2471 455 2507 Contra
473 2472 586 2509 huius
605 2475 802 2522 fragmenti
824 2486 960 2512 sensus
980 2477 1031 2512 ita
1051 2482 1290 2524 comparatus
1314 2484 1383 2524 est,
1402 2483 1441 2516 ut
1461 2491 1622 2516 necesse

193 2527 242 2562 sit
274 2527 310 2562 in
338 2528 668 2567 antecendentibus
707 2532 752 2567 de
780 2534 923 2568 caussis
959 2533 1133 2569 lum-iae
1161 2538 1195 2570 et
1220 2535 1452 2581 perditorum
1481 2547 1622 2573 morum

193 2581 331 2619 dictum
350 2584 489 2628 fuisse,
521 2586 721 2623 occasione
749 2599 794 2624 ac
825 2592 992 2634 tempore
1020 2588 1132 2625 huius
1158 2592 1393 2637 corruptelae
1418 2594 1529 2629 simul
1547 2603 1624 2628 me-

194 2643 357 2684 morat03
384 2650 505 2687 neque
524 2642 676 2678 multum
696 2654 719 2679 a
735 2655 828 2680 vero
850 2646 1100 2689 aberraverit,
1129 2646 1191 2692 qui
1211 2648 1406 2692 coniiciat,
1432 2650 1522 2685 talia
1543 2650 1621 2684 sere

191 2695 362 2740 proxime
380 2697 652 2742 antecessisse,
672 2700 797 2745 qualia
816 2699 1086 2741 Sallustiusde
1108 2701 1240 2738 cadem
1261 2714 1302 2738 re
1322 2705 1359 2739 in
1380 2703 1483 2740 Catil.
1502 2715 1536 2739 c.
1558 2704 1620 2738 XI.

193 2748 273 2788 ΧΠ.
302 2755 338 2788 et
355 2751 448 2788 XIII.
468 2752 656 2789 disseruit.
714 2754 836 2799 Quare
869 2768 983 2802 quum
1022 2751 1070 2792 ne
1099 2758 1252 2795 minima
1278 2753 1429 2806 ‹iuidern
1468 2765 1621 2796 externa
