1774 3002
133 126 215 169 154
554 117 557 119 “
619 133 658 169 c,
691 132 921 172 SALLUsn
950 131 1101 171 CRJSPI

266 260 335 302 48.
387 257 597 319 Multique
608 260 878 303 commeatus
899 257 1151 304 interierant
1163 257 1332 304 insidiis
1346 258 1576 304 latronum.

242 419 393 465 imperio
414 418 632 454 continenda
649 417 740 464 fuit)
778 418 898 463 Quum
920 419 957 453 in
978 418 1221 465 palimpsesto
1242 418 1496 454 tantummodo
1514 429 1580 455 ex-

130 477 201 510 stet
221 473 480 511 IMPERIOCO
504 501 512 509 .
533 501 542 509 .
562 501 571 509 .
596 474 888 519 NENDAFUIT,
918 475 1083 510 Pertzius
1108 476 1280 511 lacunam
1302 474 1357 511 sic
1379 475 1579 521 supplevit,

129 534 168 566 ut
193 531 374 567 scriberet
392 532 545 579 imperio
575 532 891 579 componenda
917 530 1000 578 fuit.
1052 531 1128 568 Sed
1154 542 1379 578 quamquam
1401 535 1502 567 recte
1525 531 1580 567 di-

129 588 225 623 citur
253 597 335 631 res,
367 587 647 635 rempublicam,
679 592 819 624 terram
846 598 1065 635 componere
1093 589 1160 633 (cf.
1184 587 1261 624 Cic.
1293 587 1340 623 de
1369 587 1487 635 Legg.
1517 587 1577 634 ΙΙΙ,

130 648 187 688 18,
208 647 265 682 42.
293 645 373 681 Liv.
390 645 502 688 XLV,
521 646 576 689 16,
592 645 626 682 2.
652 644 767 680 Tacit.
788 645 885 680 Ann.
906 645 948 689 Il,
971 647 1004 689 4,
1029 649 1061 683 1.
1087 655 1181 691 quos
1204 645 1309 680 locos
1332 644 1579 692 Kreyssigius

130 702 167 737 in
189 700 395 737 Comment.
422 713 460 748 p.
481 704 541 739 22.
571 701 726 746 attulit),
760 706 883 737 tamen
905 703 951 737 ab
973 701 1044 737 hoc
1072 702 1156 737 loco
1183 710 1401 748 componere
1420 702 1578 737 verbum

130 758 293 793 alienum
314 763 391 802 est,
422 758 483 794 ubi
505 757 714 804 quaestoris
737 759 881 794 romani
906 758 1103 804 imperium
1125 769 1210 794 cum
1233 756 1440 804 superioris
1462 757 1580 804 magi-

120 817 266 850 stratus
288 814 484 851 domestici
515 814 672 861 imperio
694 819 951 861 comparatur,
984 815 1046 861 qui
1069 817 1169 849 certe
1191 811 1363 861 Cyrenen
1386 824 1461 849 non
1480 824 1580 849 com-

129 875 320 918 posuerat.
365 871 520 915 Melius,
551 875 589 907 et
610 871 677 915 ita,
709 875 747 906 ut
772 871 819 906 de
841 872 996 908 veritate
1018 870 1293 906 emendationis
1315 870 1476 907 dubitari
1504 881 1579 906 non

128 928 268 975 possit,
306 929 552 976 Kreyssigius
582 929 605 963 l.
638 929 662 963 l.
692 929 860 974 reposuit
889 927 1105 964 continenda
1115 941 1126 967 ‚·
1156 938 1242 963 nam
1271 938 1384 974 quum
1411 937 1579 970 summus

131 984 403 1032 Cyrenensium
424 985 666 1032 magistratus
686 984 851 1030 modum,
877 985 938 1031 qui
962 984 1108 1020 senatui
1128 995 1285 1019 romano
1304 984 1483 1031 placeret,
1505 994 1578 1019 non

128 1042 323 1086 tenuisset,
337 1041 406 1077 sed
429 1042 542 1077 nimia
564 1042 714 1077 licentia
731 1041 874 1088 egisset
893 1045 930 1076 et
955 1041 991 1076 in
1013 1041 1118 1076 cives
1141 1041 1344 1076 insolenter
1365 1040 1578 1083 saeviisset,

129 1102 283 1135 senatus
302 1103 540 1145 quaestorem
563 1098 680 1142 misit,
712 1098 774 1144 qui
795 1108 932 1134 novam
954 1097 1188 1144 provinciam
1201 1097 1444 1144 prudentiore
1463 1098 1570 1143 impe-

127 1156 184 1192 rio
206 1166 281 1191 non
302 1158 555 1201 componeret,
577 1154 645 1190 sed
666 1158 879 1199 coerceret,
905 1155 927 1190 i.
953 1165 986 1189 e.
1010 1154 1218 1190 contineret.
1260 1154 1375 1190 Usum
1396 1153 1580 1189 continere

128 1212 234 1248 verbi
255 1212 500 1259 Kreyssigius
531 1212 626 1247 bene
658 1211 858 1247 illustravit
890 1211 1012 1247 allatis
1041 1210 1222 1256 exemplis
1246 1208 1326 1246 his:
1363 1209 1444 1246 Liv.
1467 1208 1578 1254 XLV,

127 1271 186 1313 37,
208 1273 243 1307 2.
272 1269 414 1304 Eadem
433 1269 608 1304 severitas
627 1269 790 1315 imperii,
821 1278 931 1314 quam
951 1277 1051 1303 nunc
1069 1267 1238 1308 oderunt,
1267 1269 1354 1302 tunc
1374 1275 1436 1301 eos
1465 1275 1579 1302 con—

129 1326 285 1361 tinuit.
338 1325 387 1360 ld.
407 1324 540 1369 XXIX,
563 1327 621 1370 36,
644 1328 702 1362 10.
733 1323 786 1359 M.
810 1323 997 1360 Cornelius
1015 1333 1089 1359 cos.
1111 1333 1186 1358 non
1205 1326 1279 1358 tam
1303 1323 1438 1366 armas,
1469 1333 1581 1369 quam

127 1383 344 1418 iudiciorum
381 1386 525 1417 terrore
553 1381 745 1417 Etruriam
779 1381 999 1416 continet.
1055 1378 1229 1423 XXXIX,
1257 1381 1324 1423 28,
1354 1382 1389 1417 2.
1425 1377 1581 1414 Multum

128 1439 180 1475 ad
198 1439 357 1486 reliquos
377 1438 601 1474 Macedones
629 1436 943 1474 continendos
969 1437 1178 1483 exemplum
1194 1435 1424 1483 pertinebat,
1458 1435 1520 1470 ubi
1539 1445 1578 1470 v.

129 1495 411 1532 Drakenborch.
435 1494 544 1531 Caes.
565 1494 606 1529 B.
631 1494 672 1530 G.
695 1493 742 1538 V,
763 1496 797 1538 3,
817 1496 852 1532 6.

145 1543 156 1552 ⁸
243 1552 447 1588 Praeterea
468 1552 695 1587 diversorum
715 1551 905 1594 ordinum)
951 1549 1061 1595 Quod
1090 1550 1126 1584 in
1146 1548 1323 1595 palimps.
1352 1548 1580 1595 conspicitur

130 1608 381 1644 PRAETERr
414 1634 423 1643 .
441 1635 450 1643 .
471 1634 480 1643 .
498 1635 506 1642 .
529 1606 793 1643 UERSORUM
823 1606 1017 1643 ORDINU.
1049 1606 1214 1642 Pertzius
1249 1605 1340 1641 satis
1369 1606 1465 1640 bene
1493 1615 1579 1651 sup-

128 1666 267 1712 plevit,
286 1665 357 1701 nisi
383 1663 483 1711 quod
498 1667 656 1710 praeter
675 1673 719 1699 ea
739 1663 890 1709 scripsit
910 1674 977 1709 pro
998 1666 1215 1709 praeterea.
1247 1660 1416 1696 Correxit
1438 1661 1476 1696 id
1501 1661 1579 1707 qui-

130 1721 216 1758 dem
236 1722 482 1769 Kreyssigius
505 1719 708 1756 Comment.
728 1731 766 1766 p.
791 1723 871 1763 22.;
904 1718 973 1755 sed
1003 1718 1104 1765 quod
1134 1717 1377 1763 sententiam,
1409 1728 1505 1763 quae
1526 1717 1579 1752 in-

130 1779 286 1824 tercidit,
317 1779 427 1814 talem
450 1778 525 1813 t'ere
546 1776 662 1812 fuisse
684 1776 916 1822 suspicatur:
940 1774 1144 1812 Praeterea
1164 1774 1391 1810 diversorum
1409 1773 1578 1809 ordiomm

128 1837 332 1876 certamina
367 1837 610 1877 exarserunt,
647 1832 687 1868 id
720 1843 793 1868 non
819 1832 935 1868 modo
975 1833 1177 1875 incertum,
1218 1830 1287 1866 sed
1313 1840 1359 1865 ne
1386 1829 1578 1877 probabile

131 1892 282 1940 quidem
315 1896 382 1928 est.
424 1891 502 1927 Hoc
531 1891 631 1926 enim
660 1890 691 1925 si
715 1889 873 1925 dixisset
894 1888 1116 1932 Sallustius,
1148 1888 1247 1923 nullo
1269 1890 1380 1933 pacto
1401 1897 1449 1922 ex
1469 1896 1579 1932 supe-

130 1950 228 1986 riore
259 1948 464 1993 sententia,
502 1958 576 1994 qua
608 1945 655 1981 de
691 1947 803 1982 rebus
833 1944 1110 1992 Cyrenensibus
1141 1943 1252 1987 dixit,
1289 1953 1357 1989 per
1378 1946 1580 1989 praeterea

84 2016 91 2019 “
128 2006 349 2054 particulam
364 2034 372 2049 ,
405 2016 478 2052 qua
498 2003 630 2040 similis
653 2003 805 2050 generis
826 2013 887 2037 res
909 2001 1131 2038 adiiciuntur
1150 2000 1359 2047 prioribus,
1385 1998 1579 2035 transitum

132 2064 255 2099 lacere
276 2062 460 2109 potuisset
483 2060 531 2096 ad
544 2061 798 2096 Romanorum
821 2059 1026 2094 dzecordias
1039 2058 1267 2093 domesticas.
1309 2056 1446 2100 Quare,
1467 2066 1580 2102 quum

132 2119 242 2155 etiam
267 2130 314 2154 ex
333 2120 529 2154 columnae
553 2116 681 2152 tertiae
704 2116 941 2162 Fragmento,
965 2126 1038 2161 quo
1060 2114 1235 2149 tumultus
1255 2112 1376 2159 plebis
1396 2115 1580 2155 narratur,

131 2175 256 2222 colligi
278 2175 400 2221 possit
421 2174 593 2209 ordinum
615 2173 816 2208 certamine
837 2183 921 2207 eum
942 2171 1135 2207 tumultum
1155 2180 1231 2205 non
1251 2179 1337 2205 6556
1358 2172 1490 2213 ortum,
1519 2168 1580 2204 hic

131 2242 279 2279 quoque
301 2231 348 2266 de
372 2231 447 2266 alia
466 2240 525 2274 re,
550 2239 645 2276 quae
668 2229 860 2275 ignoratur
874 2256 882 2271 ,
905 2227 968 2263 illa
991 2227 1106 2262 verba
1128 2225 1226 2262 dicta
1246 2236 1334 2261 esse
1358 2224 1508 2261 debent.

245 2284 305 2324 Fr.
337 2289 394 2325 48.
445 2284 560 2334 [Cort.
586 2297 622 2331 p.
644 2288 724 2323 959.
764 2284 861 2320 Gerl.
885 2283 944 2319 ed.
966 2283 1054 2318 mai.
1083 2282 1125 2328 ll,
1145 2277 1204 2320 28.
1235 2281 1296 2318 ed.
1322 2281 1411 2318 min.
1441 2281 1500 2326 111,
1519 2283 1579 2318 81.

60 2372 62 2376 .
133 2356 171 2392 p.
202 2347 286 2388 223,
313 2347 371 2381 21.
400 2343 508 2378 Debr.
535 2342 578 2386 lI,
610 2338 705 2389 142]
756 2341 834 2375 Hoc
862 2340 1147 2386 Fragmentum,
1181 2337 1282 2385 quod
1322 2341 1444 2374 exstat
1479 2335 1579 2383 apud

134 2402 297 2438 Nonium
318 2400 382 2443 Vl,
404 2402 439 2437 9.
463 2410 500 2445 p.
515 2400 596 2442 449,
613 2399 670 2434 29.
691 2392 819 2441 Messre„
851 2395 937 2431 inde
960 2406 982 2430 a
1003 2395 1133 2431 Douza
1158 2395 1386 2431 coniunctim·
1403 2393 1580 2429 edebatur

133 2469 217 2494 cum
238 2455 450 2504 praemisso
471 2456 600 2497 altero,
624 2453 725 2500 quod
749 2453 842 2488 salso
866 2463 912 2487 ex
933 2452 965 2487 ΙΙ
986 2452 1078 2487 libro
1100 2452 1256 2488 relatum
1276 2451 1314 2486 in
1334 2450 1384 2486 111
1405 2450 1483 2494 (Fr.
1502 2449 1581 2492 37.)

131 2513 385 2550 transtulimus
407 2522 446 2547 re
476 2513 560 2558 ipsa
579 2509 785 2557 flagitante.
835 2509 928 2544 Nam
951 2508 1051 2554 quod
1072 2509 1133 2544 ille
1153 2511 1257 2555 putat
1287 2518 1310 2543 a
1329 2504 1580 2553 grammaticis

134 2570 287 2607 divulsa
312 2580 397 2605 esse
424 2569 540 2604 verba
561 2567 647 2602 olim
673 2565 933 2601 cohaerentia:
975 2568 1022 2600 al
1043 2564 1287 2601 Lucullum
1309 2562 1441 2609 reqis
1463 2571 1579 2597 cura

133 2626 417 2663 machinata
437 2624 591 2672 fames
611 2621 1018 2669 brevifatiyabat,
1042 2622 1212 2668 multique
1230 2621 1449 2656 commeatus
1469 2618 1579 2653 inter-

131 2684 252 2720 ieram
277 2682 418 2718 insidiis
440 2681 641 2724 latronum,
668 2699 723 2704 —
752 2679 833 2714 eius
854 2678 907 2713 rei
934 2689 1054 2724 neque
1076 2682 1269 2713 externum
1291 2672 1443 2720 aliquod
1471 2683 1581 2720 argu-

132 2743 295 2777 mentum
323 2742 400 2784 est,
429 2741 465 2773 et
494 2738 676 2773 internum
709 2734 948 2773 vehementer
979 2738 1185 2782 repugnat,
1217 2730 1403 2779 siquidem
1433 2729 1480 2765 de
1507 2730 1581 2766 Lu-
