1774 3002
499 174 828 213 HISTORIARUM
859 175 1172 213 FRAGMENTA.
1232 176 1319 213 LlB.
1346 177 1409 213 IV.
1580 173 1663 216 341

359 303 427 346 43.
488 298 627 360 Igitur
661 297 863 359 legiones
888 298 1030 359 pridie
1058 298 1101 344 in
1137 302 1284 345 monte
1316 300 1484 360 positas
1514 301 1663 348 laces-

225 382 339 429 sivit.

358 469 426 512 44.
480 463 665 511 Avidior
694 464 825 510 modo
861 464 1124 524 properandi
1152 465 1307 510 sactus.

359 550 427 595 45.
482 547 609 593 Haud
641 545 827 608 impigre
854 561 997 608 neque
1028 547 1192 594 inultus
1219 548 1441 594 occiditur.

223 686 265 729 11,
289 688 322 731 4,
343 687 378 724 7.
421 683 476 720 Μ.
498 684 613 720 licin-
635 683 792 721 Crassus
809 683 1046 732 suyitivorum
1065 685 1154 722 bello
1173 685 1277 732 apud
1298 686 1554 722 Calamarcum
1577 687 1663 723 edu-

223 746 349 778 emmas
367 742 510 777 militem
535 741 712 778 adversus
732 740 875 778 Castam
905 746 940 777 et
970 741 1171 778 Gannicum
1201 743 1313 778 duces
1347 742 1533 779 Gallorum
1557 743 1661 779 duo-

224 798 371 834 decim
389 797 608 835 cohortes
626 808 723 833 cum
747 797 786 834 C.
811 797 1054 845 Pomptino
1074 803 1117 834 et
1134 810 1234 835 cum
1261 797 1304 843 Q.
1330 797 1511 835 Marcio
1535 798 1661 847 Rufo

223 855 515 902 leqatisposi
530 858 727 891 montem
757 855 1073 891 circummisit.
1133 854 1237 900 Quae
1254 866 1365 903 quum
1382 856 1570 892 commisso
1588 857 1662 892 iam

215 911 371 959 proelio,
395 922 418 947 a
438 914 538 959 ierqo
549 912 710 948 clamore
724 913 798 947 iam
816 911 966 957 sublato,
987 912 1247 954 decurrissent,
1266 913 1317 948 ita
1332 911 1514 960 fuderunt
1529 912 1661 962 hostes,

222 971 263 1006 at
288 968 418 1015 ubiqvae
434 968 565 1016 fayam
577 979 653 1016 pro
665 979 796 1016 puyna
822 972 1069 1016 capesserent.

333 1024 393 1060 Fr.
412 1027 471 1064 43.
506 1024 621 1070 [Cort.
642 1036 678 1072 p.
699 1027 782 1063 980.
805 1025 902 1062 Gerl.
924 1024 986 1061 ed.
1006 1026 1094 1062 mai.
1118 1024 1180 1071 lv,
1199 1027 1236 1063 4.
1259 1023 1319 1061 ed.
1341 1025 1431 1061 min.
1458 1025 1521 1073 IV,
1542 1027 1600 1066 43.
1621 1039 1660 1074 p.

221 1083 302 1126 228,
324 1083 382 1121 17.
405 1080 517 1118 Debr.
535 1081 563 1126 I,
582 1084 641 1120 85.
662 1080 725 1125 IV,
742 1081 794 1127 9.]
832 1081 1024 1119 Prisciano
1046 1084 1210 1126 auctore,
1234 1082 1297 1128 qui
1320 1081 1367 1126 X,
1386 1084 1424 1130 8,
1443 1084 1500 1120 45.
1522 1094 1562 1130 p.
1576 1086 1658 1122 504.

220 1138 281 1174 Kr.
303 1136 398 1174 haee
417 1137 556 1183 laudat,
580 1137 765 1174 edidimus
785 1138 965 1175 lacessivit
986 1150 1055 1186 pro
1079 1139 1232 1186 vulgato
1252 1139 1458 1185 arcessiuit,
1481 1139 1583 1186 quod
1603 1151 1661 1175 er-

221 1205 305 1230 rore
326 1194 363 1230 in
383 1194 474 1232 Sall.
501 1194 590 1230 edd.
610 1195 748 1231 illatum
770 1194 928 1232 videtur.
982 1196 1107 1232 Verba
1128 1206 1352 1243 quamquam
1377 1199 1516 1232 certam
1541 1198 1659 1244 expli-

220 1251 403 1288 cationem
422 1262 496 1288 non
515 1251 665 1297 habent,
693 1255 816 1288 tamen
839 1251 943 1288 haud
967 1251 1203 1289 incommode
1232 1253 1282 1289 ad
1312 1251 1469 1288 eandem
1492 1264 1657 1301 pugnam

221 1306 346 1344 Crassi
374 1319 459 1345 cum
489 1308 669 1356 fugitivis,
710 1307 757 1344 de
788 1320 862 1356 qua
886 1309 947 1345 Fr.
983 1308 1226 1345 antecedente
1253 1309 1391 1345 dictum
1420 1313 1498 1354 est,
1527 1311 1658 1346 referri

218 1375 333 1412 posse
356 1364 541 1404 videntur.
581 1364 756 1413 Le9iones
779 1367 878 1402 enim
893 1366 1019 1413 pridie
1036 1367 1075 1402 in
1098 1369 1217 1403 monte
1230 1367 1374 1413 positae
1393 1366 1658 1414 intelligendae

221 1425 318 1466 sunt,
340 1432 433 1469 quas
455 1420 614 1459 Crassus
636 1421 674 1457 in
698 1421 844 1459 insidiis
866 1423 1131 1467 collocaverat,
1153 1422 1332 1459 lacessivit
1353 1426 1476 1458 autem
1496 1423 1657 1460 referen-

221 1477 309 1514 dum
331 1477 380 1514 ad
403 1478 644 1526 fugitivorum
665 1478 811 1525 ducem,
834 1479 916 1516 sive
932 1477 1083 1515 Castum
1104 1479 1186 1518 sive
1182 1479 1415 1516 Gannicum.
1434 1479 1657 1518 Gerlachius

221 1535 306 1571 Vol.
326 1534 387 1570 111.
411 1547 449 1582 p.
475 1537 555 1574 104.
630 1536 850 1583 „Pugnam,
877 1536 1013 1583 inquit,
1044 1535 1094 1572 ad
1117 1536 1387 1584 Tigranocerta
1417 1537 1657 1574 commissam

198 1610 201 1611 ν
219 1590 279 1628 his
300 1591 475 1628 illustrari
495 1592 726 1639 putaverim
759 1593 806 1629 cf.
829 1593 922 1629 Plut.
944 1593 1086 1629 Lucull.
1112 1604 1147 1629 c.
1171 1596 1226 1633 27.
1280 1585 1444 1640 Appian.
1465 1593 1509 1630 B.
1531 1593 1656 1630 Mithr.

220 1659 253 1683 c.
274 1648 360 1693 853⁴
364 1648 476 1685 s‘ed
504 1647 564 1684 his
586 1649 678 1685 loeis
698 1660 756 1685 ne
767 1650 921 1687 verbum
951 1649 1102 1697 quidem
1127 1650 1233 1695 inest,
1262 1650 1363 1697 quod
1384 1660 1469 1686 eum
1490 1649 1656 1688 Sallustii

221 1703 445 1751 Fragmento
466 1705 667 1752 conspiret.

247 1766 251 1767 ⁷
303 1771 306 1774 ’
329 1762 388 1799 Fr.
407 1764 467 1800 44.
507 1760 622 1807 [Cort.
642 1773 682 1809 p.
701 1764 783 1801 991.
827 1762 924 1798 Gerl.
948 1761 1009 1798 ed.
1031 1763 1117 1799 mai.
1149 1763 1214 1808 IV,
1235 1766 1303 1801 30.
1316 1762 1378 1798 ed.
1398 1763 1487 1798 min.
1507 1763 1573 1808 lv,
1595 1767 1655 1803 63.

219 1828 255 1864 p.
275 1821 358 1863 229,
381 1821 442 1858 22.
463 1818 574 1855 Debr.
595 1818 622 1863 Ι,
644 1817 720 1867 83.]
742 1818 855 1854 Arus.
878 1830 915 1856 v.
938 1818 1079 1864 avidus,
1100 1831 1136 1866 p.
1155 1823 1237 1857 210.
1263 1819 1430 1855 Lindem.
1457 1819 1511 1855 De
1531 1821 1655 1856 multis

221 1885 311 1910 sane
332 1874 427 1910 haec
463 1875 619 1922 intelligi
647 1886 762 1922 posse
793 1875 980 1920 concedo3
1012 1877 1048 1911 in
1082 1876 1222 1911 nullum
1253 1879 1375 1911 tamen
1403 1876 1536 1912 melius
1565 1887 1654 1923 qua-

220 1929 339 1975 drant,
359 1941 469 1977 quam
489 1931 526 1966 in
550 1930 738 1975 Crassum,
759 1931 834 1977 qui,
857 1931 982 1967 audito
1001 1932 1216 1979 Pompeium
1237 1931 1440 1968 adventare
1471 1931 1520 1968 ad
1542 1931 1654 1980 Spar-

221 1990 342 2022 tacum
363 1986 669 2033 opprimendum,
702 1998 846 2023 summa
875 1998 947 2034 ope
975 1988 1113 2024 bellum
1134 1988 1318 2024 conficere
1338 1989 1574 2052 properavit;
1605 1991 1655 2026 cf.

220 2042 406 2079 Plutarch.
429 2042 600 2090 Compar.
625 2043 707 2080 Nic.
731 2047 766 2079 et
787 2042 912 2080 Crassi
933 2055 966 2080 c.
985 2048 1021 2089 3,
1044 2045 1093 2080 in.
1127 2035 1215 2081 Οὔκ
1234 2039 1381 2081 ἐπαινω
1401 2040 1473 2094 μὲν
1493 2036 1568 2095 ἐγώ
1586 2037 1656 2083 τὸν

219 2091 404 2160 Κράσσον
439 2093 490 2135 ἐν
525 2098 629 2144 τοῖς
667 2096 1034 2150 Σπαρτακείοις
1071 2095 1369 2150 ἐπειχθέντα
1406 2100 1602 2138 θᾶσσον
1626 2093 1656 2152 ἢ

220 2144 597 2219 ἀσφαλέστερον
636 2153 1072 2220 διαγωνίσασθαι,
1111 2154 1237 2194 καίτοι
1270 2154 1491 2222 φιλοτιμίας
1521 2145 1574 2207 ἦν
1611 2153 1654 2195 τὸ

219 2207 356 2258 δεῖσαι,
366 2202 422 2260 μὴ
432 2203 640 2275 Πομπήϊος
657 2207 788 2250 ἐλθων
806 2203 997 2276 ἀφέληται
1014 2204 1087 2262 τὴν
1107 2206 1227 2260 δόξαν
1245 2205 1381 2250 αὐτοῦ.
1408 2214 1462 2250 Id.
1481 2215 1518 2250 in
1528 2214 1653 2252 Crass.

219 2259 630 2317 ο.11,ἰη.Γεγραφως
649 2264 691 2306 δὲ
710 2267 759 2320 τῇ
777 2267 907 2332 βουλῇ
919 2261 1120 2333 πρότερον,
1141 2262 1193 2314 ὧς
1213 2282 1288 2320 χρη
1307 2282 1375 2307 και
1394 2263 1655 2308 Λούκουλλον

219 2317 263 2359 ἐκ
286 2316 446 2388 Θρακης
472 2323 606 2360 καλεῖν
634 2321 702 2362 και
730 2318 946 2388 Πομπήϊον
965 2321 1004 2372 ἐξ
1025 2317 1216 2389 Ἰβηρίας,
1254 2319 1439 2391 μετενόει,
1472 2323 1540 2364 και
1558 2323 1655 2390 πρὶν

219 2371 330 2426 ἥκειν
345 2360 515 2424 εκείνους
535 2376 739 2418 εσπευδε
758 2374 1145 2446 διαπραξασθαι
1156 2374 1242 2419 τὸν
1270 2376 1507 2447 πόλεμον,
1542 2375 1654 2429 εἰδώς

218 2447 278 2472 οτι
297 2434 367 2472 τοῦ
384 2432 690 2485 προςγενομένου
702 2433 768 2474 και
790 2431 1077 2487 βοηθήσαντος,
1101 2430 1174 2476 οὐκ
1195 2430 1329 2487 αυτοῦ,
1349 2431 1392 2477 τὸ
1412 2433 1654 2502 κατόρθωμα

221 2483 334 2537 δόξει.
392 2491 446 2527 Id.
479 2493 515 2528 in
537 2493 662 2557 Pomp.
683 2505 717 2530 c.
738 2498 795 2540 21,
818 2494 865 2530 ἰη.
901 2494 1062 2542 Appian.
1086 2496 1126 2531 Β
1152 2495 1193 2532 C.
1214 2496 1241 2540 I,
1263 2500 1342 2542 120,
1364 2496 1415 2532 in.
1458 2489 1651 2559 Κράσσος,

220 2544 286 2584 ἵνα
306 2538 359 2597 μὴ
380 2538 423 2583 τὸ
445 2543 554 2592 κλέος
574 2548 643 2585 τοῦ
659 2546 828 2598 πολέμου
846 2546 996 2600 γένοιτο
1017 2550 1251 2600 Πομπηΐου,
1279 2562 1441 2589 παντα
1466 2545 1654 2603 τρόπον

220 2596 546 2652 ἐπειγόμενος
577 2600 822 2656 ἐπεχείρει
841 2606 907 2657 τῷ
939 2601 1239 2660 Σπαρτάκῳ.
1300 2608 1408 2653 Quod
1438 2621 1549 2657 quum
1583 2611 1651 2646 sub

221 2661 343 2707 ipsum
363 2661 449 2696 belli
469 2661 607 2697 exitum
626 2662 761 2699 sactum
787 2663 846 2707 sit,
866 2664 971 2700 locus
992 2665 1020 2700 F
1023 2665 1206 2711 ragmenti
1234 2665 1338 2701 satis
1348 2669 1471 2702 certus
1492 2665 1652 2702 videtur.

334 2717 393 2753 Fr.
415 2719 473 2755 45.
515 2715 629 2762 [Cort.
649 2729 686 2764 p.
703 2720 785 2757 998.
815 2719 913 2756 Gerl.
935 2720 996 2756 ed.
1016 2722 1103 2757 mai.
1122 2721 1198 2757 Ine.
1220 2725 1278 2759 ll.
1302 2721 1364 2761 ed.
1386 2723 1475 2758 min.
1499 2722 1572 2758 Inc.
1597 2725 1651 2760 10.

225 2783 260 2820 p.
281 2775 364 2818 237,
386 2775 421 2812 7.
444 2773 553 2811 Debr.
575 2773 637 2821 IV,
659 2775 735 2819 84.]
793 2775 923 2812 Donat.
946 2776 995 2813 ad
1015 2776 1163 2813 Terent.
1193 2776 1310 2814 Andr.
1331 2778 1358 2823 Ι,
1379 2783 1413 2823 2,
1435 2781 1494 2818 34.
1551 2776 1652 2822 Quo-
