1774 3002
143 148 226 192 144
544 129 546 131 '
625 155 665 192 c..
695 155 926 193 SALLUs'm
955 155 1106 194 CRISPI

277 281 346 322 30.
404 277 493 323 Sed
522 278 723 324 Metellus
750 278 793 323 in
821 279 1027 325 ulteriore
1057 278 1294 340 prOvincia.

184 386 186 389 f
218 408 220 410 ,
256 364 345 411 ,31.
403 360 542 416 Quem
580 376 637 411 ex
664 362 934 412 Mauretania
974 378 1053 409 rex
1087 364 1296 424 Leptasta
1329 365 1588 425 proditionis

140 443 434 489 insimulatum
472 459 570 489 curn
607 444 1081 492 custodibusmiserat.

278 531 346 572 32.
401 527 456 572 Ut
478 528 575 588 ‚alii-
594 528 886 584 tradiderunt,
921 529 1175 575 Tartessum
1206 529 1445 589 Hispaniae
1474 529 1588 575 civi·
1651 560 1653 562 -

140 610 293 666 tatem,
331 625 462 682 quam
489 625 605 656 nunc
629 611 749 671 Tyrii
781 613 949 660 mutato
980 613 1155 658 nomine
1183 612 1316 659 Gadir
1344 612 1518 659 habent.

142 764 399 817 πεποιημέναι
419 759 467 805 δι’
493 759 677 819 ὀργάνων
700 759 922 819 ἐπιδρόμων
941 763 1084 820 χρύσεα
1102 764 1271 822 τρόπαια
1290 768 1358 810 καὶ
1372 755 1590 821 στεφάνους

143 821 402 876 διαφέρορσαι
422 819 650 875 κατήγοντο,
671 822 738 862 καὶ
758 822 868 890 ζοροὶ
890 824 1133 879 παίδωνρκαὶ
1150 829 1352 878 γυναικῶν
1374 825 1590 874 ἐπινικίους

141 873 290 930 ὕμνους
311 876 411 933 ᾐδον
431 879 484 926 εἰς
505 873 637 919 αὐτὸν.
685 873 760 930 Ἐφ
791 876 849 927 οἷς
867 876 1024 928 εἰκότως
1039 879 1090 933 ἠν
1109 881 1392 935 καταγέλαστος
1411 898 1448 922 κ.
1468 898 1501 922 τ.
1523 885 1558 922 λ.

255 938 316 974 Fr.
337 942 395 977 30.
418 938 558 984 ·[Cort.
578 951 615 986 p.
636 942 716 979 962.
756 940 854 976 Gerl.
878 939 937 976 ed.
962 941 1045 976 mai.
1078 942 1128 986 ΙΙ,
1148 946 1208 980 52.
1257 942 1323 978 ed·
1343 943 1431 978 min.
1452 943 1587 987 ΙΙ,.22.

141 1007 178 1042 p.
200 998 288 1038 201,
310 997 369 1033 24.
411 996 522 1031 Debr.
543 996 593 1040 II,
615 997 719 1040 104]
761 996 926 1032 Donatus
955 997 1005 1033 ad
1033 997 1180 1034 Terent.
1211 998 1361 1035 Phorm.
1393 1000 1430 1044 I,
1458 1001 1499 1044 4,
1531 1003 1586 1038 15.

142 1052 235 1088 haec
255 1054 372 1088 verba
393 1053 504 1088 refert
523 1063 598 1089 non
619 1052 770 1088 laudato
791 1053 1036 1089 Historiarum
1059 1055 1150 1091 libro
1163 1084 1171 1099 ,
1206 1059 1243 1090 ut
1261 1056 1289 1091 F
1292 1066 1411 1102 ragm.
1437 1056 1588 1092 incertis

143 1109 380 1144 annumerari
408 1109 554 1145 debeat.
594 1108 673 1146 Sed
693 1120 767 1144 non
786 1109 1036 1146 dubitavimus
1060 1111 1244 1158 superiori
1256 1112 1480 1159 Fragmento
1503 1113 1588 1148 sub-

142 1165 366 1212 iungereob
387 1169 626 1201 memoratam
643 1167 852 1202 ulteriorem
866 1167 1113 1213 provinciam.
1149 1166 1238 1204 Sine
1260 1168 1335 1204 ulla
1355 1179 1493 1204 caussa
1517 1164 1589 1203 De-

119 1222 310 1258 -brossius
335 1233 404 1268 pro
426 1223 621 1269 provincia
644 1223 793 1269 scripsit
818 1223 1023 1270 Hispania,
1052 1235 1122 1260 nec
1144 1225 1268 1260 minus
1295 1228 1433 1260 temere
1463 1224 1590 1261 Gerla-

142 1278 249 1314 chius
272 1279 310 1314 in
328 1278 388 1314 ed.
411 1279 499 1315 min.
520 1279 587 1314 sed
602 1280 758 1316 mutavit
777 1280 814 1315 in
833 1284 884 1324 at,
905 1291 980 1315 non
996 1291 1133 1316 curans
1150 1280 1252 1327 quod
1267 1280 1433 1317 Donatus
1450 1280 1588 1317 diserte

143 1335 253 1371 tradit
277 1346 346 1382 per
374 1335 441 1371 sed
462 1335 683 1382 particulam
714 1336 815 1382 apud
845 1335 1061 1372 Sallustium
1088 1337 1201 1373 finem
1234 1337 1373 1384 imponi
1404 1337 1593 1384 superiori

142 1392 372 1436 sententiae;
405 1392 452 1427 cf.
475 1391 640 1427 Gramm.
661 1393 724 1427 lat.
747 1396 864 1428 nostr.
889 1395 923 1435 §-
948 1395 1035 1438 140,
1057 1396 1091 1432 3.
1112 1395 1148 1430 b.
1178 1405 1216 1440 p.
1238 1396 1322 1432 465.
1347 1438 1351 1440 ἡ

252 1441 312 1484 Fr.
333 1451 393 1487 31.
442 1448 568 1494 [Cort.
586 1460 622 1495 p.
642 1451 724 1487 958.
765 1448 861 1485 Gerl.
884 1448 944 1484 ed.
967 1450 1055 1486 mai.
1075 1450 1127 1495 ΙΙ,
1156 1452 1214 1488 17.
1259 1447 1320 1486 ed.
1339 1447 1504 1496 minin,
1529 1453 1588 1489 28.

141 1517 178 1552 p.
197 1509 266 1544 202
281 1534 290 1550 ,
318 1508 355 1544 6.
396 1505 507 1541 Debr.
530 1505 582 1549 II,
615 1506 697 1549 18.]
748 1506 874 1542 Verba
899 1517 921 1542 a
939 1506 1132 1543 Prisciano
1155 1507 1211 1551 V,
1240 1510 1281 1552 2,
1300 1510 1335 1545 5.
1362 1518 1402 1554 p.
1423 1509 1502 1546 169.
1522 1507 1588 1543 Kr.

141 1562 292 1598 laudata
321 1572 546 1609 quamquam
576 1566 714 1598 certam
737 1562 1025 1608 explicationem
1047 1574 1119 1598 non
1140 1562 1296 1608 habent,
1326 1564 1507 1609 obscuro,
1537 1562 1587 1599 ad

141 1630 250 1666 quem
280 1619 477 1655 relativum
503 1619 706 1664 pertineat,
737 1618 808 1654 hoc
830 1622 954 1654 tamen
974 1619 1133 1655 dubitari
1157 1630 1229 1655 non
1256 1622 1396 1666 potest,
1428 1620 1516 1666 quin
1538 1618 1587 1655 ad

141 1675 295 1712 Sertorii
316 1686 377 1710 res
398 1678 578 1721 spectent,
599 1675 661 1720 qui
683 1678 718 1709 et
736 1679 931 1721 antequam
952 1676 990 1710 in
1014 1676 1194 1721 Hispania
1214 1676 1349 1712 bellum
1366 1680 1526 1722 gereret,
1551 1676 1588 1711 in

141 1732 372 1768 Mauretania
402 1736 532 1767 contra
556 1730 723 1766 Asealim
752 1731 974 1767 bellantibus
1004 1732 1142 1767 auxilio
1171 1733 1309 1774 suerat,
1341 1735 1378 1766 et
1406 1732 1444 1766 in
1472 1732 1586 1778 longo

141 1792 269 1824 contra
297 1788 489 1835 Romanos
516 1787 718 1823 certamine
751 1797 900 1833 semper
927 1788 1079 1823 Mauros
1102 1788 1139 1823 in
1168 1787 1332 1823 exercitu
1354 1786 1506 1831 habuit;
1538 1788 1586 1823 cs.

140 1845 328 1889 Plutarch.
359 1845 396 1880 in
421 1843 563 1882 Sertor.
585 1855 618 1879 c.
643 1847 686 1888 2,
707 1845 741 1881 7.
772 1847 837 1888 12,
857 1845 894 1881 6.
927 1847 991 1889 13,
1011 1846 1070 1882 32.
1107 1847 1170 1887 19,
1200 1846 1258 1881 23.
1290 1842 1352 1879 ed.
1381 1842 1476 1880 Sint.
1516 1843 1596 1880 De-v

140 1902 310 1938 brossius
340 1900 668 1948 inepteLeptasta
698 1900 854 1936 mutavit
881 1900 919 1935 in
945 1899 1237 1946 Ascalisiphtha,
1267 1910 1404 1935 nomen
1431 1901 1477 1937 ab
1502 1900 1585 1946 ipso

143 1958 340 1994 confictum
362 1969 409 1993 ex
436 1957 601 2003 pessime
632 1956 826 1991 intellectis
848 1956 1035 2006 Plutarchi
1061 1957 1186 1992 verbis
1212 1955 1337 2001 (Sert.
1357 1955 1430 2006 IX,
1457 1958 1520 2000 7.)
1548 1952 1591 2002 οἱ

142 2011 298 2058 Κίλικες
317 2011 370 2059 εἰς
384 2006 546 2063 Λιβύην
561 2003 811 2054 ἀπέπλευσαν
823 2004 936 2048 ’Ἀσκ
946 2012 1058 2049 octav
1079 2003 1130 2057 τὸ
1143 2025 1168 2050 ,ν
1178 2004 1294 2060 Ἴφθ
1305 2024 1330 2047 α
1345 2004 1585 2058 κατάξοντες.

151 2111 154 2113 Α
254 2071 314 2118 Fr.
335 2074 395 2109 32.
428 2069 560 2117 [Cort.
580 2080 617 2116 p.
639 2071 721 2107 959.
770 2068 867 2104 Gerl.
899 2069 959 2104 ed.
983 2069 1070 2104 mai.
1092 2067 1142 2113 ΙΙ,
1167 2071 1226 2107 29.
1243 2068 1317 2104 ed.
1340 2064 1429 2104 min.-
1456 2065 1508 2113 ΙΙ,
1526 2068 1597 2106 27.Δ
1642 2092 1644 2094 -

140 2139 177 2174 p.
200 2131 287 2171 202,
311 2128 345 2165 4.
388 2126 496 2162 Debr.
519 2127 570 2169 II,
593 2126 675 2169 10.J
722 2117 847 2161 Verba
867 2124 1016 2161 duobus
1035 2126 1128 2161 locis
1149 2124 1267 2161 attulit
1282 2125 1521 2177 Priscianus,
1537 2124 1586 2171 V,

141 2187 177 2228 3,
194 2187 251 2222 18.
273 2194 312 2229 p.
333 2185 410 2222 179.
428 2186 464 2217 et
478 2183 542 2226 VI,
567 2184 601 2226 9,
622 2184 679 2219 45.
699 2193 736 2227 p.
754 2183 837 2218 249.
853 2182 932 2225 Kr.,
954 2181 1014 2217 ubi
1036 2182 1082 2217 de
1104 2191 1243 2228 genere
1260 2181 1451 2216 nominum
1468 2191 1585 2228 agens

141 2239 236 2280 haec
251 2239 381 2275 habet:
401 2239 463 2282 „in
480 2239 515 2273 ir
528 2237 736 2274 masculina
753 2241 849 2272 sunt.
879 2237 999 2273 Unum
1014 2238 1206 2283 proprium
1222 2237 1386 2279 civitatis>
1399 2237 1586 2273 invenitur

145 2296 272 2340 Gadir,
302 2294 403 2342 quod
425 2293 576 2341 quidam
599 2293 813 2342 femininum
833 2303 920 2329 esse
938 2297 1164 2339 putaverunt
1174 2322 1190 2338 ,.
1208 2293 1277 2331 sed
1302 2293 1396 2331 San:
1416 2295 1587 2332 neutrum

144 2363 230 2389 esse
251 2350 412 2388 ostendit
431 2351 466 2386 in
485 2350 528 2386 11.
549 2349 701 2393 Histor.‚
723 2350 979 2385 accusativum
999 2350 1227 2386 nominativo
1247 2350 1406 2397 similem
1427 2358 1585 2396 ponens.

143 2410 237 2445 Nam
268 2409 311 2445 si
329 2411 431 2444 esset
452 2405 687 2449 femininum,
719 2404 891 2441 Gadirem
913 2404 1121 2442 dixisset.“
1145 2434 1148 2435 γ
1169 2407 1224 2443 De
1252 2406 1399 2453 origine¹
1425 2404 1584 2450 nominis

142 2466 283 2501 Punica
304 2465 384 2500 sive
402 2462 605 2499 Phoenicia
627 2462 676 2497 cs.
694 2460 830 2496 Avieni
846 2461 1029 2508 Descript.
1050 2464 1131 2499 orb.
1151 2474 1188 2498 v.
1210 2466 1281 2502 610
1299 2463 1399 2509 sqq.
1419 2459 1586 2507 „Gaddir

143 2523 265 2568 prima
286 2522 418 2556 fretum
438 2513 561 2556 solida
581 2519 832 2564 supereminet
853 2529 952 2561 arce,
976 2519 1192 2567 Attollitque
1214 2522 1326 2566 caput
1346 2516 1504 2565 gemin1s
1529 2517 1582 2552 in-

145 2582 245 2614 serta
266 2577 464 2613 columnis.
513 2575 587 2611 Hic·
605 2573 781 2611 Cotinusa
799 2575 903 2619 prius
930 2574 1050 2611 suerat
1069 2578 1137 2613 sub
1158 2576 1305 2612 nomine
1324 2575 1449 2620 prisco
1462 2601 1472 2617 ,
1498 2571 1584 2608 Tar-

145 2637 360 2679 tessumque
389 2631 527 2668 dehinc
548 2631 652 2678 Tyrii
679 2630 808 2667 dixere
835 2630 972 2667 coloni.
1019 2631 1185 2670 Barbara
1206 2630 1423 2679 quinetiam
1447 2628 1587 2665 Gaddir

143 2689 242 2726 hanc
265 2690 394 2736 lingua
413 2688 640 2735 frequentat3
661 2687 808 2724 Poenus
830 2687 967 2734 quippe
988 2688 1113 2724 locum
1131 2688 1272 2725 Gaddir
1292 2690 1402 2722 vocat
1418 2684 1583 2739 undique

144 2746 362 2783 clausum.“
403 2744 526 2781 Gades
545 2744 657 2791 igitur
676 2752 789 2789 quum
809 2744 920 2780 etiam
941 2754 1077 2791 graece
1098 2751 1147 2781 τα
1165 2736 1336 2797 Γάδειρα
1357 2742 1438 2779 sive
1461 2731 1487 2789 ἡ
1506 2733 1586 2777 Poi-
