1774 3002
159 149 243 192 378
650 154 689 192 C.
721 154 951 195 SALLUSTI
983 157 1133 197 CRISPI

295 285 364 326 34.
422 279 672 326 Lusitaniae
701 295 886 341 gravem
915 283 1146 330 civitatem.

293 366 362 409 35.
414 363 461 408 In
483 362 738 423 Hispaniam
769 379 943 411 vorsus.

295 451 364 492 36.
422 446 498 492 Ille
523 445 821 506 Conisturgim
845 448 962 507 apud
984 448 1186 509 legiones
1213 451 1345 497 venit.

292 533 360 576 37.
416 529 503 575 Iam
529 532 708 590 repente
734 530 859 577 visus
882 532 1054 578 saevire
1085 534 1250 594 TaguS.

271 667 330 702 Fr.
353 668 411 704 33.
436 665 550 716 [Cort.
578 679 615 715 p.
638 670 720 707 998.
750 668 845 705 Gerl.
868 669 929 705 ed.
958 671 1044 706 mai.
1066 671 1140 707 Ine.
1166 675 1222 710 14.
1244 672 1305 708 ed.
1322 672 1412 708 min.
1426 673 1454 718 1,
1475 674 1532 710 48.
1557 684 1594 719 p.

158 727 239 769 190,
262 726 298 761 4.
332 723 442 759 Debr.
467 725 494 769 Ι,
519 725 594 769 71.]
653 724 788 762 Senee.
807 725 875 773 Ep.
902 728 982 765 114.
1041 727 1156 764 Usum
1182 728 1314 776 facere
1333 724 1458 774 verbi,
1487 740 1596 775 quem

158 780 305 817 Seneca
332 780 369 815 in
395 779 572 817 Sallustio
604 785 642 817 ut
672 782 901 829 singularem
932 787 1052 828 notat,
1081 783 1225 821 Cortius
1248 785 1416 821 Ciceroni
1439 785 1595 832 aliisque

158 837 402 885 scriptoribus
433 847 507 873 non
537 838 723 874 insolitum
744 850 829 874 esse
851 838 909 875 his
932 841 1114 887 exemplis
1137 841 1429 878 demonstravit:
1461 840 1537 879 Cic.
1560 841 1597 877 in
1654 843 1659 848 ’

156 895 264 930 Verr.
295 894 341 938 V,
369 896 428 938 30,
457 896 516 933 77.
578 894 620 931 Si
649 896 903 942 (praedonum
930 897 1035 942 dux)
1069 898 1229 945 aliquam
1261 908 1440 934 manum
1467 901 1597 934 contra

151 952 330 999 populum
360 949 567 988 Romanum
600 951 770 998 facere
795 955 992 999 potuisset,
1022 954 1111 1001 quid
1137 954 1304 991 diceres?
1342 954 1396 990 Id.
1427 953 1520 990 Phil.
1534 963 1539 965 “
1551 954 1597 999 V,

158 1011 213 1052 16,
245 1009 301 1044 44.
362 1006 502 1044 Caesar
515 1010 697 1056 princeps
723 1010 974 1046 exercitus
1001 1010 1225 1057 faciendi
1250 1015 1285 1048 et
1295 1010 1484 1058 praesidii
1499 1020 1596 1046 com-

148 1064 322 1112 parandi
346 1063 430 1111 fuit.
477 1066 505 1101 F
509 1067 575 1101 lor.
598 1065 658 1109 ΙΙΙ,
680 1067 736 1110 19,
759 1068 792 1103 6.
852 1065 983 1102 Eunus
1011 1068 1091 1103 iure
1111 1066 1192 1103 belli
1210 1068 1387 1115 refractis
1406 1067 1599 1114 eryastulis

155 1122 351 1169 sexaginta
374 1122 532 1168 amplias
552 1121 701 1158 millium
718 1121 746 1168 f
747 1123 823 1157 eci
830 1125 843 1157 t
860 1124 1143 1160 emer-citum.
1168 1136 1202 1160 v.
1228 1123 1277 1159 ad
1297 1124 1357 1160 Fr.
1379 1123 1407 1168 I,
1427 1126 1485 1167 45,
1509 1125 1566 1161 26.

271 1177 377 1222 Quae
401 1179 566 1224 sequitur
583 1179 699 1214 altera
718 1178 853 1214 elassis
869 1177 1416 1228 IncertorumFragmentorum
1436 1190 1482 1215 ea
1499 1189 1598 1215 com-

154 1235 340 1283 plectitur,
362 1234 397 1269 in
420 1235 554 1281 quibus
575 1236 737 1271 locorum
757 1238 867 1281 atque
886 1237 1045 1282 yentium
1065 1236 1203 1272 mentio
1224 1235 1276 1272 fit.

267 1305 327 1341 Fr.
347 1308 405 1344 34.
448 1304 564 1351 [Cort.
593 1317 631 1353 p.
663 1307 765 1344 1009.
801 1305 900 1342 Gerl.
931 1306 991 1344 ed.
1023 1308 1110 1349 mai.
1140 1308 1215 1344 Ine.
1239 1309 1318 1346 145.
1337 1307 1398 1343 ed.
1421 1307 1508 1343 min.
1536 1306 1597 1353 Ill,

157 1363 213 1401 17.
233 1374 270 1409 p.
290 1364 371 1408 216,
392 1364 448 1401 16.
482 1361 591 1399 Debr.
614 1362 657 1408 II,
676 1363 752 1407 26.]
814 1361 923 1399 Serv.
946 1363 996 1400 ad
1016 1364 1121 1411 Virg.
1146 1364 1242 1400 Aen.
1263 1363 1342 1410 XII,
1363 1365 1446 1402 458.
1507 1362 1596 1400 Civi-

155 1423 263 1466 lqtem
290 1429 481 1467 gravem
509 1418 617 1457 Serv.
640 1419 802 1465 explieat
827 1418 984 1466 fortem3
1017 1422 1155 1457 rectius
1184 1422 1344 1457 sortasse
1374 1420 1483 1456 fuerit
1511 1419 1599 1456 vali-

155 1476 260 1522 dam,
289 1475 418 1523 opibus
444 1475 633 1515 valentem.
692 1475 754 1511 Ad
781 1474 1039 1513 Sertorianum
1070 1477 1209 1513 bellum
1246 1481 1418 1524 spectare
1451 1476 1524 1513 hoc
1562 1480 1598 1513 et

154 1532 225 1569 tria
242 1532 414 1580 proxima
435 1533 659 1580 Fragmenta
686 1532 795 1568 facile
814 1534 1053 1581 perspicitur,
1076 1537 1275 1582 praeterea
1299 1532 1403 1570 nihil.

268 1604 327 1641 Fr.
349 1607 410 1642 35.
454 1603 581 1649 [Deest
601 1602 702 1650 apud
725 1602 824 1640 Cort.
845 1609 880 1641 et
899 1605 1008 1641 Debr.
1027 1625 1083 1631 -
1099 1604 1196 1641 Gerl.
1220 1604 1280 1642 ed.
1300 1605 1389 1641 mai.
1410 1605 1486 1642 Ine.
1515 1606 1595 1644 177.

136 1660 216 1697 ed.
245 1659 441 1752 minkrlne.
464 1663 523 1698 53.
544 1671 582 1706 Ρ.
608 1662 688 1706 238,
710 1661 784 1705 19ι]
842 1662 1026 1698 Priscian.
1051 1661 1098 1697 de
1121 1661 1202 1698 XII.
1234 1673 1333 1698 νει-3.
1360 1661 1457 1698 Aen.
1480 1673 1512 1698 e.
1537 1664 1594 1700 13.

153 1729 192 1766 p.
212 1718 295 1756 357.
371 1743 382 1753 .

266 1788 326 1824 Fr.
351 1789 408 1826 36.
451 1785 580 1835 [Deest
603 1787 704 1834 apud
727 1785 824 1823 Cort.
848 1791 884 1823 et
898 1787 1008 1823 Debr.
1024 1806 1083 1815 —
1101 1787 1199 1824 Gerl.
1223 1787 1283 1824 ed.
1303 1788 1390 1824 mai.
1413 1788 1490 1824 Ine.
1514 1789 1594 1827 176.

154 1845 215 1883 ed.
247 1845 338 1881 min.
366 1844 440 1881 Ine.
466 1845 524 1881 52.
552 1854 591 1890 Ρ.
618 1846 701 1888 238,
731 1841 805 1892 18.]
863 1845 1029 1891 Pompei.
1054 1843 1256 1881 Comment.
1284 1845 1322 1880 in
1341 1844 1422 1881 Art.
1442 1844 1536 1880 Don.
1557 1856 1593 1892 p.

153 1905 236 1941 395.
266 1901 326 1937 ed.
368 1899 538 1936 Lindem.
573 1899 815 1947 Conisturyim
839 1900 968 1936 urbem
998 1904 1265 1937 commemorat
1293 1900 1406 1937 etiam
1433 1901 1594 1947 Appian.

154 1959 309 2021 Hispan.
331 1969 363 1994 c.
385 1960 443 1996 57.
466 1967 503 2003 Ρ.
530 1959 613 1995 169.
637 1956 697 1994 ed.
721 1956 938 2004 Schweigh.
986 1955 1244 2020 Λυσιτανῶν
1248 1947 1283 1994 δ’
1306 1953 1349 1994 οἱ
1345 1951 1597 2020 ἕπτὶθάτερα

155 2015 226 2051 τοῦ
251 2007 383 2078 Τᾶγον
404 2033 462 2039 —
480 2009 680 2057 Κουνέους
702 2005 918 2062 ἐπόρθουν,
940 2011 980 2050 οἳ
993 2005 1196 2062 Ρωμαίοις
1216 2000 1320 2062 ἦσαν
1337 2004 1510 2062 ὑπήκοοι
1529 2009 1597 2050 καὶ

155 2066 275 2109 πόλιν
294 2062 428 2107 αὐτῶν
448 2062 623 2118 μεγάλην
645 2062 750 2106 εἷλον
779 2065 1046 2120 Κονίστοργιν.
1095 2070 1187 2105 Eam
1207 2070 1341 2106 vitiose
1363 2068 1596 2107 Conistorsim

156 2129 318 2175 appellat
343 2127 475 2164 Strabo
492 2126 550 2161 111.
576 2137 616 2172 p.
634 2129 716 2164 209.
737 2125 785 2161 A.
805 2126 864 2162 ed.
887 2126 1020 2163 Almel.
1049 2116 1116 2162 Ἐν
1136 2120 1178 2162 δὲ
1199 2125 1280 2170 τοῖς
1298 2123 1500 2171 Κελτικοῖς
1517 2125 1595 2162 Κο-

154 2181 360 2234 νίστωρσις
403 2178 482 2219 ἐστὶ
526 2174 818 2231 γνωριμωτάτη.
879 2181 1048 2219 Ceterum
1096 2192 1190 2219 eave
1233 2186 1342 2229 putes
1376 2181 1595 2220 Sallustium

156 2241 302 2278 dixisse
330 2241 425 2276 venit
452 2239 557 2286 apud
573 2239 760 2286 legiones,
790 2239 892 2285 quod
917 2250 1073 2286 prorsus
1102 2238 1295 2274 soloecum
1328 2242 1398 2275 est.
1454 2238 1595 2275 Tamen

155 2298 248 2334 nihil
269 2298 397 2332 subest
417 2295 509 2339 vitii,
533 2294 602 2330 sed
623 2295 719 2331 iusta
740 2296 1017 2332 constructione
1039 2295 1146 2331 locus
1167 2293 1442 2342 expediendus.
1501 2295 1594 2330 Ver-

154 2357 242 2391 bum
276 2353 374 2388 enim
405 2351 659 2387 tantummodo
691 2352 851 2397 pertinet
876 2350 923 2387 ad
954 2351 1211 2398 Conisturgim,
1240 2352 1299 2387 eui
1329 2350 1469 2387 nomini
1497 2361 1594 2398 quae

156 2410 307 2447 additae
338 2411 423 2444 sunt
454 2418 590 2453 voces,
620 2407 693 2443 loci
722 2407 833 2443 modo
852 2407 990 2443 habent
1011 2407 1284 2452 definitionem3
1311 2407 1416 2455 apud
1439 2407 1595 2455 leyiones

155 2468 255 2503 enim
272 2464 536 2502 adverbialiter
554 2463 717 2510 positum
744 2463 930 2510 signifieat
949 2465 987 2499 in
1005 2465 1135 2500 vicinia
1151 2465 1338 2512 lembum,
1360 2464 1384 2499 i.
1402 2474 1434 2500 e.
1452 2464 1593 2499 ratione

156 2524 322 2566 inversa,
348 2523 384 2558 in
405 2520 512 2556 euius
534 2520 674 2556 vicinia
691 2520 861 2568 legiones
885 2525 1009 2556 castra
1029 2520 1228 2557 habebant.
1269 2519 1339 2557 Ille
1356 2519 1591 2557 Sertoriusne

157 2580 215 2625 sit,
242 2589 289 2615 an
310 2577 495 2622 Metellus,
516 2587 564 2612 an
585 2577 682 2613 alius
702 2578 799 2623 quis,
823 2577 996 2612 constitui
1018 2577 1155 2623 nequit.

268 2649 330 2686 Fr.
354 2651 413 2687 37.
459 2646 573 2694 [Cort.
606 2659 643 2694 p.
677 2651 780 2686 1009.
808 2647 905 2683 Gerl.
932 2645 992 2682 ed.
1024 2648 1110 2683 mai.
1141 2647 1218 2682 Ine.
1239 2648 1320 2685 142.
1341 2644 1403 2682 ed.
1423 2645 1512 2681 min.
1533 2643 1592 2689 III,

158 2710 212 2746 16.
233 2718 270 2754 p.
291 2708 372 2750 216,
398 2706 452 2742 16.
479 2704 590 2740 Debr.
610 2704 673 2749 IV,
693 2701 768 2752 29]
828 2703 938 2741 Serv.
961 2702 1011 2738 ad
1031 2703 1137 2750 Virg.
1162 2703 1256 2739 Aen.
1277 2702 1324 2746 X,
1348 2702 1428 2740 103.
1467 2700 1592 2748 Vulgo

156 2764 278 2800 editur
306 2762 453 2810 Tayuns
473 2758 531 2811 (v.
553 2759 603 2797 ad
621 2760 682 2799 Fr.
703 2760 746 2808 11,
767 2761 858 2806 28),
877 2770 972 2806 quae
994 2760 1112 2796 forma
1133 2769 1255 2806 neque
1277 2755 1450 2804 analogia
1470 2767 1592 2804 neque
