1774 3002
150 140 272 174 xvm
544 138 778 189 ,EDITORIS
811 139 1045 179 EPISTOLA
1071 141 1261 180 CRITICA

140 259 350 308 laudator,
393 260 445 299 de
490 259 579 300 eius
618 261 743 302 rebus
783 262 1030 314 scripserat,
1076 269 1219 315 aperte
1259 264 1484 305 ostendunt
1522 266 1652 305 verba

140 328 229 368 eius
260 328 346 377 lug.
365 339 400 367 c.
415 328 535 377 XCV,
553 329 614 368 4.:
650 331 815 380 „Atque
843 330 899 369 illi
915 330 1165 371 felicissumo
1184 330 1366 371 omnium
1395 338 1486 372 ante
1498 335 1651 373 civilem

139 399 342 437 victoriam
373 408 585 447 nunquam
615 409 743 449 super
771 397 1015 439 industriam
1038 401 1203 440 fortuna
1230 399 1323 448 suit,
1354 399 1552 450 multique
1579 401 1652 441 du-

139 465 323 505 bitavere
350 465 496 506 fortior
524 477 575 505 an
607 466 765 507 felicior
790 471 917 507 esset.
976 469 1078 508 Nam
1094 473 1237 518 postea
1265 480 1367 518 quae
1390 468 1554 517 fecerit,
1583 470 1652 508 in-

138 538 288 574 certum
307 535 442 582 habeo,
468 536 620 583 pudeat
634 537 761 584 mayis
789 547 843 575 an
864 539 1007 586 piqeat
1025 537 1259 576 dz'ssereref‘
1296 537 1356 576 lta
1373 535 1497 586 igitur
1526 547 1652 586 quum

143 602 195 641 de
234 601 350 642 Sulla
383 601 574 650 sentiret,
622 602 854 644 faciendum
897 604 975 644 sibi
1008 604 1184 655 putavit,
1220 608 1267 644 ut
1301 604 1342 644 in
1379 603 1652 649 Historiarum

139 670 379 720 prooemio,
429 674 650 720 antequam
688 673 741 711 ad
779 683 848 712 res
882 672 977 712 anni
1020 671 1088 712 78.
1125 673 1366 721 accederet,
1413 671 1652 712 universum

139 739 240 778 illud
269 743 454 789 tempus,
487 739 601 788 quod
625 739 802 780 Sisenna
832 752 961 791 opere
990 752 1068 781 suo
1100 743 1344 792 complexus
1376 745 1483 788 erat,
1520 739 1652 780 brevi-

143 811 204 847 ter
241 807 425 857 quidem,
465 807 542 846 sed
579 806 636 846 ita
664 809 984 860 perstringeret,
1027 813 1075 849 ut
1123 820 1246 859 quam
1286 808 1542 849 detestabilis
1584 808 1652 848 ille

140 875 286 915 suisset
314 875 421 915 bello
461 874 567 914 civili
603 876 791 918 libertate
822 878 965 929 populi
995 877 1170 917 Romani
1196 879 1319 928 plane
1354 887 1579 927 oppressa,
1609 875 1652 915 li-

141 944 240 983 bero
283 955 355 983 ore
399 943 625 994 explicaret
663 950 721 993 (v.
754 947 821 986 Fr.
858 949 893 995 l,
930 946 1164 995 34—40.)‚
1211 950 1494 996 quantumque
1538 956 1651 995 vera,

140 1015 284 1062 aperta
314 1016 356 1050 et
383 1011 562 1061 ingenua
589 1024 726 1053 rerum
754 1015 954 1063 narratio,
994 1025 1100 1064 quae
1129 1013 1247 1053 testis
1279 1018 1392 1054 esset
1419 1019 1651 1065 temporum

140 1091 190 1120 ac
219 1082 291 1119 lux
317 1080 522 1128 veritatis,
550 1080 723 1121 distaret
751 1095 776 1122 a
802 1085 940 1124 fucata
968 1082 1230 1133 partiumque
1259 1082 1398 1123 studio
1430 1084 1653 1123 obscurata

141 1148 332 1198 historia,
371 1149 553 1199 graviter
583 1151 836 1191 ostenderet.
870 1188 874 1192 ,
905 1153 950 1191 In
982 1155 1096 1191 tanta
1124 1155 1262 1190 autem
1299 1151 1438 1201 operis
1470 1150 1651 1190 Sisenni-

140 1217 207 1258 ani
237 1218 477 1259 diversitate
507 1218 571 1258 sui
600 1230 776 1269 prorsus
809 1220 1016 1261 dissimilis
1054 1231 1103 1260 ac
1132 1231 1268 1271 paene
1297 1219 1462 1270 ineptus
1492 1218 1651 1268 suisset,

140 1287 177 1327 si
204 1287 408 1328 Historias
439 1287 643 1328 voluisset
666 1288 723 1327 ita
751 1289 850 1330 illud
879 1289 1094 1340 excipere,
1126 1293 1172 1328 ut
1201 1287 1468 1329 continuasse
1494 1286 1647 1326 videre-

139 1360 219 1397 tur.
279 1356 399 1406 Quod
431 1357 671 1397 Gerlachius
699 1369 800 1398 vero
832 1359 885 1397 ad
911 1358 1148 1407 opinionem
1178 1368 1296 1397 suam
1326 1355 1651 1396 confirmandam

141 1424 275 1473 addit,
309 1425 420 1464 haud
450 1425 657 1465 minimam
687 1426 776 1466 eius
807 1426 967 1466 consilii
1001 1437 1194 1466 caussam
1221 1425 1263 1465 in
1292 1436 1343 1465 eo
1375 1423 1504 1464 fuisse
1531 1425 1651 1474 posi-

141 1497 246 1542 tam,
301 1494 409 1542 quod
450 1496 534 1544 ipse
579 1498 735 1535 illorum
782 1499 1000 1545 temporum
1040 1495 1172 1543 fuerit
1213 1495 1412 1543 aequalis,
1460 1497 1501 1532 et
1545 1497 1652 1532 recte

141 1562 379 1602 iudicaverit
418 1574 612 1603 summam
659 1565 847 1603 historiae
892 1565 1052 1603 laudem
1095 1565 1143 1603 iis
1179 1564 1222 1602 in
1251 1562 1369 1602 rebus
1404 1562 1653 1602 illustrandis

140 1642 225 1669 esse
273 1632 462 1680 positam,
527 1644 630 1681 quae
684 1634 810 1682 ipsius
865 1634 1072 1681 scriptoris
1128 1632 1317 1670 memoria
1367 1635 1503 1679 aeetae
1561 1631 1651 1678 sint,

141 1698 342 1738 incertum
371 1698 505 1739 habeo
533 1700 732 1740 maiorem
762 1699 803 1738 in
835 1710 884 1738 eo
919 1698 1214 1748 ignorantiam,
1232 1709 1297 1753 *an
1321 1697 1460 1738 iudicii
1484 1708 1651 1747 perver-

141 1767 304 1808 sitatem
334 1779 430 1808 esse
462 1768 608 1808 dicam.
668 1758 768 1809 Nam
800 1767 836 1806 si
862 1767 1038 1807 nescivit
1067 1766 1307 1807 Sallustium
1333 1767 1388 1806 M.
1416 1766 1572 1817 Lepido
1603 1766 1649 1815 Q.

141 1837 283 1876 Catulo
315 1847 428 1876 coss.
459 1841 554 1877 octo
587 1848 790 1877 annorum
815 1836 946 1876 fuisse
974 1847 1168 1886 puerum,
1198 1835 1430 1885 ignorantia
1461 1839 1546 1883 est;
1586 1833 1650 1874 sin

139 1905 298 1956 putavit
331 1906 384 1945 ad
421 1904 635 1945 historiam
678 1910 792 1945 recte
832 1905 1094 1945 scribendam
1131 1904 1345 1952 sufficere,
1395 1903 1432 1944 si
1464 1903 1556 1953 quis
1602 1913 1651 1941 ea

142 1980 332 2025 tempora
366 1973 596 2023 describat,
638 1985 745 2024 quae
778 1974 820 2014 in
855 1973 987 2024 ipsius
1023 1972 1240 2023 pueritiam
1273 1971 1526 2020 inciderunt,
1569 1981 1651 2021 qua

141 2048 276 2083 aetate
305 2042 602 2084 adolescentuli
634 2042 724 2083 aliis
754 2042 944 2083 omnibus
975 2041 1136 2093 potius,
1169 2052 1291 2092 quam
1320 2040 1446 2080 rebus
1475 2039 1650 2090 publicis

140 2121 190 2150 ac
222 2111 408 2151 civilibus
432 2110 576 2150 intenti
603 2123 699 2152 esse
730 2112 879 2160 solent,
909 2112 1062 2151 nedum
1086 2121 1157 2150 eas
1185 2109 1430 2160 intelligant,
1462 2111 1649 2161 profecto

96 2184 103 2190 ·
141 2178 245 2218 haec
274 2178 479 2218 sententia
509 2179 679 2229 puerilis
710 2179 887 2219 dicenda
913 2181 990 2219 est.
1504 2168 1506 2171 ⁵

257 2281 377 2331 Quod
409 2257 553 2332 supra
573 2280 657 2320 dixi
691 2281 927 2322 Sallustium
967 2279 1157 2321 Historiis
1196 2278 1416 2320 duodecim
1446 2289 1648 2320 annorum

141 2347 320 2401 spatium
353 2347 570 2397 (78—67.
602 2361 638 2389 a.
671 2350 761 2389 Chr.
790 2356 850 2398 n.)
887 2351 1150 2400 complexum
1179 2359 1297 2402 esse,
1332 2347 1374 2388 id
1399 2353 1485 2389 tum
1515 2351 1647 2387 exter-

142 2417 206 2457 nis
242 2417 493 2467 argumentis
530 2422 615 2458 tum
654 2417 825 2467 internis
850 2417 1060 2468 probatur.
1120 2418 1182 2457 Ex
1211 2417 1280 2457 illo
1311 2427 1464 2467 genere
1498 2420 1563 2455 est
1590 2419 1648 2454 te·
1717 2436 1732 2449 ι

141 2485 378 2526 stimonium
414 2485 591 2525 Ausonii
626 2486 745 2538 Idyll.
780 2487 849 2534 IV,
889 2484 939 2524 61
967 2496 1082 2535 sqq.,
1121 2485 1174 2524 ad
1211 2497 1318 2536 opus
1347 2483 1647 2538 ,Sallustianum

141 2553 198 2593 ita
226 2553 463 2594 alludentis:

310 2656 395 2695 Iam
420 2654 599 2702 facinus,
632 2654 819 2705 Catilina,
849 2659 964 2695 tuum
993 2656 1220 2708 Lepidique
1249 2655 1477 2703 tumultum,

310 2723 377 2763 Ab
408 2722 565 2773 Lepido
595 2726 636 2761 et
665 2722 807 2763 Catulo
835 2723 915 2762 iam
946 2735 1014 2763 res
1044 2728 1086 2762 et
1117 2729 1305 2774 tempora
1331 2723 1490 2778 Romae

313 2791 443 2832 Orsus
471 2792 529 2832 bis
556 2802 669 2832 senos
697 2795 838 2832 seriem
869 2797 1057 2832 connecto
1073 2804 1155 2843 per
1180 2803 1328 2838 annos,-
