1774 3002
465 151 798 189 HISTORIARUM
825 150 1136 188 FRAGMENTA.
1196 152 1284 188 LIB.
1315 153 1343 188 1.
1571 148 1628 190 29

322 278 391 322 32.
432 274 574 321 Carbo
608 275 723 335 turpi
765 275 995 326 formidine
1029 275 1194 321 ltaliam
1228 281 1360 337 atque
1388 277 1628 323 exercitum

187 358 392 405 deseruit.

322 445 391 489 33.
428 440 485 486 Ut
511 439 679 487 Sullani
705 439 857 502 fugam
882 440 924 487 in
956 443 1127 487 noctem
1153 446 1480 502 componerent.

189 607 370 653 Guttaque
398 605 604 643 Samnitum
634 604 791 642 ducibus
823 605 1093 652 pugnandum;
1123 608 1171 642 cf.
1200 608 1334 644 Vellei.
1361 607 1412 652 11,
1433 610 1492 646 26.
1528 607 1626 643 Flor.

299 719 361 755 Fr.
381 689 441 758 32.
470 716 585 767 [Cort.
604 730 645 766 p.
667 722 772 757 1004
805 718 904 754 Gerl.
931 694 994 755 ed.
1022 720 1111 755 mai.
1137 719 1214 755 Ine.
1235 723 1293 758 52.
1319 719 1383 756 ed.
1399 720 1492 756 min.
1514 720 1548 763 Ι,
1568 721 1629 758 27.

189 788 228 823 p.
250 778 329 819 184,
344 779 404 813 20.
434 775 546 811 Debr.
562 776 589 818 l,
604 776 680 819 40.]
709 774 865 812 Servius
883 775 933 811 ad
957 776 1061 822 Virg.
1082 777 1178 812 Aen.
1198 776 1242 821 11,
1263 780 1346 814 400.
1372 777 1465 813 libro
1483 787 1557 811 non
1576 777 1631 812 in-

190 832 328 868 dicato.
360 830 439 868 Sed
461 831 511 867 ad
526 832 635 878 primi
656 832 736 867 libri
754 831 895 866 initium
921 833 1107 879 pertinere
1132 832 1204 868 hoc
1223 833 1282 868 Fr.
1302 844 1365 869 res
1382 834 1465 880 ipsa
1485 834 1630 880 probat,

189 899 303 936 quum
325 886 504 923 Carbonis
518 887 621 924 haud
641 889 801 934 exiguae
822 893 949 924 essent
971 892 1098 935 partes
1118 889 1155 924 in
1177 888 1303 926 Sullae
1324 890 1422 925 bello
1438 890 1561 934 civili,
1582 888 1631 924 ad

191 943 293 992 quod
323 943 581 980 antecedentia
603 943 828 991 Fragmenta
858 949 1027 990 spectant
1054 946 1192 981 omnia.
1254 945 1375 990 Quum
1400 946 1514 992 igitur
1532 956 1630 981 anno

190 1003 249 1040 82.
265 1011 301 1036 a.
316 998 404 1036 Chr.
419 1010 456 1035 u.
473 1001 583 1035 vario
603 1004 740 1036 eventu
767 1004 803 1035 et
829 1000 866 1035 in
888 999 970 1036 dies
986 1002 1108 1048 magis
1129 1002 1363 1049 improspero
1381 1001 1447 1037 diu
1474 1002 1512 1037 in
1526 1001 1631 1038 Etru-

190 1057 247 1093 ria
266 1059 303 1092 et
328 1056 432 1092 ltalia
448 1056 642 1103 superiore
664 1060 793 1092 contra
815 1054 956 1092 Sullam
981 1058 1137 1104 eiusque
1162 1057 1280 1094 duces
1297 1058 1486 1094 Metellum
1511 1062 1548 1094 et
1562 1059 1631 1094 Lu-

190 1113 328 1149 cullum
355 1116 559 1159 pugnatum
586 1117 708 1157 esset,
736 1123 857 1159 neque
887 1111 1007 1149 Carbo
1036 1114 1193 1150 Marium
1224 1115 1418 1151 Praenesti
1446 1115 1631 1150 inclusum

189 1169 376 1206 obsidioni
393 1170 538 1216 eripere
557 1173 706 1216 posset,
738 1170 936 1205 Norbanus
959 1174 1081 1206 autem
1106 1170 1279 1207 Rhodum
1305 1172 1526 1219 aufugisset,
1552 1172 1633 1218 plu-

188 1236 325 1272 resque
356 1226 541 1262 exereitus
570 1225 780 1262 adSullam
803 1226 1056 1271 transiissent,
1089 1226 1137 1263 de
1159 1229 1273 1264 rebus
1299 1229 1379 1264 suis
1409 1228 1642 1275 desperans,

191 1292 413 1329 quamquam
435 1281 484 1318 ad
499 1283 768 1330 quinquaginta
784 1282 908 1318 adhuc
926 1283 1042 1319 millia
1061 1284 1216 1319 militum
1236 1284 1377 1330 habuit,
1393 1284 1492 1320 unde
1514 1285 1631 1331 turpis

135 1380 142 1386 κ
191 1338 400 1374 formidinis
421 1349 444 1374 a
468 1338 559 1379 Sall.
580 1340 783 1384 incusatur,
811 1339 916 1375 Italia
942 1340 1101 1375 relicta
1093 1351 1129 1375 m
1145 1340 1311 1376 Africam
1333 1353 1374 1377 se
1395 1342 1560 1378 eontulit.
1582 1342 1631 1376 cf.

190 1395 352 1442 Appian.
373 1394 421 1431 de
441 1395 482 1430 B.
506 1395 587 1431 Civ.
602 1396 632 1439 Ι,
656 1398 714 1434 92.
742 1407 777 1456 p.
794 1398 875 1433 128.
892 1395 953 1430 ed.
971 1394 1188 1443 Schweigh.
1215 1388 1258 1433 ‘O
1283 1389 1457 1459 Κάρβων
1474 1409 1632 1447 τριςμυ-

193 1443 340 1500 ρίους”
317 1462 422 1499 ομως
440 1446 495 1487 ἔτι
514 1447 613 1499 ἔχων
629 1447 717 1501 περι
731 1442 774 1486 τὸ
789 1444 986 1488 Κλούσιον
1006 1448 1075 1488 καὶ
1093 1446 1167 1488 δύο
1191 1448 1280 1501 τέλη
1295 1444 1344 1488 τὰ
1366 1450 1634 1516 Δαμασίππου

192 1502 260 1542 καὶ
290 1501 400 1556 ἕτερα
420 1502 510 1568 περὶ
531 1500 736 1569 Κάρῤιναν
764 1502 832 1543 καὶ
838 1500 1067 1569 Μάρκιον,
1098 1508 1309 1545 Σαυνιτῶν
1338 1520 1380 1545 τε
1408 1500 1516 1574 αὐτῷ
1520 1506 1634 1571 χειρὶ

190 1561 317 1625 πολλῇ
328 1555 545 1613 προθύμως
565 1559 654 1625 περι
676 1575 724 1599 τα
738 1554 852 1599 στενὰ
869 1555 1254 1601 κακοπαθούντων’
1229 1558 1427 1627 απογνοὺς
1446 1557 1636 1602 ἆπαντων

193 1609 373 1663 ἆσθενός
390 1614 530 1668 ἔφευγε
542 1610 618 1656 σὺν
630 1619 711 1664 τοῖς
725 1616 854 1667 φίλοις
868 1616 907 1665 ἐς
919 1614 1081 1684 Λιβυην
1099 1616 1138 1667 ἐξ
1146 1612 1352 1667 Troullas*
1326 1632 1473 1666 υπατος
1489 1616 1597 1658 ἔτι*
1562 1634 1633 1670 ων,

193 1666 247 1719 ὥς
259 1667 420 1724 Λιβύην
442 1668 782 1738 παραστησόμενος
806 1669 894 1712 ἀντὶ
911 1676 981 1725 τῆς
991 1668 1163 1722 Ἰταλίας.
1209 1677 1289 1714 τῶν
1309 1673 1353 1715 δὲ
1369 1670 1634 1726 ὑπολειφθέν-

192 1741 272 1766 των
298 1727 340 1767 οἱ
365 1726 438 1779 μὲν
464 1722 568 1780 ἀμφὶ
595 1723 639 1768 τὸ
662 1725 860 1769 Κλούσιον
886 1731 1087 1786 Πομπηΐῳ
1121 1730 1415 1783 συνενεχθέντες
1441 1730 1481 1779 ἐς
1506 1747 1636 1784 μαχην

195 1777 394 1849 ἀπέβαλον
421 1782 459 1832 ἐς
483 1785 717 1850 διςμυρίους.
763 1790 951 1826 Plutarch.
971 1790 1075 1827 Sulla
1103 1802 1136 1826 c.
1163 1794 1227 1835 28,
1255 1796 1350 1827 extr.
1410 1781 1533 1828 Οὗτοι
1559 1795 1634 1837 (sc.

195 1835 422 1905 Πομπήϊος,
429 1837 650 1907 ‘Kpoicooffi
677 1840 896 1907 Μέτελλος,
926 1845 1173 1909 Σερουΐλιος)
1195 1841 1365 1896 μεγάλας
1392 1843 1636 1910 συνέτριψαν

196 1891 382 1948 δυνάμεις
394 1898 473 1936 τῶν
481 1898 688 1948 πολεμίων,
714 1894 809 1938 ὥστε
827 1893 896 1939 τὸν
909 1895 1076 1950 μάλιστα
1094 1894 1168 1951 τὴν
1185 1899 1368 1939 ἐναντίαν
1386 1896 1524 1939 στάσιν
1540 1912 1635 1940 συν·

199 1950 334 2017 έχοντα
355 1948 599 2017 Κάρβωνα
624 1949 815 2007 νύκτωρ
844 1950 1139 2009 ἇποδραντα
1167 1958 1256 2007 τῆν
1281 1955 1460 1995 ἑαυτοῦ
1486 1968 1634 2008 στρα·

199 2001 333 2057 nav,
362 2007 434 2054 εἰς
459 2004 660 2060 Λιβύην
680 2007 967 2050 ἐκπλεῦσαι.
1026 2014 1180 2060 Eutrop.
1197 2015 1245 2059 V,
1264 2018 1302 2053 8.
1331 2016 1415 2051 Liv.
1433 2015 1530 2062 Epit.
1544 2018 1605 2054 88.

271 2067 374 2102 .Fr.
389 2069 448 2103 33.
478 2066 607 2111 [Deest
628 2067 730 2114 apud
751 2067 863 2113 Cori„
888 2069 988 2105 Gerl.
1008 2070 1067 2106 ed.
1083 2071 1172 2106 mai.
1197 2074 1235 2106 et
1257 2070 1368 2108 Debr.
1382 2071 1556 2108 —GerL
1570 2071 1633 2108 ed.

202 2122 290 2157 min.
310 2122 345 2166 Ι,
371 2125 452 2160 125.
475 2133 519 2169 p.-
531 2125 618 2167 199,
646 2124 700 2167 5.]
744 2098 906 2172 Fragiu.
930 2137 1065 2162 recens
1087 2127 1248 2163 accessit
1266 2138 1287 2162 e
1310 2128 1395 2164 cod.
1418 2127 1516 2163 Gud.
1538 2128 1635 2164 Aru-

203 2178 299 2214 siaui
323 2188 362 2214 v.
386 2179 423 2213 in
450 2183 607 2225 noctem,
640 2191 680 2226 p.
706 2182 789 2218 239.
818 2181 1011 2227 Lindem.‚·
1030 2183 1091 2219 ubi
1121 2187 1294 2230 corrupte
1326 2185 1381 2220 sic
1413 2185 1567 2231 legitur:
1595 2189 1638 2220 ut

201 2235 244 2269 si
271 2235 399 2270 illam
416 2233 545 2282 fuyam
570 2237 870 2272 innocentem
891 2239 930 2273 in
947 2243 1086 2275 noctem
1111 2245 1382 2286 componerent.
1439 2241 1540 2276 Haec
1560 2242 1635 2288 pri-

203 2301 285 2326 mus
314 2294 413 2326 recte
439 2292 626 2327 constituit
644 2292 829 2329 Linkerus
857 2293 905 2329 de
932 2294 1022 2331 Sall.
1041 2295 1200 2332 Historr.
1224 2297 1397 2332 Prooem.
1421 2307 1460 2344 p.
1488 2301 1535 2336 66
1563 2309 1634 2344 sq.‚

201 2349 354 2382 secutus
373 2354 448 2382 van
465 2346 533 2382 der
547 2348 700 2383 Hoeven
720 2349 759 2384 in
770 2349 1038 2396 Specim.liter.
1053 2351 1101 2387 de
1120 2354 1287 2388 nonnull.
1301 2354 1374 2389 loc.
1390 2357 1479 2389 vett.
1494 2354 1635 2400 scriptt.

202 2413 237 2438 e.
257 2402 419 2449 append.
437 2402 484 2438 de
498 2404 613 2439 Arus-
631 2404 760 2441 Messii
783 2408 943 2453 exempl.
959 2408 1227 2452 elocutionum,
1246 2420 1285 2455 p.
1301 2411 1374 2454 45„
1395 2410 1459 2456 qui
1480 2410 1635 2446 feliciter

205 2469 252 2494 ex
275 2458 388 2494 codd.
409 2458 540 2494 Leidd.
561 2459 704 2496 Sullani
719 2463 888 2507 protulit,
919 2463 1079 2499 divulsis
1112 2465 1268 2511 syllabis
1304 2465 1342 2500 in
1366 2467 1401 2501 si
1426 2467 1525 2502 illam
1554 2478 1635 2502 cor-

204 2519 372 2561 ruptum,
398 2514 447 2550 de
467 2526 541 2562 quo
564 2515 791 2562 depravatae
811 2519 1017 2565 scripturae
1045 2531 1186 2567 genere
1203 2522 1250 2556 ef.
1271 2521 1331 2558 Fr.
1346 2521 1413 2566 III,
1433 2525 1493 2560 23.
1504 2522 1564 2567 ΙΠ,
1573 2525 1632 2566 82,

204 2572 263 2623 ‚¹9-
291 2571 355 2615 lv,
377 2573 437 2609 58.
460 2576 497 2606 et
517 2581 612 2617 quae
631 2573 789 2618 plurima
807 2575 1027 2622 collegimus
1043 2577 1080 2611 in
1099 2577 1276 2624 Prolegg.
1291 2577 1448 2613 adven.
1468 2589 1508 2624 p.
1525 2578 1564 2616 C.
1574 2590 1632 2625 sq.

202 2625 367 2672 Ineptam
388 2637 520 2662 vocem
532 2629 762 2665 *innocentem
774 2630 957 2668 Linkerus
977 2636 1076 2667 recte
1096 2632 1191 2668 vidit
1209 2643 1257 2668 ex
1280 2633 1531 2681 dittographia
1551 2646 1634 2670 ver-

201 2682 334 2718 borum
357 2684 395 2729 in
425 2688 565 2720 noctem
587 2685 703 2720 ortam
731 2696 836 2736 esse,
866 2683 940 2734 quo
960 2688 1072 2727 modo
1088 2690 1198 2724 etiam
1219 2683 1415 2736 peccatum
1431 2695 1487 2726 est
1515 2690 1631 2733 Frsl,

203 2740 269 2782 45,
303 2742 338 2776 2.
405 2739 506 2776 Idem
538 2740 587 2776 V.
620 2739 665 2775 D.
701 2741 944 2789 fragmentum
987 2745 1183 2781 verissime
1217 2747 1338 2782 retulit
1381 2745 1431 2781 ad
1470 2751 1632 2781 atrocem
