1774 3002
504 157 835 198 nlsromAmm
861 157 1174 196 FRAGMENTA.
1231 158 1320 196 Lm.
1351 159 1395 195 11.
1566 152 1649 198 167

170 294 192 330 7
208 288 417 346 possunt,
446 298 590 345 neque
618 282 741 330 utilia
769 298 939 343 parare.
994 280 1228 329 Exercitus
1257 281 1302 327 in
1331 281 1442 327 Asia
1469 280 1648 328 Cilicia-

206 383 295 429 que
318 365 378 412 ob
395 366 559 412 nimias
581 381 691 426 opes
722 366 980 413 Mithridatis
1005 366 1202 421 aluntur,
1234 364 1489 411 Macedonia
1516 365 1646 426 plena

204 450 397 497 hostium
423 453 513 506 est,
545 465 625 496 nec
648 450 791 496 minus
821 450 970 496 Italiae
990 449 1220 496 marituma
1243 450 1288 493 et
1306 447 1645 508 provinciarum,

206 547 341 596 quum
368 532 538 580 interim
566 533 803 594 vectigalia
836 548 975 593 parva
1004 535 1048 578 et
1076 532 1203 578 beilis
1231 531 1398 578 incerta
1426 530 1504 578 vix
1538 547 1647 593 par·
1711 564 1714 565 γ

198 655 440 735 ‘Poocnnv'
414 683 441 719 η
462 661 530 707 τὸν
548 662 682 720 Αἶμον
703 667 877 715 οἰκοῦσι,
911 665 978 707 καὶ
1003 665 1066 707 ἐπὶ
1086 666 1214 706 τοῖσδε
1236 661 1485 732 Βαστέρναι,
1515 660 1559 706 τὸ
1578 660 1648 706 ἆλ-

207 736 427 775 κιμωτατον
452 716 584 764 αὐτῶν
607 722 730 777 γένος.
789 719 941 764 Τοσάδε
980 721 1053 775 μὲν
1079 716 1129 774 δὴ
1158 721 1226 762 καὶ
1251 724 1331 787 τῆς
1343 716 1542 776 Εὐρώπης
1566 718 1650 764 τότε

205 774 562 848 προσελάμβανεν
545 796 566 821 o
586 775 858 833 Μιθριδάτης.
902 779 981 820 Καὶ
1004 777 1191 846 μυριαδες
1212 777 1256 819 ἐκ
1274 774 1435 818 πάντων
1458 778 1495 828 ἐς
1514 777 1558 819 τὸ
1573 775 1649 832 μά

206 848 321 889 χιμον
339 831 463 892 αὐτῷ
472 835 724 889 συνελέγοντο
749 837 1092 907 τεσσαρεςκαίδεκα
1116 832 1286 888 μάλιστα
1293 837 1470 903 Ἡπεζῶν,
1490 835 1559 876 καὶ
1584 837 1648 877 ἰπ-

206 896 291 941 mle
307 891 371 932 ἐπὶ
389 894 543 960 μυρίοις
563 892 825 946 ἑξακισχίλιοι.
852 888 975 942 nolus
995 891 1039 934 δὲ
1061 891 1129 933 καὶ
1151 889 1268 940 αλλος
1290 886 1428 943 ομιλος
1452 886 1652 934 ὁδοποιῶν

207 948 275 990 καὶ
299 946 554 1003 σκευοφόρων
581 949 709 990 εἵπετο
728 949 796 990 καὶ
822 947 1016 1003 ἐμπόρων.
1045 973 1103 979 —-
1131 953 1184 988 De
1206 951 1428 989 Macedonia
1446 953 1563 1000 plena
1582 952 1646 990 Ιιο

205 1011 313 1046 snm
331 1019 369 1046 v.
390 1014 566 1046 annotata
584 1009 634 1045 ad
653 1011 714 1046 Fr.
735 1014 794 1049 41.
816 1013 876 1048 42.
894 1013 953 1050 43.
980 1009 1197 1046 -»Ιια1ι“αε
1215 1010 1411 1045 maritmm
1438 1013 1474 1046 et
1492 1012 1648 1057 provin

205 1067 349 1102 ἄοινοι
373 1066 642 1103 infestabantur
666 1077 689 1103 a
715 1067 868 1114 piratis,
896 1071 935 1103 ut
956 1066 1095 1103 dictum
1118 1070 1175 1102 est
1193 1066 1244 1102 ad
1265 1066 1324 1102 Fr.
1346 1067 1406 1104 48.
1446 1067 1493 1103 et.
1517 1066 1595 1103 Cic.
1613 1079 1651 1114 p.

207 1123 231 1158 I.
247 1122 376 1158 Manii.
389 1133 423 1158 c.
434 1126 493 1161 12.
515 1123 702 1159 Plutarch.
718 1124 755 1159 in
770 1124 902 1171 Pomp.
918 1126 1020 1162 c.-24.
1037 1120 1095 1148 ’-
1115 1123 1170 1158 De
1189 1134 1262 1159 usu
1277 1126 1312 1158 et
1329 1123 1474 1159 ratione
1491 1124 1652 1170 particu-

206 1180 325 1215 larum
344 1189 455 1226 qnam
474 1181 619 1217 interim
642 1193 678 1217 v.
701 1180 864 1218 Gramm.
880 1182 943 1217 lat.
959 1185 1076 1217 nostr.
1093 1182 1263 1223 §.147.4.
1280 1183 1356 1215 not.
1365 1183 1401 1218 2.
1414 1191 1448 1216 a.
1464 1192 1502 1226 p.
1514 1183 1651 1227 5083q.

206 1236 341 1271 coliata
368 1236 610 1272 annotatione
642 1236 691 1272 ad
711 1237 791 1284 lug.
820 1248 854 1273 e.
874 1236 954 1281 XII,
971 1242 1007 1275 5.
1035 1249 1074 1284 p.
1090 1239 1148 1275 64.
1183 1236 1276 1275 Hist.
1305 1237 1367 1272 Fr.
1391 1236 1451 1282 III,
1475 1242 1507 1281 1,
1529 1240 1563 1276 2.
1599 1256 1647 1263 -

205 1291 399 1329 Partem
422 1297 631 1340 sumptuum
660 1293 780 1330 Faber
811 1304 879 1340 pro
916 1294 1106 1330 dimidia
1129 1297 1245 1340 parte
1274 1297 1483 1340 sumptuum
1513 1293 1651 1331 dietum

205 1351 353 1392 censet,
383 1349 485 1395 quod
505 1349 595 1386 mihi
617 1361 690 1387 non
718 1351 917 1397 persuasit.
967 1351 1059 1387 Nam
1082 1360 1177 1396 quae
1197 1349 1307 1385 affert
1324 1349 1437 1386 huius
1466 1350 1654 1397 signifiea-

205 1406 318 1441 tionis
342 1407 515 1452 exempla
542 1417 590 1442 ex
616 1407 722 1443 Livio
747 1406 842 1450 VIII,
864 1410 899 1454 4,
923 1411 978 1445 ll.
1011 1411 1047 1442 et
1067 1418 1099 1442 c.
1121 1408 1180 1450 24,
1202 1408 1258 1444 14.
1287 1407 1421 1453 petita,
1454 1407 1653 1454 vulgarem

207 1462 496 1509 explicationem
517 1463 626 1498 facile
646 1463 862 1508 admittunt3
888 1464 954 1510 qu‘r
972 1467 1095 1499 autem
1116 1463 1327 1510 speciosior
1348 1467 1406 1498 est
1423 1463 1472 1499 ad
1492 1465 1653 1510 proban-

207 1518 296 1555 dum
313 1518 418 1554 locus
435 1517 630 1555 Ciceronis
648 1530 686 1566 p.
708 1520 802 1556 Mur.
824 1531 857 1559 e.
878 1524 937 1564 20,
957 1522 1017 1557 42.
1036 1519 1140 1555 multi
1155 1520 1227 1556 mri
1239 1518 1359 1566 fortes
1377 1523 1413 1555 el
1418 1530 1543 1567 prope
1553 1530 1654 1568 pars

206 1575 359 1611 civitatis
387 1575 534 1622 offensa
561 1580 633 1620 est,
662 1577 753 1612 vitio
782 1575 942 1613 affectus
971 1576 1120 1613 videtur
1153 1580 1188 1612 et
1218 1576 1273 1612 sie
1300 1577 1581 1613 emendandus:
1621 1581 1656 1614 et

202 1630 375 1679 proba
367 1641 469 1678 pars
485 1633 552 1668 civ.
571 1632 640 1680 off.
659 1637 724 1668 est.
766 1633 890 1669 Nostri
914 1634 987 1669 loci
1007 1633 1103 1669 ratio
1122 1632 1301 1679 expedita
1324 1638 1400 1678 est,
1432 1634 1463 1669 si
1487 1635 1652 1670 tenueris

199 1690 350 1735 par-tom
369 1688 407 1723 in
427 1688 647 1725 universum
662 1689 876 1736 significare
898 1690 938 1725 id
949 1718 958 1735 ,
987 1690 1086 1737 quod
1103 1693 1173 1725 toto
1192 1690 1311 1725 minus
1330 1694 1417 1725 est.
1438 1690 1562 1735 Quare
1580 1690 1653 1726 hoe

166 1776 169 1778 ,
208 1744 299 1781 dicit
318 1743 445 1781 Cotta:
474 1746 679 1793 vectigalia
701 1746 917 1793 neutiquam
936 1755 1062 1783 omnes
1082 1750 1252 1792 sumptus
1271 1750 1484 1793 praestant,
1507 1758 1654 1783 eorum-

207 1811 279 1848 que
298 1801 475 1849 exiguam
500 1806 641 1838 tantum
659 1806 802 1849 partem
829 1804 1024 1839 sustinent.
1062 1802 1299 1838 Difficultatis
1322 1806 1445 1839 autem
1466 1803 1655 1851 significa-

207 1858 258 1906 tio
278 1868 354 1893 non
374 1859 496 1905 magis
517 1859 555 1894 in
574 1859 639 1895 vix
660 1859 843 1906 particula
862 1870 973 1907 quam
1001 1860 1038 1895 in
1065 1861 1244 1896 susiiraere
1263 1861 1380 1895 verbo
1402 1860 1521 1903 inest,
1553 1860 1654 1906 quod

208 1914 373 1960 legitime
400 1913 448 1948 de
478 1914 525 1950 iis
546 1916 659 1950 rebus
682 1914 834 1960 dicitur,
868 1923 964 1962 quae
986 1916 1175 1962 negotium
1207 1917 1398 1951 facessunt
1425 1916 1653 1959 hominibus,

208 1973 245 2004 et
271 1969 444 2015 quamvis
477 1971 713 2006 contentione
736 1971 903 2007 adhibita
929 1971 1183 2007 tantummodo
1214 1972 1431 2017 imperfecte
1457 1972 1571 2017 fiunt;
1605 1974 1653 2008 cs.

209 2035 306 2072 quae
341 2024 389 2060 de
419 2025 531 2061 simili
561 2038 633 2062 usu
658 2029 764 2063 verbi
795 2028 953 2064 tolerare
980 2027 1143 2063 dixImus
1172 2027 1222 2063 ad
1255 2027 1360 2063 Catil.
1397 2040 1429 2064 c.
1458 2029 1591 2074 XXIV,
1616 2032 1652 2067 3.

208 2093 247 2129 p.
269 2083 348 2120 119.
388 2081 562 2118 Alienum
589 2083 701 2130 igitur
729 2087 806 2128 est,
837 2083 940 2130 quod
959 2084 1179 2120 Gerlachius
1201 2084 1286 2121 Vol.
1307 2084 1369 2122 III.
1389 2097 1427 2132 p.
1446 2089 1527 2122 121.
1543 2087 1654 2122 susti-

208 2140 295 2174 nent
319 2137 578 2184 interpretatur
602 2144 818 2187 suqyerunt,
847 2133 1098 2188 suppeditant,
1121 2140 1315 2188 praebant.
1349 2161 1408 2168 --
1437 2141 1520 2186 Ita,
1553 2142 1655 2189 quod

211 2193 430 2231 ciacconius
463 2195 618 2232 mirifice
644 2207 713 2244 pro
742 2200 942 2244 praeterea
972 2198 1135 2244 positum
1173 2201 1321 2242 censet,
1359 2199 1461 2234 valet
1499 2198 1557 2234 Ῐιίε
1591 2209 1654 2234 re-

210 2251 276 2287 bus
306 2251 358 2286 iia
386 2253 628 2298 comparatas,
673 2253 721 2289 ef.
755 2252 834 2289 Cat.
861 2254 959 2299 vm,
988 2256 1023 2292 4.
1058 2253 1139 2301 lug.
1167 2253 1382 2299 LXXXVII,
1403 2258 1438 2293 3
1476 2260 1513 2291 et
1538 2265 1576 2291 v.
1605 2255 1654 2290 ad

210 2306 288 2343 Cat.
308 2307 389 2350 VH,
411 2310 447 2346 6.
467 2318 507 2355 p.
526 2311 609 2353 41.;
649 2309 690 2345 id
716 2321 793 2346 non
822 2311 1018 2347 assecutus
1045 2310 1342 2358 Havercampius
1369 2313 1467 2347 male
1497 2312 1656 2348 coniecit

210 2363 442 2404 mtinenit'm
469 2364 588 2402 classe
606 2370 676 2402 etc.
706 2386 763 2392 --
790 2365 894 2411 Quae
911 2371 1130 2404 commentus
1149 2367 1319 2404 utebatur
1339 2372 1519 2404 constans
1542 2373 1600 2405 est
1620 2372 1656 2403 et

212 2419 411 2456 sanissima
437 2422 600 2456 omnium
627 2422 738 2458 codd.
765 2423 896 2468 lectio,
931 2425 970 2460 in
990 2423 1094 2460 editt.
1123 2424 1211 2460 olim
1235 2424 1277 2459 in
1294 2423 1395 2460 hunc
1417 2424 1571 2460 modum
1592 2424 1655 2460 de·

213 2480 373 2523 pravata
402 2487 492 2523 qua
519 2482 739 2516 commeastis
762 2452 1033 2518 vehel'mtur.
1079 2480 1209 2516 Totius
1241 2481 1315 2516 ioci
1348 2491 1504 2525 sensus,
1544 2492 1653 2528 quem

213 2532 356 2569 eortius
370 2543 510 2579 parum
530 2536 723 2581 perspexit
748 2536 913 2574 utebatur
933 2538 1105 2585 imperite
1126 2547 1288 2572 censens
1323 2548 1392 2584 pro
1421 2540 1565 2574 mentm·
1587 2549 1654 2585 po-

212 2590 323 2625 situm
342 2599 442 2634 esse,
462 2588 527 2626 hic
544 2593 621 2627 est:
643 2592 791 2636 classis,
811 2602 909 2640 quae
930 2594 1014 2630 olim
1033 2591 1244 2640 sufficiebat
1260 2593 1530 2631 commeatibus
1550 2598 1654 2630 tuen—

213 2643 293 2697 dis,
321 2644 416 2690 iam,
442 2646 480 2682 vi
509 2647 653 2694 imperii
673 2650 724 2683 tot
753 2647 1030 2687 difficultatibus
1058 2649 1246 2695 districta,
1273 2651 1311 2686 in
1329 2654 1404 2687 tam
1432 2652 1567 2687 multas
1588 2651 1654 2685 mi-

210 2704 393 2747 nutasque
425 2706 553 2749 partes
580 2702 786 2741 dividenda
811 2705 899 2751 ruit,
937 2709 978 2743 ut
1003 2706 1271 2744 commeatibus
1296 2706 1446 2744 tuendis
1474 2717 1545 2755 par
1567 2717 1653 2744 esse

210 2766 284 2794 non
302 2758 436 2806 possit.
