1774 3002
439 163 768 201 HISTORIARUM
794 162 1101 201 FRAGMENTA.
1147 164 1234 200 LIB.
1260 165 1322 201 IV.
1539 158 1626 202 m

316 289 387 332 55.
443 285 496 331 Si
523 285 630 331 nihil
662 289 765 332 ante
797 285 1034 332 adventum
1069 301 1197 332 suum
1235 287 1348 333 inter
1380 287 1551 348 plebem
1582 291 1626 334 et

184 370 333 428 patres
364 369 665 424 convenisset,
693 383 841 415 coram
875 383 928 414 se
953 369 1155 415 daturum
1190 385 1384 430 operam.

322 456 391 498 56.
446 452 681 514 Multisque
707 452 1032 513 suspicionibus
1058 452 1251 499 volentia
1278 453 1395 514 plebi
1428 454 1625 499 facturus

182 534 436 583 habebatur.
1006 531 1011 534 ¹

182 671 356 710 finitoad
374 672 607 710 consulatum
626 673 823 720 aspiraret,
836 683 912 708 non
930 677 1129 720 putaverat
1147 673 1240 717 sore,
1269 677 1310 709 ut
1336 672 1537 720 Pompeius
1556 672 1623 709 mi-

183 724 337 766 noribus
357 730 637 778 magistratibus
657 729 822 766 nondum
845 731 990 767 functus
1011 741 1096 767 cum
1122 731 1206 777 ipso
1235 741 1420 767 summum
1440 729 1622 766 honorem

181 787 375 832 obtineret,
395 786 466 823 sed
485 788 672 831 viatorem,
698 789 725 824 i.
746 798 779 823 e.
801 788 923 824 minus
951 789 989 824 in
1009 787 1159 824 civitate
1183 788 1382 833 valentem,
1412 791 1450 822 et
1467 788 1527 823 δαὶ
1543 787 1624 823 eul-

182 847 318 888 torm,
354 844 381 879 i.
401 855 437 880 e.
466 843 606 890 primas
634 844 707 890 ipsi
731 843 1001 880 concedentem
1030 845 1175 891 sibique
1207 844 1409 881 obnoxium
1438 855 1482 880 ac
1516 853 1623 880 suam

182 900 342 947 gratiam
368 904 624 947 quaerentem,
642 901 815 948 colleyam
834 906 1136 948 exspectaverat.
1192 900 1302 946 Quod
1322 901 1450 937 attinet
1471 899 1522 936 ad
1545 900 1625 936 uni-

183 967 336 993 versam
361 957 594 1002 sententiam,
625 957 731 994 cuius
751 957 824 994 hoc
844 958 1106 1006 Fragmentum
1126 968 1217 1004 pars
1240 958 1327 1003 suit,
1350 957 1455 994 haud
1480 958 1622 993 absone

183 1013 362 1050 coniicias
382 1012 600 1050 Sallustium
619 1014 697 1050 sere
711 1014 785 1050 hoc
808 1014 963 1059 dixisse,
985 1013 1175 1059 Crassum,
1203 1015 1266 1062 qui
1293 1015 1414 1062 primo
1441 1014 1622 1050 minorem

183 1074 220 1106 et
245 1070 304 1106 sui
325 1071 503 1107 cultorem
526 1070 708 1118 collegam
727 1075 983 1118 exspectaret,
1014 1075 1213 1119 postquam
1231 1072 1448 1119 Pompeium
1473 1081 1622 1118 compe-

183 1126 329 1163 titorem
356 1126 514 1173 viderit,
549 1126 599 1162 ita
636 1127 683 1163 de
709 1128 808 1164 fastu
834 1128 1051 1176 remisisse,
1079 1132 1118 1163 ut
1145 1127 1243 1164 adeo
1262 1128 1430 1175 Pompeii
1452 1128 1619 1164 savorem

182 1187 294 1246 atque
319 1184 476 1231 gratiam
504 1188 719 1230 expeteret;
750 1186 797 1220 cs.
821 1184 1008 1220 Plutarch.
1038 1185 1075 1220 in
1105 1185 1236 1232 Pomp.
1262 1197 1296 1221 c.
1324 1182 1386 1223 22.
1439 1176 1624 1235 Κράσσος

182 1230 286 1291 ἀνὴρ
306 1239 386 1276 τῶν
410 1232 495 1277 τότε
514 1236 824 1288 πολιτευομένων
849 1234 1136 1286 πλουσιώτατος
1160 1237 1230 1278 καὶ
1258 1235 1477 1285 δεινότατος
1500 1237 1624 1278 εἰπεῖν

182 1291 252 1332 καὶ
282 1291 460 1359 μέγιστος
493 1290 616 1334 αὐτόν
653 1308 693 1333 τε
718 1292 932 1362 Πομπήϊον
959 1289 1226 1364 ὑπερφρονῶν
1257 1293 1326 1334 καὶ
1352 1290 1449 1344 τοὺς
1479 1290 1623 1341 ἄλλους

182 1363 378 1400 απαντας,
405 1344 481 1389 οὐκ
498 1347 719 1403 ἐθάρῤησεν
737 1346 927 1390 ὑπατείαν
953 1351 1124 1418 μετιέναι
1141 1346 1339 1420 πρότερον
1357 1346 1387 1402 ἦ
1407 1352 1623 1403 Πομπηΐου

182 1405 388 1472 δεηθῆναι.
445 1409 499 1445 ld.
520 1410 558 1445 in
581 1409 704 1446 Crass.
727 1422 761 1446 c.
783 1415 839 1455 12,
859 1411 911 1447 in.
964 1402 1083 1448 Μετα
1112 1406 1156 1447 δὲ
1174 1411 1297 1448 ταῦτα
1313 1410 1384 1447 τοῦ
1393 1408 1623 1475 Πομπηΐον

183 1455 354 1502 αὐτόθεν
380 1460 444 1501 ἐπὶ
468 1457 542 1514 τὴν
573 1457 763 1503 ὑπατείαν
790 1448 1036 1515 καλουμένου
1064 1463 1223 1512 ἐλπίδας
1254 1464 1355 1517 ἔχων
1387 1459 1409 1504 ὁ
1438 1460 1622 1518 Κράσσος

183 1513 431 1572 συνάρξειν”
407 1533 513 1570 ομως
531 1512 606 1558 onix
628 1515 781 1572 ὤκνησε
796 1523 865 1560 τοῦ
883 1522 1100 1573 Πομπηΐου
1118 1521 1326 1573 δεηθῆναι.

294 1578 355 1615 Fr.
377 1582 436 1617 55.
477 1578 594 1624 [Cort.
620 1591 660 1626 p.
686 1581 768 1619 979
798 1579 897 1617 Gerl.
924 1581 987 1617 ed.
1007 1582 1096 1618 mai.
1115 1581 1180 1626 IV,
1202 1583 1261 1619 42.
1279 1581 1342 1617 ed.
1362 1581 1452 1618 min.
1468 1580 1536 1632 lv,
1559 1583 1620 1619 36.

182 1645 222 1682 p.
246 1637 337 1680 ²28,
365 1638 403 1674 9.
445 1635 563 1672 Dehr.
586 1636 646 1680 ΠΙ,
674 1637 751 1681 99.]
804 1637 951 1683 Verba,
979 1649 1075 1684 quae
1102 1639 1276 1685 leguntur
1304 1638 1408 1685 apud
1425 1637 1619 1685 Priscian.

184 1691 284 1736 xlv,
299 1688 340 1737 6,
359 1694 418 1730 48.
438 1702 476 1738 Ρ.
494 1695 578 1731 608.
597 1693 675 1737 Kr„
701 1698 827 1740 aperte
851 1698 937 1730 sunt
950 1695 1131 1742 Pompeii,
1150 1705 1306 1742 operam
1328 1705 1436 1731 suam
1457 1696 1495 1730 in
1515 1694 1623 1729 resti—

186 1747 324 1784 tuenda
345 1752 528 1796 potestate
550 1750 738 1787 tribunitia
756 1751 982 1798 pollicentis.
1025 1751 1096 1796 Qui
1118 1762 1231 1798 quum
1251 1752 1326 1787 iam
1347 1752 1489 1798 aliquot
1511 1751 1621 1787 annis

186 1808 272 1840 ante
290 1806 525 1842 consulatum
546 1817 655 1842 suum
674 1818 723 1842 ex
748 1809 978 1854 optimatium
1000 1809 1134 1844 castris
1160 1809 1355 1855 paullatim
1380 1819 1422 1844 se
1451 1808 1620 1854 recipere

186 1860 389 1908 incepisset
412 1863 480 1906 (cs.
510 1862 572 1898 Fr.
600 1863 660 1908 ΠΙ,
679 1865 739 1909 82,
757 1866 969 1908 21—23·),
998 1875 1095 1900 anno
1115 1868 1174 1903 71.
1197 1876 1231 1899 a.
1256 1863 1341 1900 Chr.
1363 1876 1439 1900 non
1459 1865 1620 1911 amplius

188 1915 439 1954 dissimulavit
466 1918 587 1964 plebis
613 1923 740 1965 partes
768 1931 811 1955 se
832 1921 937 1966 sequi
969 1921 1229 1964 constituisse,
1263 1921 1524 1967 tribunitiaque
1549 1931 1621 1968 po-

186 1976 317 2008 testate
351 1973 582 2009 restituenda
605 1976 825 2022 popularem
860 1976 963 2021 fieri;
993 1978 1044 2012 cs.
1067 1976 1241 2013 Plutarch
1271 1977 1310 2012 in
1336 1978 1468 2025 Pomp.
1497 1989 1533 2013 c.
1560 1981 1621 2017 21.

190 2018 280 2067 On‘m
303 2021 500 2074 ἐλάττονες
520 2017 625 2078 ἦσαν
649 2030 729 2068 τῶν
747 2028 789 2068 δί
811 2025 971 2069 εὔνοιαν
988 2026 1201 2096 τρεχόντων
1218 2029 1288 2069 καὶ
1304 2030 1621 2099 φιλοφρονουμέ-

187 2097 270 2122 νων
298 2075 392 2120 καθ’
421 2076 518 2122 ὁδὸν
542 2083 586 2122 οἱ
609 2079 724 2152 φόβω
750 2087 873 2125 ταῦτα
899 2088 1114 2134 ποιοῦντες.
1169 2080 1275 2126 Ἐπει
1301 2085 1346 2127 δὲ
1379 2087 1447 2127 καὶ
1475 2085 1622 2154 ταύτην

187 2132 316 2178 ἇνεῑλε
326 2132 416 2203 τὴν
440 2133 636 2180 ὑπόνοιαν
662 2136 684 2180 ὃ
704 2137 917 2194 Πομπήϊος
932 2138 1132 2196 προειπὼν
1154 2137 1324 2196 ἀφήσειν
1340 2158 1385 2183 το
1402 2141 1622 2212 στράτευμα

188 2208 284 2246 μετα
300 2187 370 2234 τὸν
386 2195 600 2248 θρίαμβον,
615 2196 666 2237 ’ἓν
684 2197 891 2238 αἰτιᾶσθαι
911 2203 991 2247 τοῖς
1009 2200 1270 2266 βασκαίνουσι
1296 2203 1436 2269 περιῆν
1458 2196 1621 2244 ὑπόλοι-

187 2265 277 2298 πον,
299 2265 375 2290 οτι
392 2252 457 2307 τῷ
480 2251 618 2308 δήμῳ
636 2253 900 2321 προςνέμει
924 2256 1150 2307 ‘tattone'
1132 2271 1308 2298 εαυτον
1323 2253 1353 2311 ἢ
1374 2261 1432 2314 τῇ
1449 2259 1620 2326 βουλῇ,

189 2321 279 2347 και
308 2321 360 2346 το
384 2309 467 2374 τῆς
495 2294 775 2375 δημαρχίας
795 2305 1003 2364 ἆξίωμα,
1029 2309 1199 2354 Συλλα
1225 2313 1619 2383 καταβαλόντος,

192 2363 409 2431 ἔγνωκεν
434 2358 710 2406 ἀνιστάναι
736 2366 831 2407 παι
857 2369 1118 2422 χαρίζεθαι
1144 2374 1254 2419 τοῖς
1280 2368 1547 2425 πολ,λ.οἴς,“’Ι
1525 2387 1620 2426 οπερ

188 2411 242 2472 ἦν
277 2412 437 2471 αληθές.
494 2423 551 2460 Ex
584 2424 707 2463 Sallus
709 2427 818 2464 tianis
851 2430 978 2466 verbis
1014 2434 1138 2466 autem
1170 2435 1274 2478 patet
1305 2433 1467 2479 partium
1500 2445 1619 2481 popu-

192 2478 323 2514 larium
348 2485 646 2527 propugnatores
672 2493 756 2520 cum
775 2485 951 2532 Pompeio
981 2487 1019 2522 in
1046 2487 1130 2534 ipso
1151 2488 1234 2524 eius
1254 2488 1385 2525 itinere
1406 2490 1456 2526 ad
1475 2492 1618 2534 urbem,

190 2534 327 2618 legatis
346 2535 486 2580 missis,
506 2538 663 2574 consilia
682 2540 898 2587 agitavisse.

300 2591 363 2628 Fr.
383 2595 441 2630 56.
483 2591 659 2642 [Con-p.
680 2598 763 2634 990.
790 2596 887 2634 Gerl.
906 2597 970 2634 ed.
993 2599 1079 2641 mai.
1101 2599 1173 2646 IV,
1199 2602 1256 2638 17.
1282 2600 1342 2637 ed.
1362 2603 1454 2639 min.
1473 2602 1539 2648 IV,
1557 2605 1618 2641 35.

189 2655 228 2693 Ρ.
254 2650 344 2692 228,
373 2650 409 2686 8.
443 2647 553 2685 Debr.
582 2651 643 2696 ΙΙΙ,
667 2649 767 2697 100.]
818 2653 1083 2701 Fragmentum
1110 2656 1207 2700 hoc,
1236 2657 1337 2703 quod
1362 2663 1486 2696 exstat
1517 2659 1617 2706 apud

189 2702 348 2749 Non.11‚
380 2707 463 2743 900
495 2709 648 2753 p.1ffi‚
677 2711 735 2746 19.
767 2709 939 2756 Mercer„
971 2711 1141 2747 eiusdem
1179 2717 1237 2749 est
1270 2716 1476 2762 argumenti
1506 2720 1617 2762 atque

188 2760 436 2805 praecedens,
462 2772 584 2809 neque
604 2762 762 2801 dubitari
779 2770 920 2812 potest,
950 2768 1039 2814 quin
1060 2773 1253 2816 utrumque
1276 2771 1314 2806 in
1334 2772 1496 2808 confinio
1516 2773 1619 2820 posi-
