1774 3002
497 119 827 161 ms'ronmtuu
853 117 1166 157 FRAGMENTA.
1223 117 1311 154 LIB.
1339 117 1383 153 11.
1581 109 1664 152 151

221 247 431 308 quaestor
452 246 496 291 in
522 258 684 291 novam
713 243 984 305 provinciam
1001 240 1200 287 Curcnas
1228 240 1392 285 missus
1419 241 1510 294 ost,
1544 237 1663 299 quod

222 344 295 385 ea,
332 327 491 375 mortui
521 326 643 387 regis
661 323 849 384 Apionis
875 325 1135 369 testamento
1171 323 1299 369 nobis
1320 323 1443 378 data,
1465 321 1665 381 pruden-

223 457 432 514 σπαράττει
459 456 529 499 τὸν
545 453 752 512 Κράσσον,
786 449 887 496 ἀλλὰ
911 455 1096 509 παρίησι,
1124 452 1265 508 χόρτον
1289 448 1412 495 αὐτὸν
1438 453 1538 506 ἔχειν
1566 452 1666 505 φησὶ

223 516 287 558 hai
313 519 384 557 τοῦ
411 515 586 570 πέρατος.
628 518 690 554 Ad
713 517 879 554 Sallustii
899 517 1021 552 locum
1049 516 1215 562 respexit
1233 515 1387 560 Quintil.
1406 513 1487 558 ΧΗ,
1508 516 1544 558 9,
1563 515 1599 551 9.
1630 517 1667 550 et

224 577 474 623 Hieronymus
493 575 562 622 Ep.
584 574 634 611 ad
652 575 834 621 August,
876 578 1031 618 uterque
1051 571 1216 618 Appium
1247 572 1447 608 verborum
1475 573 1665 606 auctorem

223 632 404 677 laudans;
436 631 649 680 Lactantius
682 641 774 667 vero
793 630 882 665 Inst.
905 628 984 665 div.
1005 628 1067 672 Vl,
1084 631 1141 673 18,
1161 631 1219 667 26.
1246 627 1380 664 eadem
1406 626 1455 663 de
1485 626 1666 662 Cicerone

224 689 408 726 adhibens
436 688 648 724 accuratius
678 686 784 722 addit
809 687 903 722 sicut
931 684 1125 720 Sallustius
1155 685 1203 720 ab
1223 685 1346 732 Appio
1371 684 1505 719 «licum»
1534 682 1667 729 refert.

225 744 302 782 Sed
321 745 479 781 ridiculo
497 754 624 779 errore
642 744 788 791 priores
811 741 976 778 Sallustii
1007 740 1171 776 editores
1192 741 1456 788 Fragmentum
1483 740 1539 776 sic
1559 739 1667 775 exhi-

225 803 405 838 buerunt:
441 801 604 837 Cicero
636 801 808 835 caninam
836 797 1071 844 facundiam,
1106 801 1147 833 ul
1173 798 1319 844 Appius
1348 797 1482 844 inqiut,
1520 805 1666 831 exer-

223 859 341 901 cuit,
369 856 545 892 Lactantii
567 856 689 892 locum
709 856 760 891 ita
779 855 985 901 capientes,
1007 853 1115 900 quasi
1134 854 1168 890 is
1189 853 1408 890 Ciceronem
1429 853 1476 890 ob
1495 852 1669 888 caninam

226 913 441 950 facundiam
461 924 485 948 a
504 911 677 948 Sallustio
698 912 823 948 notari
838 910 993 953 diceret,
1019 920 1140 956 neque
1159 911 1323 946 assecuti
1342 909 1574 945 Lactantium
1593 919 1670 944 non

226 969 308 1006 eius
329 969 537 1006 testimonio
558 967 608 1004 de
629 967 809 1004 Cicerone
833 967 904 1011 uti,
929 965 999 1002 sed
1018 965 1219 1002 dictionem
1239 970 1391 1010 tantum,
1414 976 1491 1012 qua
1508 964 1669 1001 Tullium

226 1026 434 1072 vituperat,
461 1036 485 1060 a
503 1023 679 1061 Sallustio
707 1023 881 1060 mutuari.
926 1023 1093 1069 [neptam
1113 1022 1326 1070 Fragmenti
1357 1021 1669 1058 deformationem

227 1092 301 1118 non
329 1082 451 1117 solum
472 1081 582 1116 Nonii
609 1080 809 1116 auctoritas
829 1079 1040 1126 redarguit,
1073 1078 1176 1125 apud
1197 1090 1307 1126 quem
1333 1078 1580 1115 exercebatur
1599 1081 1669 1123 est,

225 1148 300 1174 non
317 1137 511 1180 weitin„
536 1135 607 1172 sed
625 1137 734 1172 etiam
751 1135 825 1172 hoc
837 1163 848 1180 ,
873 1135 975 1182 quod
993 1133 1186 1171 Ciceronis
1206 1147 1275 1182 per
1296 1136 1361 1171 illa
1380 1139 1549 1181 tempora
1569 1145 1670 1170 com—

224 1192 455 1231 memorandi
483 1203 606 1239 neque
635 1194 740 1228 locus
760 1193 847 1236 luit,
877 1203 1018 1238 neque,
1056 1192 1261 1237 siluisset,
1294 1192 1392 1227 iusta
1411 1201 1569 1236 caussa,
1602 1202 1669 1227 cur

226 1250 425 1288 Sallustius
444 1249 496 1285 illi
513 1250 685 1285 caninam
704 1248 923 1296 facimdiam
942 1248 1158 1284 oblectaret.

339 1306 401 1342 Fr.
425 1307 485 1344 47.
530 1303 660 1354 [Deest
685 1305 788 1351 apud
818 1304 935 1348 Cort.,
962 1304 1059 1340 Gerl.
1091 1303 1152 1339 ed.
1182 1303 1271 1339 mai.
1299 1307 1336 1338 et
1360 1303 1451 1339 min.
1479 1307 1516 1338 et
1545 1302 1669 1352 Debr.]

226 1363 487 1410 Fragmentum
507 1373 642 1402 recens
668 1361 832 1397 accessit
850 1372 898 1395 ex
925 1360 1012 1395 solio
1032 1360 1275 1406 palimpsesto
1297 1359 1496 1403 Toletano,
1528 1359 1575 1395 de
1594 1371 1669 1407 quo

227 1431 263 1456 v.
285 1419 406 1454 Praei.
429 1437 486 1443 —
514 1417 749 1464 Palimpsesti
770 1417 990 1463 scripturam
1018 1414 1551 1460 PQLENTULUSMARCELL
1570 1442 1580 1450 .
1598 1442 1608 1450 .

226 1479 326 1511 recte
340 1473 518 1511 viderunt
535 1473 803 1509 Mommsenius
822 1484 861 1519 p.
872 1473 951 1511 197.
971 1476 1009 1507 et
1024 1471 1268 1519 Kreyssigius
1285 1472 1320 1507 in
1342 1471 1450 1508 Curis
1470 1483 1572 1508 secc.
1587 1474 1670 1518 p.7.

226 1530 440 1579 significare
456 1530 746 1575 Publiusque
762 1529 937 1565 Lentulus
955 1527 1296 1572 Marcellinus,
1319 1529 1503 1575 particula
1518 1529 1671 1575 copula—

226 1588 303 1624 tiva
315 1586 615 1623 indicantehaec
631 1596 716 1622 cum
731 1586 791 1629 iis,
813 1595 909 1631 quae
933 1583 1212 1628 interciderunt,
1235 1585 1421 1621 artissime
1437 1584 1669 1621 cohaesisse.

224 1644 337 1680 Falso
355 1643 456 1678 enim
475 1643 664 1685 Pertqus,
690 1652 803 1687 quum
830 1641 1026 1676 infeliciter
1046 1640 1340 1677 demonstratum
1364 1641 1497 1678 ivisset
1516 1642 1544 1676 P
1560 1652 1670 1688 para·

225 1699 360 1747 graphi
384 1710 474 1735 esse
501 1702 646 1742 notam,
681 1698 711 1742 Q
740 1698 898 1734 litteram
925 1708 994 1744 pro
1014 1696 1139 1741 Quinti
1160 1698 1417 1744 praenominis
1445 1697 1669 1744 compendio

226 1756 374 1800 habuit,
402 1758 684 1800 truncatamque
700 1755 924 1790 vocabulum
942 1752 1167 1790 MARCELL
1191 1754 1247 1790 sic
1268 1755 1477 1801 supplevit,
1510 1758 1549 1790 ut
1565 1753 1670 1790 Mar-

225 1812 385 1859 cellis„
414 1812 439 1847 i.
456 1823 492 1846 e.
519 1809 693 1846 Marcelli
704 1810 825 1857 filius,
857 1811 1052 1846 scriberet.
1101 1809 1169 1846 Cui
1196 1811 1294 1846 sacto
1322 1815 1398 1846 tum
1418 1810 1670 1846 Romanorum

227 1867 457 1904 consuetudo
479 1867 619 1910 obstat,
640 1867 702 1913 qui
720 1866 839 1901 filium
860 1878 882 1901 a
899 1870 1005 1913 patre
1022 1867 1242 1912 plerumque
1264 1866 1411 1902 adiecto
1425 1868 1671 1913 praermmine

226 1928 380 1970 paterno
407 1923 620 1968 distingunt
646 1923 713 1966 (ef.
740 1923 873 1957 Fastos
901 1923 1138 1966 consulares,
1169 1927 1206 1957 et
1226 1922 1410 1959 Drakenb
1438 1923 1488 1959 ad
1506 1923 1591 1959 Liv.
1607 1923 1669 1968 111,

226 1983 286 2025 25,
305 1980 381 2022 3.)‚
409 1989 453 2014 ac
473 1978 623 2013 nonnisi
649 1978 712 2013 ubi
735 1988 931 2024 coynomen
952 1978 1069 2024 patris
1093 1978 1234 2014 illustre
1261 1983 1336 2024 esi,
1370 1980 1417 2015 ab
1436 1980 1510 2015 hoc
1538 1979 1670 2016 discri-

228 2045 313 2070 men
344 2034 483 2070 ducunt
507 2035 566 2077 (v.
585 2032 716 2079 SIgon.
737 2033 786 2069 ad
808 2034 888 2070 Liv.
915 2034 980 2078 IV,
998 2037 1058 2077 45,
1076 2034 1151 2078 5.),
1182 2038 1259 2070 tum
1285 2035 1443 2072 historia
1471 2041 1669 2084 repugnat,

228 2090 413 2137 siquidem
440 2089 625 2133 Marcelli,
662 2091 724 2136 qui
756 2089 956 2136 adoptione
985 2090 1022 2125 in
1042 2091 1279 2127 Lentulorum
1307 2092 1486 2128 familiam
1513 2093 1670 2130 transie-

228 2151 329 2191 rant,
361 2156 435 2181 non
464 2145 626 2191 amplius
642 2145 831 2190 Marcelli,
859 2145 930 2181 sed
948 2145 1160 2185 Marcellini
1185 2146 1272 2183 dicti
1294 2153 1400 2194 sunt,
1437 2148 1484 2184 de
1505 2160 1580 2196 quo
1604 2161 1670 2185 no·

229 2203 369 2240 minum
388 2201 700 2237 immutandorum
719 2212 823 2237 more
842 2213 880 2238 v.
902 2202 952 2238 ad
969 2203 1028 2238 Fr.
1049 2203 1113 2248 IV,
1132 2207 1192 2241 50.

340 2257 463 2294 eodem
510 2262 660 2294 auclore
708 2260 905 2305 quaestor)
950 2260 1184 2322 Palimpsesti
1230 2261 1483 2307 scripturam
1503 2262 1669 2299 EODEM

229 2314 441 2357 ACTORE,
476 2324 585 2360 quem
610 2314 749 2350 librarii
775 2325 941 2350 errorem
968 2316 1051 2352 sive
1069 2317 1338 2364 negligentiam
1355 2318 1522 2354 Pertzius
1550 2322 1670 2366 p-12.

228 2376 266 2407 et
292 2369 508 2407 Huschkius
543 2381 582 2416 p.
606 2372 690 2408 285.
729 2371 936 2408 inconsulto
973 2376 1138 2416 tuentur,
1177 2374 1423 2421 Kreyssigius
1463 2373 1667 2410 Comment.

226 2440 266 2475 p.
290 2430 347 2466 19.
369 2430 470 2462 recte
494 2425 727 2470 emendavit,
754 2427 808 2463 ita.
826 2433 1007 2474 poscente
1028 2429 1206 2475 loquendi
1226 2441 1319 2474 usu;
1355 2431 1404 2466 cf.
1427 2431 1533 2466 locos
1554 2433 1601 2467 ab
1621 2442 1668 2467 eo

229 2485 360 2520 allatos
390 2482 472 2517 Liv.
498 2480 632 2526 XXIV,
657 2484 717 2528 43,
737 2485 779 2522 9.
811 2484 871 2520 ubi
908 2497 944 2521 v.
971 2485 1134 2520 Gronov.
1162 2485 1315 2530 XXXV,
1341 2488 1377 2531 9,
1406 2489 1442 2525 8.
1481 2487 1667 2533 XXXVII,

228 2542 287 2584 47,
306 2544 343 2578 2.
374 2538 451 2575 Cic.
473 2538 511 2573 in
531 2538 654 2574 Pison.
674 2542 729 2582 15,
749 2538 807 2578 35.
857 2540 996 2577 Eodem
1028 2546 1229 2578 auclore
1258 2542 1371 2588 igitur
1402 2543 1589 2590 significat
1608 2553 1666 2580 eo-

229 2596 310 2632 dem
336 2595 512 2650 suadenle
540 2596 577 2629 et
598 2595 800 2640 anm'toeue,
829 2597 911 2633 sive
939 2597 1098 2634 eiusdem
1119 2607 1234 2634 suasu
1260 2601 1296 2633 et
1319 2608 1449 2645 opera.
1493 2599 1585 2644 Quis
1605 2601 1666 2636 ille

231 2652 358 2696 fuerit,
387 2651 615 2698 non'liquet3
643 2653 744 2686 certo
762 2652 829 2688 suit
846 2653 904 2689 vir
924 2658 1084 2701 magnae
1104 2654 1142 2689 in
1162 2657 1294 2690 senatu
1315 2656 1563 2700 auctoritatis,
1594 2658 1667 2692 sor·

232 2712 334 2745 tasse
363 2706 529 2753 Catulus,
556 2710 619 2744 aut
634 2707 831 2753 Lucullus,
859 2713 922 2746 aut
950 2711 1045 2748 alius
1074 2710 1316 2758 patriciorum
1335 2716 1413 2747 tum
1437 2713 1664 2759 potentium3
