1774 3002
487 164 831 204 'mSTORIARUM
858 167 1168 205 FRAGMENTA.
1227 169 1315 205 LIB.
1346 170 1409 205 IV.
1577 164 1661 207 351

360 294 428 337 58.
483 289 742 339 Multitudini
772 289 1038 346 ostendens,
1066 304 1198 351 quam
1222 291 1368 337 colere
1398 292 1660 352 plurumum,

227 375 276 418 ut
306 388 410 419 mox
445 373 602 434 cupitis
624 373 875 422 ministram,
889 372 1091 429 haberet,
1119 373 1389 419 decreverat.

227 514 557 556 commemoratur,
589 514 625 546 et
655 509 812 546 Asconii
833 520 959 545 errore
980 521 1064 546 cum
1084 510 1156 547 hoc
1178 511 1395 557 confusum,
1423 522 1517 558 quas
1538 521 1660 558 nugas

227 567 319 603 satis
347 566 621 614 redarguerunt
650 567 839 613 Zumptius
868 570 904 602 et
932 565 1169 603 Drumannus
1199 567 1238 602 11.
1264 568 1318 612 ll.,
1347 578 1504 614 quorum
1530 568 1590 603 ille
1620 579 1659 614 p.

225 625 309 662 m.
330 618 432 660 haec
458 624 626 670 scripsit:
663 623 739 669 ‚,M.
760 623 899 659 Lollius
927 623 1124 660 Palicanus
1156 624 1339 671 imprimis
1366 635 1519 672 operam
1545 624 1661 669 dedit,

228 685 267 716 ut
291 680 491 723 tribunicia
516 684 706 727 potestas,
734 681 855 727 qualis
888 684 973 715 ante
1003 681 1125 728 legem
1148 679 1357 717 Corneliam
1382 682 1536 726 fuisset,
1557 682 1662 722 resti-

227 741 402 773 tueretur.
446 736 567 773 Inisse
587 741 711 773 autem
738 736 837 772 hunc
867 736 1089 773 tribunatum
1112 738 1233 784 plebis
1263 749 1297 774 a.
1319 739 1377 776 72.
1399 742 1566 774 extremo
1590 739 1662 784 [sc.

227 794 290 829 [v.
314 793 368 829 ld.
384 794 592 838 Decembr.,
609 794 671 840 qui
692 793 775 829 dies
797 793 985 841 legitimus
1004 798 1083 830 erat
1101 794 1254 830 ineundi
1267 794 1380 831 huius
1394 796 1664 842 magistratus],

228 850 268 888 L.
289 850 405 886 Gellio
430 848 496 886 Cn.
521 850 677 886 Lentulo
696 861 811 894 coss„
834 854 870 885 et
888 851 1056 897 gessisse
1081 862 1114 887 a.
1134 853 1207 895 71.,
1228 850 1295 887 Cn.
1314 851 1445 888 Oreste
1462 856 1499 888 et
1512 853 1552 888 P.
1570 852 1662 888 Len-

228 906 305 942 tulo
324 918 439 950 coss„
458 906 617 942 triennio
636 910 721 954 post
747 907 903 943 Verrem
921 911 1041 954 praet.
1062 909 1157 952 urb.‚
1178 908 1392 956 intelligitur
1410 920 1458 945 ex
1484 919 1543 953 eo,
1561 909 1663 956 quod

228 961 296 1000 Cn.
316 964 493 1010 Pompeio
524 975 572 999 ex
601 963 780 1011 Hispania
808 974 963 1000 reverso
988 975 1021 1001 a.
1042 966 1099 1003 71.
1123 966 1334 1001 contionem
1356 966 1484 1013 populi
1508 965 1662 1002 dedisse

228 1019 383 1056 traditur
406 1021 452 1056 ab
462 1020 629 1056 Asconio
650 1020 699 1056 ad
720 1020 803 1056 Act.
813 1021 841 1056 I.
862 1021 900 1056 in
921 1020 1027 1056 Verr.
1049 1032 1083 1057 c.
1097 1024 1222 1066 15,45.
1239 1023 1294 1067 [v.
1316 1021 1366 1058 ad
1384 1023 1446 1058 Fr.
1464 1023 1660 1069 sequens],

228 1080 266 1112 et
285 1076 487 1113 verisimile
506 1076 546 1112 fit
567 1087 616 1112 ex
634 1076 766 1112 ordine
786 1087 910 1114 rerum
929 1081 1162 1114 narratarum
1181 1079 1244 1115 lib.
1263 1078 1308 1123 II,
1327 1079 1414 1117 41.“
1432 1079 1479 1116 cl'.
1495 1079 1662 1115 Pseudo-

227 1131 370 1169 Ascon.
391 1132 441 1168 ad
463 1131 541 1169 Cic.
565 1133 728 1170 Divinat.
746 1133 782 1169 in
810 1133 932 1170 Caecil
951 1136 986 1178 3,
1005 1136 1040 1172 8.
1061 1145 1096 1181 p.
1119 1138 1201 1173 103.
1241 1135 1392 1171 Primus
1413 1135 1574 1173 Sicinius
1595 1137 1661 1172 tri—

227 1188 345 1226 bunus
353 1190 483 1237 plebis,
502 1199 572 1226 nec
588 1190 699 1226 nuato
710 1194 799 1237 post
815 1189 998 1236 Mutius,
1015 1195 1051 1226 el
1066 1195 1253 1239 postremo
1273 1192 1476 1228 Palicanus
1489 1192 1661 1240 persece—

226 1248 325 1291 rant,
345 1249 388 1282 ut
402 1246 630 1283 tribuniciam
643 1250 854 1294 potestatem
873 1247 1013 1295 populo
1033 1248 1167 1284 darent
1186 1250 1353 1285 consules
1371 1249 1447 1286 Cn.
1468 1249 1663 1297 Pompeius

226 1301 388 1350 Mamm-s·
414 1306 449 1338 el
470 1301 526 1339 M.
550 1303 665 1340 Licin.
695 1303 865 1340 Crassus.
912 1303 967 1338 De
997 1305 1159 1340 oratoria
1186 1306 1351 1341 Palicani
1379 1306 1550 1341 facultate
1577 1317 1662 1342 cum

228 1357 395 1394 Sallustii
422 1358 562 1395 iudicio
590 1361 667 1395 sere
697 1360 869 1407 congruit
892 1358 1023 1396 Cicero
1044 1360 1146 1396 Brut.
1170 1373 1205 1397 c.
1223 1365 1290 1406 62,
1309 1365 1391 1400 223.
1436 1362 1499 1399 Gn.
1524 1362 1660 1399 Carbo—

227 1424 322 1460 ηεηι,
342 1413 398 1450 Μ.
419 1414 581 1451 Marium
592 1445 603 1461 ‚
635 1419 671 1451 et
686 1424 737 1451 ex
756 1417 879 1452 eodem
897 1426 1035 1464 ywere
1053 1419 1260 1464 complures
1278 1420 1423 1454 minime
1444 1419 1571 1466 diqnos
1590 1420 1660 1455 ele-

226 1472 571 1518 yones-conventa&
596 1472 769 1517 auribus,
792 1474 1000 1519 aptissimos
1018 1476 1171 1521 coquom·
1188 1475 1401 1511 turbulentis
1417 1477 1661 1512 concionibus.

229 1525 308 1570 Qm
326 1528 366 1563 in
382 1537 518 1575 yenere
535 1538 658 1576 nuper
676 1528 720 1563 L.
741 1527 907 1573 Quintius
922 1529 1020 1576 fm’t3
1044 1532 1205 1577 aptior
1231 1535 1381 1568 aulem
1409 1534 1548 1568 eliam
1572 1532 1653 1569 Pa-

228 1583 417 1620 licanus
445 1585 647 1622 auribus
666 1586 1002 1632 imperitorum.

339 1640 399 1676 Fr.
418 1643 478 1678 58.
513 1641 643 1686 [Deest
665 1641 767 1688 apud
787 1641 898 1686 Cort.‚
921 1642 1019 1678 Gerl.
1042 1642 1105 1678 ed.
1123 1643 1213 1679 mai.
1232 1647 1269 1679 et
1283 1643 1394 1681 Debr.
1408 1664 1467 1688 :—
1481 1645 1579 1681 Gerl.
1599 1645 1663 1682 ed.

229 1696 318 1732 min.
346 1696 419 1743 IV,
449 1699 508 1735 31.
538 1709 578 1744 p.
596 1701 678 1742 228,
699 1698 752 1742 3.]
798 1698 1061 1745 Fragmentum
1080 1711 1214 1735 recens
1236 1702 1397 1737 accessit
1416 1713 1465 1737 ex
1485 1702 1661 1738 Arusiani

229 1752 313 1788 cod.
333 1752 432 1789 Gud.
452 1764 489 1800 p.
508 1756 592 1793 248.
610 1754 776 1790 Lindem.
800 1755 984 1791 Vitiosam
1004 1755 1148 1792 codicis
1170 1758 1403 1804 scripturam,
1424 1762 1466 1794 ut
1485 1770 1575 1795 mox
1595 1770 1661 1795 cu-

223 1810 336 1855 pitis
358 1810 562 1847 minum-mn
583 1809 720 1847 habere
746 1811 975 1856 decreverat,
1003 1813 1220 1849 felicissime
1247 1814 1463 1850 emendavit
1480 1815 1566 1850 Van
1595 1815 1663 1851 der

229 1865 385 1901 Hoeven
412 1867 450 1901 in
480 1865 644 1913 Specim.
666 1868 763 1902 liter.
785 1867 832 1902 dc
853 1869 1040 1904 nonnullis
1068 1870 1161 1905 locis
1180 1874 1270 1909 vett.
1297 1871 1440 1918 scriptt.
1462 1882 1495 1907 c.
1519 1882 1663 1918 appen-

231 1920 315 1956 dice
335 1920 382 1956 de
403 1921 516 1957 Arus.
537 1922 667 1958 Messii
690 1923 873 1970 exemplis
896 1924 1044 1959 elocutt.
1065 1926 1240 1970 (Ams'tel.
1257 1928 1382 1971 1845.)
1399 1938 1438 1974 p.
1458 1930 1532 1972 48„
1552 1939 1662 1974 quam

231 1977 482 2013 coniecturam
509 1979 714 2025 palmarem
743 1990 818 2014 non
845 1980 968 2026 magis
991 1991 1107 2017 verae
1142 1982 1312 2019 lectionis
1343 1984 1524 2030 vestigia,
1552 1995 1664 2031 quam

231 2034 415 2070 sententia
442 2033 526 2079 ipsa
545 2036 799 2081 comprobant.
838 2035 1130 2083 Dafivumenim
1150 2038 1187 2073 in
1208 2038 1375 2076 Sallustii
1389 2040 1523 2078 ‘verbis
1544 2041 1662 2078 fuisse

231 2099 344 2135 quum
371 2085 499 2136 aperte
524 2090 700 2127 ostendat
730 2093 873 2127 articuli
899 2093 1036 2129 lemma
1066 2095 1261 2139 „minister
1279 2096 1380 2143 his“,
1410 2095 1503 2132 nihil
1523 2098 1662 2134 certius

229 2149 289 2181 est
314 2146 482 2182 restituto
514 2148 645 2194 cupitis
671 2149 875 2193 vocabulo,
915 2150 1051 2186 avulsa
1080 2151 1226 2198 syllaba
1255 2154 1474 2198 obscurato,
1508 2153 1557 2190 de
1587 2166 1661 2202 quo

231 2203 464 2248 corruptelae
487 2213 625 2249 genere
648 2215 686 2239 v.
717 2206 831 2252 supra
858 2204 908 2240 ad
924 2205 987 2241 Fr.
1006 2206 1032 2249 Ι,
1052 2210 1113 2245 33.
1137 2212 1173 2243 et
1192 2219 1289 2256 quae
1310 2209 1472 2247 diximus
1493 2210 1543 2248 ad
1563 2211 1659 2247 Vell.

231 2257 440 2304 Prolegom.
463 2269 503 2305 p.
531 2261 566 2303 6,
588 2269 663 2306 sq.;
686 2261 847 2307 primum
867 2265 991 2298 autem
1011 2263 1141 2300 vitium
1159 2266 1271 2302 traxit
1293 2267 1469 2313 alterum,
1490 2273 1530 2304 ut
1548 2267 1661 2304 habe-

229 2316 288 2349 ret
309 2313 350 2348 in
374 2312 511 2350 habere
538 2315 676 2360 abiret3
707 2316 868 2364 denique
893 2319 1097 2355 ministram
1127 2331 1151 2357 a
1170 2322 1320 2359 librario
1348 2327 1526 2360 mutatum
1546 2328 1605 2361 est
1624 2325 1662 2360 in

229 2369 445 2415 nanim-um,
464 2374 503 2405 ut
525 2381 645 2418 genus
662 2374 836 2410 vocabuli
855 2385 941 2411 cum
958 2376 1131 2413 lemmate
1151 2384 1387 2427 congrueret.
1434 2380 1576 2425 Quibus
1598 2380 1662 2417 de-

229 2425 510 2471 pravationibus
542 2429 696 2464 remotis
729 2431 913 2468 sententia
943 2432 1069 2479 prodit
1099 2445 1257 2482 prorsus
1288 2435 1535 2484 Sallustiana;
1574 2449 1661 2475 nam

230 2480 320 2527 quin
351 2480 399 2516 de
428 2482 607 2529 Pompeio
635 2484 731 2521 haec
761 2486 861 2523 dicta
888 2489 979 2531 sint,
1014 2489 1182 2528 dubitare
1203 2503 1278 2528 non
1298 2492 1387 2529 sinit
1406 2495 1659 2532 testimonium

229 2535 567 2574 Pseudo-Asconii
593 2539 643 2576 ad
669 2540 744 2577 Cic.
774 2543 857 2579 Act.
889 2544 919 2580 Ι.
949 2545 986 2580 in
1011 2545 1120 2583 Verr.
1146 2559 1179 2584 c.
1209 2553 1265 2593 15,
1289 2550 1347 2587 45.
1374 2561 1413 2597 p.
1440 2553 1523 2589 148.
1545 2551 1657 2589 Orell.

230 2592 518 2641 Pompeiuspro
544 2597 691 2633 consule
715 2597 762 2633 de
788 2599 974 2646 Hispania
997 2601 1162 2640 Sertorio
1188 2606 1277 2641 m‘cto
1304 2615 1426 2654 nuper
1444 2612 1606 2655 venerat,
1626 2612 1663 2644 et

229 2650 349 2684 statim
368 2648 550 2687 habuerat
565 2653 762 2690 contionem
777 2655 824 2691 de
839 2658 1061 2694 resumenda
1080 2660 1273 2696 {ribtmicia
1283 2665 1463 2708 potestate
1480 2664 1658 2700 Palicano

231 2704 373 2742 tribuno
392 2706 533 2754 plebis,
561 2719 645 2744 cum
670 2709 763 2757 ipsis
785 2710 976 2749 Ciceronis
1007 2716 1134 2752 verbis
1154 2717 1179 2751 l.
1200 2717 1222 2753 l.
1244 2718 1436 2756 collatum:
1461 2720 1527 2757 Cn.
1547 2720 1657 2757 Pom-

223 2762 355 2808 peius,
386 2773 496 2808 quum
516 2765 680 2812 primum
700 2769 897 2804 contionem
921 2769 974 2805 ad
1001 2771 1127 2808 urbem
1145 2774 1275 2809 consul
1293 2774 1501 2823 desiynatus
1520 2777 1656 2823 habuit,
