1774 3002
109 175 166 222 44
597 182 635 221 C.
665 182 895 223 SALLUSTI
929 182 1080 224 CRISPI

112 310 192 356 sed
216 309 308 354 tum
333 308 574 364 crudelior,
601 323 735 370 quum
753 309 993 371 plerosque
1014 311 1234 357 secundae
1255 325 1327 356 res
1347 309 1390 355 in
1422 310 1562 358 mise·-

111 393 324 441 rationem
349 407 406 439 ex
436 392 501 438 ira
522 394 713 440 vortunt.
762 393 877 449 Quin
898 394 1023 441 solus
1049 394 1242 441 omnium
1263 395 1365 455 post
1388 409 1595 445 memo-6

113 479 220 525 riam
252 476 429 524 humani
462 476 640 537 generis
670 477 886 538 supplicia
913 478 956 524 in
976 481 1079 539 post
1106 479 1280 525 futuros
1300 478 1561 538 composuit,
1592 516 1595 517 γ

113 561 212 624 quis
239 561 363 622 prius
391 559 549 607 iniuria
582 576 711 622 quam
745 562 834 607 vita
867 565 986 610 certa
1017 565 1161 622 esset,
1197 557 1565 624 pravissumeque

113 661 193 707 per
220 645 400 692 sceleris
423 631 731 692 immanitatem
760 647 903 692 adhuc
930 649 1052 693 tutus
1081 647 1180 703 suit,
1210 647 1313 692 dum
1332 662 1416 694 vos
1446 650 1565 696 metu

114 729 336 794 gravioris
362 729 513 777 serviti
540 745 566 775 a
585 730 827 792 repetunda
846 730 1044 779 libertate
1065 729 1298 789 terremini.

114 866 410 915 proscriptorum
427 865 534 902 liberi
556 865 635 901 iure
651 864 837 902 honorum
856 865 1106 913 petendorum
1127 865 1349 911 fruerentur,
1366 862 1415 900 de
1438 873 1512 912 qua
1527 875 1566 900 re

116 924 280 960 diximus
300 922 350 958 ad
375 921 454 968 Cat.
481 934 515 958 c.
544 922 737 967 XXXVII,
762 926 796 961 9.
818 935 855 970 p.
880 925 961 961 175.
996 923 1043 959 cs.
1067 922 1219 967 Quintil.
1250 921 1323 969 XI,
1357 925 1398 964 1,
1431 923 1492 958 85.
1512 941 1569 946 ——

116 981 206 1018 Post
223 979 372 1028 futuros
401 990 468 1026 per
489 979 647 1026 hyphen
670 978 806 1015 dictum
835 992 919 1016 esse
950 979 1096 1017 Cortius
1122 979 1247 1015 multis
1277 977 1460 1024 exemplis
1483 988 1570 1024 pro-

117 1040 206 1075 bare
231 1040 386 1074 conatus
412 1040 487 1082 est,
518 1036 624 1072 cuius
652 1035 858 1072 doctrinam
879 1035 1098 1072 Gerlachius
1129 1035 1216 1070 Vol.
1237 1035 1298 1070 Ill.
1318 1045 1356 1080 p.
1378 1037 1436 1072 55.
1467 1029 1570 1081 cupi-

119 1095 275 1131 dissime
297 1104 404 1130 suam
426 1093 524 1128 fecit.
583 1093 662 1129 Nos
684 1103 767 1128 eam
793 1094 1025 1140 explosimus
1050 1091 1098 1128 ad
1126 1092 1209 1138 lug.
1230 1103 1263 1127 e.
1284 1090 1448 1138 LXXVI,
1474 1093 1510 1126 5.
1531 1102 1568 1138 p.

117 1154 199 1190 406.
225 1151 286 1187 ubi
309 1162 344 1186 v.
365 1169 424 1176 -
449 1149 562 1186 Tutus
583 1148 677 1197 fuit
705 1160 790 1185 cum
818 1149 1013 1186 Gerlachio
1039 1153 1076 1184 et
1103 1148 1241 1185 Orellio
1270 1147 1491 1194 scripsimus
1523 1158 1571 1184 ex

118 1209 206 1245 Vat.
221 1212 261 1248 1.
283 1211 316 1244 2.
337 1211 373 1242 et
393 1206 485 1243 Ball.
507 1218 574 1253 pro
594 1218 661 1259 eo,
688 1205 790 1253 quod
807 1207 844 1242 in
864 1207 1055 1254 plerisque
1078 1205 1166 1241 edd.
1191 1208 1268 1248 est,
1300 1207 1395 1240 rums
1423 1203 1572 1251 furit,

120 1276 195 1301 non
216 1265 332 1310 liquet
351 1267 473 1300 ulrum
493 1263 568 1299 fide
588 1264 683 1314 Vats
694 1266 729 1301 3.
742 1292 750 1307 ‚
783 1275 831 1300 an
851 1275 898 1299 ex
919 1263 1007 1299 Aldi
1035 1262 1261 1312 coniectura.
1320 1259 1571 1297 Doederlinus

122 1322 333 1370 Synonym.
360 1321 439 1356 Lat.
473 1320 558 1356 Vol.
591 1320 620 1355 Ι.
650 1332 686 1367 p.
708 1322 772 1372 ⁶31
814 1324 921 1356 acute
950 1319 1111 1364 monuit,
1141 1319 1178 1354 in
1206 1316 1415 1354 incredibili
1443 1315 1571 1354 Sullae

121 1378 341 1415 crudelitate
367 1376 638 1422 describenda,
662 1387 757 1424 quae
779 1388 840 1413 res
863 1378 1064 1415 maximam
1087 1375 1267 1411 orationis
1291 1375 1369 1411 vim
1395 1374 1572 1420 postulat,

121 1434 234 1472 valde
269 1435 450 1482 languere
485 1435 615 1478 verba,
628 1435 865 1481 pravissume
895 1433 1003 1481 furit.
1062 1431 1219 1468 Addere
1254 1431 1459 1478 potuisset,
1498 1441 1573 1466 non

42 1515 53 1519 —
122 1494 303 1540 languere
325 1494 485 1535 tantum,
508 1491 577 1527 sed
600 1501 722 1537 paene
747 1490 912 1528 absurda
933 1499 1041 1534 esse3
1077 1499 1164 1525 nam
1191 1499 1313 1535 neque
1333 1491 1410 1524 tum
1429 1487 1575 1524 furebat

123 1548 284 1596 amplius
314 1547 438 1592 Sulla,
470 1551 506 1583 et
530 1548 706 1595 quoniam
734 1549 907 1595 pravitas
928 1548 966 1583 in
1000 1545 1260 1592 detorquendo
1284 1555 1378 1582 vero
1397 1545 1574 1590 cernitur,

115 1607 288 1654 praviter
319 1605 471 1653 furere,
508 1606 540 1641 si
567 1604 681 1640 modo
710 1615 865 1641 sensum
894 1604 1025 1648 habet,
1060 1602 1152 1639 nihil
1186 1603 1311 1650 potest
1347 1600 1575 1649 significare,

124 1673 236 1711 quam
258 1662 308 1698 ita
330 1662 475 1706 furere,
508 1665 548 1697 ut
569 1661 671 1697 furor
701 1672 776 1696 non
791 1672 925 1705 verus,
956 1659 1026 1696 sed
1047 1662 1244 1706 corruptus
1267 1662 1305 1694 et
1320 1668 1343 1693 a
1357 1668 1427 1693 sua
1447 1661 1577 1693 natura

125 1720 313 1757 alienatus
348 1719 408 1754 sit.
469 1718 591 1763 Quare
620 1717 755 1765 furere
789 1719 907 1754 verbo
942 1717 1071 1752 ,nullus
1102 1714 1163 1751 hic
1193 1716 1299 1752 locus
1327 1724 1414 1750 esse
1439 1717 1577 1760 potest.

125 1777 316 1813 Bonorum
349 1774 524 1811 codicum
561 1774 745 1821 scriptura
774 1778 896 1810 autem
926 1774 976 1809 ita
1016 1776 1231 1818 comparata
1257 1774 1333 1814 est,
1366 1774 1406 1806 ut
1428 1772 1578 1817 pravis-

125 1842 228 1870 sume
242 1843 318 1869 non
338 1831 465 1869 Sullae
485 1832 671 1871 actionem
691 1831 862 1876 definiat,
889 1829 958 1866 sed
976 1828 1107 1876 Lepidi
1129 1828 1175 1864 de
1201 1839 1247 1864 ea
1263 1826 1441 1865 iudicium
1463 1838 1578 1863 enun-

127 1891 218 1935 ciet,
253 1901 326 1937 quo
350 1888 485 1936 populi
513 1888 796 1935 perversitatem
824 1890 926 1928 notat
951 1886 1079 1924 Sullae
1107 1886 1371 1921 immanitatem
1394 1884 1578 1930 patienter

130 1947 296 1983 terentis.
355 1945 399 1982 Id
429 1949 529 1981 reete
559 1949 757 1981 assecutus
778 1944 1028 1981 Doederlinus
1051 1943 1077 1978 1.
1109 1943 1134 1978 1.
1172 1952 1326 1978 sensum
1354 1951 1440 1976 esse
1463 1940 1574 1976 dicit:

130 2005 339 2052 „pravitate
356 2006 485 2039 nostra
510 2001 653 2049 factum
675 2005 749 2046 est,
779 2005 821 2038 ut
833 2012 900 2049 per
918 1999 1072 2037 sceleris
1095 1999 1363 2035 immanitatem
1387 1995 1493 2034 Sulla
1513 1997 1577 2034 ad-

129 2062 203 2098 huc
229 2063 327 2097 tutus
345 2059 501 2107 fuerit.“
541 2059 693 2095 Planius
720 2059 831 2095 etiam
850 2059 971 2095 Faber
988 2056 1297 2103 pravissumeque
1317 2054 1578 2102 interpretatur

130 2121 183 2163 et,
219 2117 317 2164 quod
338 2117 604 2163 pravissimum
635 2119 698 2153 est.
760 2114 981 2152 Germanice
1002 2112 1223 2149 adverbium
1245 2111 1406 2148 reddas:
1435 2112 1501 2147 aus
1519 2110 1579 2147 die

131 2172 546 2212 unverantwortliehste
568 2173 714 2209 Weise.
775 2172 942 2210 Similem
968 2169 1187 2206 sententiam
1206 2170 1335 2206 Macer
1354 2167 1393 2203 in
1413 2168 1580 2204 oratione

133 2231 183 2269 ad
203 2231 351 2279 plebem
369 2229 540 2277 protulit,
564 2229 713 2277 Fragm.
735 2229 799 2276 111,
819 2231 878 2272 82,
910 2230 967 2266 13.
1522 2235 1537 2240 ··

246 2290 280 2330 s.
312 2288 348 2325 7.
406 2285 596 2333 Ayendum
610 2289 718 2332 atque
736 2285 875 2322 obviam
895 2282 1054 2321 eundum
1065 2281 1135 2327 est)
1156 2282 1258 2318 Haec
1276 2282 1395 2319 verba
1415 2281 1585 2319 servavit

133 2345 244 2381 etiam
264 2343 398 2379 Donat.
418 2341 468 2377 ad
488 2341 574 2378 Ter.
595 2341 715 2377 Andr.
734 2342 767 2386 Ι,
789 2345 824 2386 5,
848 2339 907 2379 20.
965 2339 1084 2386 Aqere
1104 2339 1326 2386 praegnanti
1348 2349 1464 2375 sensu
1482 2339 1584 2385 posi-

135 2406 230 2445 tum,
256 2410 330 2447 quo
355 2400 454 2440 valet
473 2399 584 2435 rebus
601 2401 750 2434 strenue
769 2397 941 2446 yerendis
963 2397 1137 2432 intentum
1156 2405 1254 2441 esse,
1273 2394 1473 2432 illustravit
1495 2393 1583 2431 Cor-

136 2459 209 2495 tius
247 2449 333 2492 coll.
367 2454 475 2492 Catil.
509 2455 591 2499 LlI,
629 2457 689 2493 29.
756 2454 968 2502 Viyilando,
1005 2451 1188 2500 ayendo
1201 2480 1211 2497 ,
1249 2453 1338 2488 bene
1363 2450 1583 2488 consulendo

133 2522 320 2563 prospere
335 2513 457 2549 omnia
471 2511 616 2548 cedunt.
675 2511 753 2548 Liv.
774 2511 898 2555 XXII,
921 2512 977 2554 14,
1006 2511 1063 2547 14.
1122 2507 1298 2547 Audendo
1313 2511 1421 2558 atque
1441 2507 1583 2554 aqendo

139 2581 201 2608 res
221 2570 394 2606 Romana
410 2566 566 2605 crevit.“
606 2567 724 2615 XXII,
739 2571 797 2615 53,
815 2569 850 2605 7.
885 2566 1103 2603 Audendum
1117 2567 1226 2612 atque
1245 2575 1359 2612 ayen
1369 2563 1469 2601 dum
1490 2573 1584 2600 esse.

138 2647 193 2654 —-
215 2626 426 2675 Spoliorum
448 2625 634 2663 vocabulo
657 2624 889 2672 significatur
912 2621 1091 2670 quicquid
1115 2621 1226 2659 alicui
1249 2622 1454 2658 detractum
1476 2620 1585 2668 eripi-

117 2707 121 2709 *
138 2690 221 2730 tun
240 2685 338 2720 bene
359 2681 504 2719 eortius
525 2681 758 2729 comparavit
772 2681 867 2717 Hist.
889 2681 948 2716 Fr.
972 2679 1031 2724 ΙΙΙ,
1051 2681 1111 2723 82,
1133 2681 1168 2716 6.
1225 2678 1360 2714 Arcem
1379 2676 1512 2714 habent
1535 2689 1585 2715 ex

138 2740 309 2790 spoliis
345 2740 489 2776 vostris.
551 2736 627 2774 Cic.
649 2737 697 2774 de
719 2737 791 2775 Off.
811 2737 872 2782 III,
893 2741 927 2782 5,
948 2739 1008 2773 22.
1064 2734 1168 2772 Illud
1187 2738 1324 2772 natura
1341 2744 1416 2770 non
1427 2737 1585 2782 patitur,

140 2801 180 2837 ul
197 2797 355 2834 aliorum
373 2795 546 2844 spoliis
564 2798 714 2832 nostras
725 2794 940 2843 facultates,
964 2793 1103 2841 coptus,
1126 2802 1214 2841 opes
1234 2801 1447 2840 augeamus.
1487 2793 1586 2830 Miri-
