1774 3002
461 169 790 209 HISTORIARUM
817 167 1116 207 FRAGMENTA
1144 164 1368 202 INCERTA.
1537 155 1622 200 &5

324 301 391 343 56.
452 295 508 342 Hi
534 297 658 351 sunt,
686 295 760 356 qui
789 292 1028 340 secundum
1054 290 1214 352 pocula
1233 292 1277 336 et
1302 288 1412 334 alias
1436 302 1508 334 res
1538 303 1624 333 au-

190 394 288 425 reas
317 379 401 426 diis
424 380 597 425 sacrata
623 378 910 423 instrumenta
928 375 1132 420 convivio
1158 374 1439 420 mereantur.·

324 465 391 508 57.
443 461 550 506 Nam
585 461 689 507 talia
721 461 925 520 incepta,
958 458 1000 503 ni
1043 457 1088 503 in
1120 456 1416 502 consultorem
1455 453 1626 500 vortis-

191 547 309 601 sent,
340 543 603 604 reipublicae
626 543 794 602 pestem
822 542 1003 587 factura.

190 683 390 729 verborum
411 680 635 717 obscuritate
666 678 922 715 difficillimum
944 682 1001 713 est
1032 688 1162 713 verum
1185 679 1248 712 aut
1275 680 1374 712 certe
1394 675 1626 724 probabilem

192 749 343 775 sensum
362 747 514 782 eruere,
532 735 753 784 praesertim
775 745 887 782 quum
902 745 950 770 ne
967 734 1151 781 scriptura
1173 731 1323 780 quidem
1339 731 1476 770 mendo
1498 741 1627 768 carere

192 794 375 831 videatur.
420 794 549 840 Neque
577 797 700 829 tamen
729 803 813 828 cum
845 790 1041 827 Gerlachio
1069 790 1154 826 Vol.
1185 789 1246 825 ΙΙΙ.
1266 801 1303 836 p.
1327 792 1406 828 135.
1436 789 1567 827 vitium
1590 788 1629 823 in

191 850 391 887 secundum
407 851 594 897 particula
616 859 755 896 quaero
769 877 779 893 ,
802 847 872 884 sed
893 847 930 883 in
948 850 1160 891 mereantur
1175 847 1314 891 verbo,
1343 845 1444 893 quod
1464 856 1510 882 ex
1529 854 1628 882 mer·

196 910 330 943 cantur
348 913 437 953 puto
462 909 689 953 corruptum.
715 905 843 940 Verba
864 904 961 940 enim
986 903 1157 940 videntur
1176 902 1359 947 hominis,
1390 903 1473 939 sive
1501 902 1534 939 is
1564 912 1630 938 au-

196 967 275 1002 ctor
295 963 377 1010 ipse
398 966 477 1007 est,
497 963 582 999 sive
609 962 724 1006 alius,
749 972 859 1008 quern
883 962 1095 1007 loquentem
1122 959 1283 1004 inducit,
1311 958 1516 996 incusantis
1538 969 1630 1006 quo-

194 1018 364 1056 rumdam
383 1019 657 1066 improbitatem
683 1022 720 1055 et
741 1017 924 1054 luxuriam
936 1045 946 1061 ,
966 1018 1028 1064 qui
1049 1027 1159 1054 sacra
1177 1026 1273 1053 vasa
1293 1017 1574 1060 mercabantur,
1591 1017 1631 1051 ut

195 1075 439 1112 inconviviis
458 1075 505 1111 iis
534 1078 735 1112 uterentur.
774 1074 880 1119 Quae
906 1073 979 1110 diis
1009 1078 1156 1110 sacrata
1183 1073 1427 1109 instrumenta
1453 1072 1630 1120 quoniam

194 1141 270 1171 non
287 1131 363 1168 nisi
382 1133 429 1168 ab
451 1131 511 1176 iis,
532 1132 595 1178 qui
615 1142 663 1168 ea
685 1134 898 1178 rapuerant,
919 1131 991 1167 emi
1007 1132 1193 1178 poterant,
1214 1130 1375 1166 fortasse
1395 1127 1631 1177 intelligendi

195 1191 293 1234 sunt,
311 1198 405 1234 quos
426 1198 502 1224 non
522 1188 688 1235 pudebat
706 1198 755 1223 ex
773 1187 1014 1234 fugitivorum
1034 1186 1339 1234 praedationibus
1359 1187 1502 1223 lucrum
1519 1193 1632 1233 quae-

194 1254 276 1280 rere
297 1245 343 1280 ab
363 1244 626 1291 iisque‘raptas
647 1255 709 1280 res
729 1244 902 1279 mercari.
923 1243 1001 1280 Sed
1020 1242 1112 1279 nihil
1131 1243 1251 1280 tribuo
1272 1243 1359 1279 huie
1379 1243 1631 1286 coniecturae,

196 1311 292 1347 quae
312 1311 422 1350 quam
450 1301 590 1337 incerta
620 1301 668 1336 sit
694 1301 775 1348 ipse
804 1302 921 1347 probe
950 1300 1130 1348 intelligo.
1160 1299 1390 1346 Secundum,
1414 1299 1515 1346 quod
1544 1298 1633 1335 Ger-

197 1351 320 1392 lachio
354 1355 601 1404 offensionem
628 1357 818 1403 praebuit,
849 1367 962 1403 quum
991 1358 1114 1393 valeat
1137 1359 1318 1404 praeter,
1346 1355 1530 1392 sententia
1553 1355 1631 1394 fere

196 1406 290 1448 haec
311 1415 389 1448 est:
413 1412 454 1449 hi
477 1416 581 1460 sunt,
608 1413 671 1459 qui
696 1423 772 1450 non
793 1413 1073 1460 solumfpocula
1100 1416 1139 1449 et
1165 1413 1260 1449 alias
1292 1423 1354 1449 res
1385 1423 1540 1457 aureas,
1567 1409 1636 1448 sed

196 1470 304 1504 eliam
325 1467 398 1504 diis
418 1473 567 1514 sacrata
580 1469 825 1505 instrumenta
844 1470 1021 1506 convivio
1042 1473 1264 1506 mereantur.

308 1524 375 1561 His
393 1524 422 1560 F
423 1525 644 1573 ragmentis,
666 1536 762 1573 quae
778 1525 827 1562 ad
845 1536 1031 1572 personas
1046 1529 1226 1573 spectant,
1248 1520 1508 1574 subiungimus
1521 1535 1634 1574 quar·

198 1584 272 1618 tam
291 1582 452 1618 classem
473 1582 600 1618 eorum
613 1610 622 1626 ,
645 1592 742 1629 quae
765 1581 812 1618 de
833 1583 945 1619 rebus
966 1583 1122 1620 urbanis
1142 1582 1367 1630 explicanda
1387 1582 1575 1620 videntur.

309 1637 368 1674 Fr.
388 1638 447 1676 57.
473 1637 603 1683 [Deest
623 1638 723 1686 apud
748 1637 847 1675 Cort.
868 1658 924 1664 ——-
943 1639 1042 1676 Gerl.
1062 1638 1124 1676 ed.
1147 1640 1236 1676 mai.
1257 1640 1333 1677 Ine.
1353 1641 1434 1678 185.
1460 1639 1521 1676 ed.
1540 1638 1631 1675 min.

198 1694 274 1730 luc.
297 1694 356 1731 57.
378 1704 416 1740 Ρ.
433 1696 522 1738 238,
541 1698 598 1733 22.
618 1694 729 1731 Debr.
752 1694 807 1740 V,
825 1696 900 1741 57.]
921 1695 1053 1733 Donat.
1076 1695 1126 1733 ad
1144 1695 1253 1744 Virg.
1274 1695 1372 1733 Aen.
1392 1696 1421 1740 1,
1441 1699 1501 1736 37.
1521 1695 1635 1732 habet

197 1761 283 1786 nam
301 1750 390 1785 talia
406 1750 553 1797 incepta
573 1752 813 1788 consultorem
835 1755 904 1787 etc.
931 1753 1034 1789 Idem
1057 1752 1107 1789 ad
1127 1751 1222 1789 Aen.
1244 1752 1314 1796 IV,
1339 1755 1420 1791 316.
1439 1763 1527 1789 nam
1547 1752 1635 1788 talia

197 1808 342 1853 incepta
360 1807 403 1841 m'
418 1808 616 1844 inconsulto
635 1809 867 1843 revertissent
884 1812 977 1852 etc.,
1007 1809 1108 1844 unde
1137 1809 1245 1846 facile
1273 1808 1399 1856 prodit
1425 1819 1518 1847 vera
1544 1808 1636 1845 scri·

199 1866 329 1908 ptura,
349 1872 459 1908 quam
476 1867 679 1909 praeeunte
699 1863 863 1899 Linkero
884 1863 931 1900 de
952 1865 1073 1900 Praef.
1097 1866 1179 1901 urb.
1199 1865 1303 1901 Ferr.
1327 1866 1403 1901 latt.
1426 1876 1466 1911 p.
1489 1869 1547 1904 21.
1570 1875 1635 1900 exe

200 1917 399 1954 hibuimus.
431 1917 649 1955 Gerlaehius
670 1919 706 1954 in
728 1919 789 1955 ed.
808 1920 894 1956 mai.
909 1921 1071 1966 priorem
1098 1921 1231 1958 Donati
1258 1921 1454 1957 lectionem
1484 1925 1635 1957 secutus

202 1974 237 2009 in
260 1973 403 2008 minore
425 1972 471 2009 de
493 1975 706 2011 coniectura
722 1986 791 2011 sua
809 1976 959 2022 scripsit
976 1978 1015 2013 in
1034 1978 1296 2017 consultorem,-
1313 1977 1539 2014 Debrossius
1561 1976 1637 2014 dis-

202 2030 321 2066 solute
342 2027 445 2064 dedit
461 2041 499 2065 n.
520 2031 583 2066 tal.
605 2031 677 2067 inc.
698 2042 788 2067 non
802 2041 901 2067 cons.
921 2034 1123 2078 vertissent,
1144 2028 1304 2070 rerum
1314 2036 1455 2081 pestem
1469 2033 1635 2082 factura.

203 2086 322 2130 Quum
343 2084 418 2120 dici
438 2090 598 2132 nequeat
612 2087 765 2134 factura
796 2087 1000 2126 infinitivus
1031 2090 1096 2135 sit,
1126 2100 1173 2126 an
1201 2091 1358 2126 verbum
1381 2089 1533 2137 aliquod
1555 2089 1638 2126 fini-

203 2145 278 2176 tum
298 2141 403 2176 velut
423 2146 532 2178 erant
550 2142 613 2178 vel
632 2143 848 2179 videbantur
872 2155 894 2180 a
920 2146 1161 2192 grammatico
1190 2146 1371 2183 omissum
1400 2146 1466 2192 sit,
1493 2157 1570 2183 non
1594 2147 1638 2182 li-

204 2199 291 2243 quet
310 2200 431 2232 utrum
461 2199 577 2235 verba
605 2199 725 2245 ipsius
753 2199 919 2237 Sallustii
940 2201 1031 2246 sint,
1056 2212 1104 2238 an
1128 2203 1348 2239 sententiam
1376 2202 1534 2240 alicuius
1563 2202 1636 2240 viri

205 2252 429 2289 contineant.
455 2254 497 2289 In
515 2265 556 2290 re
579 2256 739 2291 obscura
758 2255 909 2292 minime
936 2257 1027 2294 mihi
1046 2259 1224 2305 probatur
1250 2258 1403 2295 Linkeri
1425 2259 1590 2306 suspicio
1610 2260 1636 2296 l.

206 2310 229 2344 l.
249 2310 461 2355 proposita,
480 2321 527 2346 ex
547 2309 664 2347 Catuli
682 2311 807 2358 aliqua
825 2313 983 2359 epistola
1013 2313 1062 2350 ad
1091 2318 1280 2360 senatum,
1304 2325 1415 2362 quam
1435 2313 1636 2352 Sallustius

205 2360 376 2401 Historiis
395 2366 602 2411 inseruerit,
621 2367 881 2415 Fragmentum
899 2380 985 2406 esse
999 2370 1166 2417 petitum.
1182 2370 1278 2408 Nam
1298 2370 1399 2418 quod
1420 2370 1466 2407 de
1484 2371 1549 2408 illa
1561 2372 1639 2419 epi-

207 2421 301 2455 stola
321 2419 430 2457 affert
460 2423 713 2459 auctoritatem
743 2422 940 2462 Frontonis
967 2437 1004 2472 p.
1036 2428 1117 2467 178.
1150 2427 1210 2463 ed.
1238 2425 1345 2463 Rom.
1375 2428 1431 2474 (p.
1463 2431 1543 2467 122.
1564 2427 1635 2464 ed.

206 2475 399 2521 Mediolq)
421 2488 541 2525 neque
570 2477 703 2516 dicitur
728 2490 774 2516 eo
791 2480 875 2517 loeo
896 2481 997 2530 apud
1015 2482 1230 2519 Sallustium
1252 2483 1350 2518 illam
1371 2483 1468 2532 legi,
1492 2488 1528 2520 et
1546 2484 1639 2520 mul-

208 2533 254 2568 tis
276 2531 323 2567 de
344 2534 490 2570 caussis
511 2535 702 2581 probabile
718 2539 774 2571 est
795 2538 832 2573 in
852 2537 1024 2574 Historiis
1049 2539 1202 2575 relatam
1218 2549 1292 2574 non
1311 2539 1443 2576 fuisse.
1466 2539 1636 2577 Ceterum

208 2588 366 2624 eandem
388 2591 586 2627 verborum
599 2595 825 2628 structuram
841 2592 952 2630 habet
968 2595 1078 2634 etiam
1097 2594 1214 2630 Tacit.
1236 2594 1427 2640 Ann.X1,
1449 2598 1508 2641 37,
1530 2600 1565 2634 1.
1590 2596 1645 2632 Ni

208 2644 355 2680 caedem
383 2645 640 2692 (Messalinae)
672 2647 872 2685 Narcissus
890 2644 1190 2698 properavissel,
1216 2654 1433 2687 verterat
1452 2653 1640 2699 pernicies

207 2700 254 2735 in
272 2706 617 2739 accusatorem.
645 2702 701 2739 De
720 2706 902 2741 sententia
920 2706 1004 2753 ipsa
1023 2706 1071 2743 cf.
1094 2706 1206 2743 eund.
1229 2706 1278 2742 ib.
1302 2706 1372 2751 VI,
1396 2711 1459 2754 10,
1491 2711 1525 2746 2.
1547 2708 1640 2744 Lac-

208 2755 278 2791 tius
297 2761 504 2806 acceptum,
540 2767 611 2796 sua
642 2760 815 2808 exempla
848 2761 894 2797 in
928 2761 1233 2799 consultores
1262 2762 1509 2802 recidisse.
1548 2763 1639 2802 Sall.

264 2838 429 2864 sarnus-n
456 2838 592 2865 meu.
723 2868 725 2871 ¹
1313 2826 1366 2868 25
