1774 3002
436 191 766 230 HlSTORlARUM
794 191 1108 229 FRAGMENTA.
1163 193 1250 228 LlB.
1282 193 1343 228 lu.
1539 185 1625 230 2oe

315 324 384 366 94.
443 318 551 364 Fine
578 317 809 379 inguinum
834 316 1142 377 ingrediuntur
1169 331 1303 362 mare.
1334 333 1359 359 .·

318 406 386 448 95.
440 402 551 448 Dein
570 401 703 448 lenita
723 400 807 446 iam
828 400 913 455 ira,
940 404 1119 460 postero
1140 400 1211 446 die
1234 399 1488 446 liberalibus
1516 414 1623 445 ver-

185 487 251 532 bis
279 484 508 547 permulcti
538 487 653 530 sunt.
1254 481 1259 486 ’
1284 482 1287 487 ’

319 573 388 614 96.
445 566 608 613 Contra
635 567 708 612 ille
731 565 843 612 calvi
864 571 985 612 ratus
1012 567 1182 629 quaerit
1206 565 1343 623 extis,
1371 581 1476 612 num
1498 580 1626 612 som-

186 651 260 699 nio
289 650 630 712 portenderetur
657 649 907 696 thesaurus.

185 810 315 855 Lind.;
336 810 470 847 eadem
492 812 572 848 sine
598 811 679 847 libri
701 810 839 847 indicio
857 811 966 847 affert
985 811 1197 858 Philargyr.
1219 810 1268 846 ad
1288 811 1394 858 Virg.
1413 810 1549 858 Georg.
1564 811 1626 855 111,

186 871 244 918 53.
270 887 318 893 -—-
349 867 464 904 Fine
483 869 681 916 inquantum,
711 868 737 904 i.
760 879 795 903 e.
815 868 876 913 ita,
903 873 941 904 ut
963 869 1116 916 inguina
1144 868 1249 913 finis,
1276 879 1350 914 quo
1381 878 1500 914 usque
1529 877 1627 915 aqua

186 923 400 971 pertineret,
418 928 559 969 essent,
583 924 769 971 irnquirtum
790 929 940 961 tenus.
962 925 1012 962 ct'.
1035 925 1146 962 Auct.
1169 924 1212 960 B.
1235 924 1314 960 Afr.
1336 935 1370 960 c.
1391 927 1451 967 85,
1474 927 1509 960 1.
1550 923 1628 960 Per

187 990 293 1016 marc
315 980 534 1017 umbilici
548 979 654 1028 fine
672 982 830 1028 mres-si
846 985 986 1017 terram
997 981 1186 1028 petebant.
1240 978 1376 1016 CORT.
1419 979 1532 1016 Adde
1553 979 1627 1017 Ou-

189 1035 373 1084 dendorp.
397 1035 445 1072 ad
467 1036 577 1073 Caes.
599 1036 644 1072 B.
665 1036 708 1073 G.
728 1037 806 1080 VII,
828 1039 887 1082 47,
901 1041 938 1075 5.
976 1036 1285 1085 „Ilalrcsfamiliae
1303 1035 1349 1072 de
1367 1047 1540 1073 muro—
1550 1047 1628 1085 pc-

186 1093 338 1129 ctort‘s
370 1092 471 1141 fine
491 1094 744 1141 prominentes
772 1114 826 1121 -—
845 1093 1114 1130 obtestabantur
1135 1093 1340 1137 Romamn,
1372 1094 1432 1129 ubi
1458 1104 1494 1128 v.
1518 1094 1628 1130 etiam

186 1148 347 1197 Herzog.
367 1153 404 1185 et
422 1149 586 1186 Gronov.
614 1148 664 1185 ad
682 1150 813 1186 lustin.
832 1149 949 1195 XXX,
969 1153 1003 1195 4,
1025 1154 1060 1189 6.

241 1204 243 1206 ’
298 1205 361 1242 Fr.
375 1208 433 1245 95.
466 1205 582 1251 [Cort.
601 1217 637 1252 p.
659 1208 742 1244 980.
765 1206 864 1242 Gerl.
884 1205 945 1242 ed.
969 1207 1056 1243 mai.
1078 1206 1138 1250 ΙΙΙ,
1159 1208 1217 1244 45.
1240 1206 1300 1242 ed.
1320 1207 1412 1242 min.
1434 1206 1494 1251 ΠΙ,
1513 1210 1572 1245 21.
1590 1219 1629 1254 p.

186 1266 269 1308 216,
289 1264 348 1302 24.
377 1262 488 1299 Debr.
510 1263 573 1308 IV,
592 1263 668 1308 20.]
717 1263 842 1299 Verba
861 1263 1075 1299 Priscianus
1095 1262 1157 1307 IX,
1173 1265 1208 1307 9,
1231 1267 1287 1301 51.
1308 1273 1348 1309 p.
1371 1265 1453 1308 466,
1474 1263 1537 1299 ed.
1563 1264 1628 1300 Kr.

188 1329 234 1355 ex
254 1318 315 1356 m.
336 1318 475 1364 laudat,
496 1330 591 1366 quae
606 1320 643 1354 in
664 1318 754 1355 Sall.
776 1319 863 1355 edd.
884 1320 1021 1367 antiqq.
1045 1321 1082 1355 in
1102 1324 1234 1367 quarto
1254 1320 1346 1356 libro
1367 1320 1556 1367 leguntur.
1575 1321 1631 1357 Ea

187 1375 413 1411 Debrossius
435 1375 607 1422 intelligit
628 1374 675 1410 de
698 1374 823 1411 Crassi
846 1377 1057 1420 severitate,
1077 1379 1220 1423 partem
1240 1375 1427 1412 exercitus
1447 1381 1533 1423 post
1555 1378 1630 1413 cla-

188 1431 275 1468 dem
294 1432 364 1468 sub
383 1431 559 1470 Mummio
579 1436 771 1478 acceptam
793 1431 1014 1469 decimantis
1035 1436 1071 1468 et
1091 1436 1236 1468 ceteros
1258 1433 1422 1480 graviter
1443 1434 1631 1481 castigan-

188 1489 257 1533 tis,
285 1491 381 1524 teste
400 1487 599 1524 Plutarcho
620 1487 658 1523 in
680 1487 807 1524 Crass.
836 1499 869 1523 c.
890 1492 970 1533 10.;
993 1488 1062 1525 sed
1091 1499 1213 1536 neque
1244 1490 1361 1525 verba
1389 1490 1632 1532 conveniunt,

187 1548 224 1580 et
242 1543 315 1580 hoc
335 1545 468 1590 obstat,
497 1543 598 1591 quod
627 1545 691 1581 illa
716 1555 777 1580 res
803 1543 853 1580 ad
882 1545 1016 1581 librum
1034 1548 1206 1592 quartum
1223 1546 1383 1592 pertinet
1409 1547 1467 1591 (v.
1486 1546 1546 1582 Fr.
1564 1546 1629 1591 IV,

188 1601 268 1645 27.)
317 1600 446 1636 Douza
467 1610 579 1645 vero,
609 1611 719 1648 quem
748 1600 967 1638 Gerlachius
994 1601 1081 1638 Vol.
1111 1601 1172 1637 111.
1200 1613 1236 1648 p.
1258 1605 1338 1640 103.
1362 1603 1550 1650 sequitur,
1582 1603 1630 1639 de

188 1657 367 1707 Hispanis
387 1657 448 1704 agi
470 1661 614 1701 censet,
641 1656 795 1693 Sertorii
819 1668 910 1693 nece
930 1658 1176 1702 exacerbatis,
1207 1669 1302 1705 quos
1332 1659 1523 1706 Perperna
1541 1671 1626 1706 pro-

187 1713 315 1750 missis
337 1713 377 1749 in
397 1716 523 1760 partes
544 1724 634 1750 suas
654 1712 803 1750 trahere
825 1715 1037 1760 tentaverit,
1057 1714 1142 1762 coll.
1164 1714 1263 1761 App.
1285 1714 1380 1751 B.C.
1400 1715 1428 1761 Ι,
1450 1718 1527 1754 114.
1554 1716 1631 1753 Sed

186 1770 270 1817 quis
286 1768 415 1806 credat
430 1769 530 1805 illam
545 1770 651 1815 iram,
672 1770 801 1806 caedis
823 1770 883 1806 die
904 1775 1035 1816 ortam,
1052 1771 1174 1807 statim
1188 1772 1336 1818 postero
1351 1772 1409 1807 die
1429 1777 1465 1807 et
1480 1772 1631 1819 quidem

186 1825 412 1869 liberalibus,
432 1822 474 1861 'si
497 1825 569 1861 diis
590 1827 733 1872 placet,
758 1827 969 1873 Perpernae
985 1827 1104 1863 verbis
1126 1827 1338 1863 discussum
1359 1826 1474 1864 esse?
1490 1848 1549 1855 -—
1577 1829 1631 1865 De

189 1892 263 1926 qua
282 1892 324 1917 re
348 1881 545 1918 Sallustius
568 1882 703 1917 dixerit
721 1893 879 1928 prorsus
901 1884 1100 1918 obscurum
1121 1888 1188 1918 est.
1242 1884 1318 1919 Hoc
1348 1895 1461 1920 unum
1485 1884 1632 1921 videtur

189 1946 237 1979 en
261 1936 387 1984 verbis
409 1937 489 1972 erui
508 1947 643 1983 posse,
675 1939 781 1974 cuius
795 1943 946 1984 postero
968 1939 1026 1974 die
1044 1939 1230 1985 liberalia,
1262 1941 1284 1975 i.
1307 1951 1339 1974 e.
1371 1940 1470 1976 lenia
1498 1945 1536 1976 et
1563 1941 1633 1978 hu-

190 2002 312 2036 mana,
333 1992 445 2028 verba
463 1992 611 2037 ruerint,
635 1993 789 2029 eundem
806 1995 864 2030 die
877 1998 962 2030 ante
976 1995 1082 2031 valde
1099 1997 1234 2031 iraaem
1252 1996 1381 2043 flasse,
1398 2007 1520 2043 neque
1539 2008 1630 2034 vero

190 2049 303 2084 iratos
325 2049 442 2084 ruisse
463 2059 543 2092 eos,
565 2050 625 2095 qui
647 2049 841 2096 permuleti
864 2049 1048 2087 dicuntur.

302 2104 433 2142 Fr.96.
449 2102 564 2152 [cort.
576 2117 614 2152 p.
624 2108 707 2144 963.
719 2106 817 2143 Gerl.
829 2106 890 2142 ed.
903 2108 989 2142 mai.
1002 2108 1061 2152 III,
1073 2111 1107 2146 9.
1120 2107 1182 2144 ed.
1193 2109 1283 2144 min.
1294 2108 1471 2156 111‚85.p.
1481 2113 1630 2155 223,25.

191 2161 301 2205 Debr.
311 2160 369 2204 ΙΙΙ,
379 2161 432 2205 2.]
454 2160 614 2208 Eutyeh.
626 2162 668 2207 ΙΙ,
685 2165 742 2201 16.
758 2174 796 2209 p.
814 2166 893 2201 195.
910 2163 1018 2200 Lind.
1032 2166 1088 2211 (p.
1100 2166 1206 2203 2186.
1225 2164 1407 2210 Putsch.).
1429 2167 1631 2213 Perperam

192 2218 229 2252 in
253 2216 367 2253 codd.
388 2221 445 2253 est
463 2226 518 2252 ne
536 2220 685 2263 somnio,
707 2230 776 2265 pro
798 2231 871 2266 quo
895 2220 1134 2257 scribendum
1156 2231 1243 2256 esse
1262 2233 1363 2258 num
1389 2225 1529 2260 somnio
1551 2223 1629 2261 Sal-

191 2273 291 2309 lustii
321 2271 484 2309 editores
513 2272 653 2310 dudum
681 2274 867 2312 viderunt.
930 2277 1055 2313 Verba
1077 2281 1250 2324 quattuor
1274 2278 1403 2324 priora
1422 2283 1553 2316 contra
1573 2281 1633 2317 ille

191 2329 287 2365 calvi
304 2332 409 2365 ratus
437 2329 549 2365 habet
578 2331 687 2366 etiam
706 2332 802 2368 Non.
823 2333 852 2378 Ι,
871 2337 930 2371 20.
944 2345 983 2380 p.
1006 2335 1040 2379 7,
1059 2337 1094 2372 6.
1130 2334 1246 2370 Mero.
1270 2339 1305 2370 et
1326 2335 1511 2372 Priscian.
1527 2336 1574 2380 X,
1594 2340 1630 2380 2,

191 2388 249 2423 13.
269 2396 308 2432 p.
327 2387 410 2423 482.
434 2386 522 2430 Kr.;
550 2386 724 2434 idemque
741 2389 836 2434 VIII,
857 2393 913 2434 14,
935 2391 992 2428 76.
1017 2402 1054 2437 p.
1078 2393 1158 2429 415.
1178 2391 1241 2426 Kr.
1273 2392 1384 2428 etiam
1404 2393 1500 2428 calvi
1526 2397 1632 2430 ratus

192 2443 309 2478 verba
328 2441 506 2478 laudavit.
567 2442 716 2480 Calvere
731 2450 880 2481 veteres
902 2446 1044 2483 deisse
1064 2458 1132 2493 pro
1154 2447 1343 2493 decipere,
1367 2448 1524 2495 fallere,
1542 2449 1628 2496 sru-

191 2499 310 2534 slrari
326 2499 555 2544 grammatici
578 2498 712 2536 docent
727 2501 765 2537 ll.
782 2502 835 2546 ll.‚
866 2504 998 2550 quibus
1019 2503 1117 2539 adde
1136 2502 1279 2539 Charis.
1301 2504 1329 2548 Ι,
1352 2506 1406 2550 17,
1429 2508 1485 2544 13.
1506 2517 1543 2551 p.
1570 2508 1630 2543 32.

190 2553 359 2599 (Putsch.
378 2565 414 2600 p.
437 2556 516 2598 43),
537 2555 596 2591 ubi
627 2566 665 2591 v,
687 2557 928 2594 Lindemann.
958 2579 1015 2585 —
1042 2559 1096 2594 De
1118 2560 1258 2594 omisso
1286 2570 1326 2595 se
1351 2562 1571 2607 pronomine
1594 2564 1630 2597 in

192 2614 376 2647 structura
397 2612 607 2647 accusativi
620 2622 703 2647 cum
720 2613 900 2651 infinitivo
923 2627 969 2651 ex
988 2620 1094 2652 ratus
1114 2615 1302 2662 pendente
1322 2627 1361 2652 v.
1382 2616 1545 2653 Gramm.
1567 2619 1630 2653 lat.

191 2671 310 2703 nostr.
329 2670 363 2710 §-
391 2670 471 2705 152.
491 2667 550 2713 ΠΙ,
569 2669 605 2706 8.
626 2679 662 2703 a.
682 2674 756 2705 not.
778 2675 834 2708 15.
859 2683 897 2718 p.
913 2675 994 2710 554.
1053 2671 1222 2708 Ceterum
1253 2672 1365 2719 illud,
1394 2673 1443 2709 de
1464 2684 1537 2720 quo
1556 2673 1629 2710 hoc

188 2722 337 2770 Fragm.
361 2723 494 2770 agitur,
521 2724 630 2760 tantis
652 2724 856 2762 involutum
875 2732 933 2764 est
960 2729 1135 2772 tenebris,
1168 2732 1206 2763 ut
1232 2739 1277 2764 ne
1302 2729 1520 2766 Gerlachius
1552 2730 1631 2776 qui-

192 2777 290 2825 dem,
312 2790 421 2826 quem
441 2781 528 2816 talia
549 2791 623 2817 non
652 2785 811 2828 terrent,
839 2783 877 2820 in
906 2785 993 2821 mai.
1015 2789 1114 2820 certe
1136 2783 1318 2830 editione,
1343 2786 1628 2833 explicationem
