1774 3002
167 165 252 207 302
675 172 714 209 C.
749 173 979 213 SALLUSTI
1010 175 1161 214 CRISPI

490 353 895 418 ulsttthARUM
932 355 1299 421 FRAGMENTA.

819 696 909 730 cAp.
937 699 963 730 1.

257 762 390 796 Bellum
415 764 691 797 Mithridaticum.
745 766 854 797 Amisi
880 759 1102 810 oppugnatio.
1135 787 1181 792 —
1213 770 1330 814 Pugna
1354 771 1397 804 ad
1415 771 1549 805 Cabira.
1570 791 1615 796 —-

164 823 371 862 Mithridatis
397 825 480 869 fuga
505 825 547 858 nd
567 826 761 869 Tigranem.
789 836 834 850 ‘—
864 826 1004 861 Clodius
1036 829 1079 861 ad
1110 830 1292 874 Tigranem
1318 831 1449 876 legatus
1473 834 1612 870 missus,

164 905 209 909 —-
231 886 393 919 Lucullus
419 897 535 930 regem
558 887 592 918 iu
616 887 777 921 interiora
802 889 898 931 regni
923 890 1086 931 sequitur.
1104 891 1346 935 —Euphratis
1370 895 1543 928 transitus.
1567 914 1611 918 -

164 947 432 992 Mesopotamiae
464 948 661 991 descriptio.
695 967 740 971 -—
765 948 1083 992 Tigranocertorum
1114 954 1334 997 expugnatio.
1362 972 1408 978 ——-
1431 954 1612 999 copiarum

164 1009 323 1053 Tigranis
349 1009 545 1052 descriptio.
579 1029 623 1033 —-
658 1010 790 1043 Luculli
816 1011 879 1044 iter
905 1022 966 1054 per
991 1011 1198 1047 Corduenos.
1232 1012 1279 1038 ——‘
1310 1015 1517 1049 Mithridatis
1539 1018 1613 1061 epi-

162 1071 249 1103 stola
273 1071 316 1104 ad
341 1074 516 1104 Arsacem.

298 1285 336 1328 1.
394 1278 684 1343 Amisumque
712 1281 898 1328 assideri
928 1282 1024 1328 siue
1057 1283 1237 1343 proeliis
1277 1285 1494 1332 audiebat.

271 1421 331 1457 Fr.
355 1426 387 1459 1.
424 1419 464 1470 [C
469 1424 537 1457 ort.
562 1432 599 1467 p.
623 1422 704 1460 981.
741 1420 837 1457 Gerl.
871 1421 930 1459 ed.
952 1423 1039 1458 mai.
1060 1421 1122 1467 IV,
1144 1425 1178 1461 8.
1207 1422 1268 1464 cd.
1290 1425 1382 1461 min.
1402 1425 1464 1471 IV,
1486 1427 1543 1463 46.
1570 1437 1606 1472 p.

158 1480 315 1523 228,.20.
340 1478 451 1515 Debr.
473 1478 535 1523 IV,
558 1478 634 1522 93.]
692 1478 873 1514 Priscian.
891 1478 985 1524 VIII,
1014 1481 1049 1521 9,
1069 1482 1129 1518 82.
1150 1490 1186 1526 p.
1216 1481 1298 1519 419.
1322 1481 1397 1527 Kr.,
1427 1482 1488 1519 ubi
1511 1482 1605 1519 salso

157 1535 292 1582 legitur
312 1535 583 1582 Amissumque,
613 1534 714 1581 quod
735 1534 863 1572 Douza
892 1536 1067 1572 correxit.
1116 1536 1300 1582 Assideri,
1329 1549 1397 1586 pro
1419 1549 1491 1585 quo
1517 1538 1604 1575 edd.

159 1590 251 1628 Sall.
272 1603 320 1628 ex
339 1592 622 1639 interpolatione
644 1591 782 1628 habent
799 1592 969 1637 obsideri,
990 1591 1124 1628 eodem
1149 1592 1261 1629 modo
1283 1594 1602 1642 usurpavitTacit.

156 1647 256 1685 Anu.
274 1649 338 1694 VI,
359 1652 418 1695 43,
440 1653 470 1687 1.
511 1648 776 1684 Assidendo
798 1650 1052 1685 castellum
1077 1669 1122 1674 --
1151 1650 1251 1693 dedit
1264 1652 1422 1698 spatium
1445 1653 1607 1688 exuendi

147 1711 264 1752 pacta
274 1720 285 1746 ;
307 1705 376 1741 sed
401 1709 558 1751 utroque
586 1705 669 1741 loco
701 1706 864 1742 assidere
892 1717 965 1740 non
989 1706 1101 1753 plane
1133 1705 1233 1741 idem
1254 1707 1460 1754 significat,
1492 1712 1601 1755 atque

156 1762 340 1808 obsidere,
377 1762 560 1809 siquidem
592 1762 628 1797 in
649 1766 822 1809 promptu
844 1766 901 1798 est
932 1773 1087 1810 segnem
1113 1762 1302 1808 quandam
1324 1768 1359 1799 et
1384 1764 1600 1811 languidam

155 1819 400 1867 oppugnandi
421 1819 600 1855 rationem
623 1830 667 1855 co
688 1819 857 1855 indicari.
897 1819 976 1855 Hoc
998 1829 1133 1855 sensus
1156 1819 1356 1856 discrimen
1380 1821 1599 1868 planissime

155 1877 344 1923 expressit
360 1876 487 1913 Livius
507 1875 677 1922 XX1,25‚
696 1880 732 1915 6.
759 1876 923 1912 Mutinae
947 1887 1057 1923 quum
1077 1875 1426 1923 obsiderentur,
1446 1882 1481 1914 et
1495 1889 1598 1926 qens,

155 1934 207 1969 ad
224 1934 558 1981 oppuynandarum
578 1933 722 1968 urbium
745 1937 846 1969 artes
867 1933 980 1977 rudis,
992 1953 1045 1959 —
1061 1934 1180 1980 scynis
1199 1934 1343 1981 intactis
1363 1935 1465 1970 assi
1470 1935 1497 1970 d
1503 1940 1600 1971 eret

153 1991 282 2026 muris.
305 2011 360 2015 —
379 1990 557 2026 Audiebat
574 1989 678 2026 haud
700 1990 819 2026 dubie„
835 1989 1118 2036 intelligendum
1139 1989 1184 2024 dc
1206 1990 1433 2035 Mithridate,
1463 1992 1537 2038 qui,
1560 1996 1598 2027 ut

154 2046 359 2094 ingentium
384 2047 518 2083 damna
541 2046 690 2083 cladum
712 2047 762 2083 ad
787 2046 964 2094 Cyzicum
987 2050 1024 2082 et
1050 2046 1086 2082 in
1110 2046 1334 2094 Propontide
1360 2052 1596 2095 acceptarum

155 2109 357 2150 repararet,
380 2104 427 2140 ad
439 2104 572 2146 Cabira
593 2104 798 2140 exercitum
820 2103 1031 2150 colligebat,
1055 2103 1141 2138 dum
1152 2104 1327 2140 Lucullus
1350 2105 1411 2140 vel
1431 2105 1513 2151 ipse
1534 2105 1594 2140 vel

151 2171 219 2208 per
244 2162 390 2208 legatos
411 2161 582 2208 ponticas
602 2162 712 2196 urbes
733 2161 1028 2223 Themiscyram,
1050 2160 1280 2205 Heracleam,
1299 2160 1538 2208 Eupatoriam
1559 2165 1596 2196 et

153 2218 323 2254 Amisum
346 2221 562 2265 oppugnat.
592 2217 633 2253 Id
655 2219 789 2254 sactum
813 2217 921 2253 annis
942 2218 999 2254 71.
1022 2221 1058 2252 et
1077 2217 1135 2254 70.
1158 2229 1191 2253 a.
1218 2216 1303 2253 Chr.
1327 2228 1364 2253 n.
1402 2218 1455 2254 De
1473 2218 1590 2254 Amisi

153 2273 349 2312 obsidione
373 2276 420 2311 cs.
443 2273 628 2310 Plutarch.
652 2274 688 2309 iu
709 2274 796 2310 Luc.
820 2285 852 2309 c.
866 2277 920 2317 15,
943 2273 990 2308 in.
1022 2266 1069 2309 ‘0
1084 2267 1338 2319 Λούκουλλος
1355 2270 1447 2324 περί
1463 2285 1503 2311 τε
1522 2265 1595 2323 τὴν

147 2322 308 2394 Ἀμισὸν
329 2327 579 2380 διέτριψε,
611 2329 840 2393 μαλακῶς
868 2328 923 2379 τῇ
949 2329 1222 2381 πολιορκία
1241 2341 1504 2380 χρωμενος,
1525 2326 1594 2367 καὶ

150 2400 246 2437 μετα
266 2387 434 2437 χειμῶνα
444 2379 672 2449 Μουρηναν
687 2377 892 2423 ἀπολιπών
911 2381 973 2422 ἐπι
992 2385 1061 2435 τῆς
1077 2383 1318 2434 πολιορκίας,
1335 2381 1512 2436 ἐβάδιζεν
1531 2382 1592 2423 ἐπὶ

150 2438 417 2511 Μιθριδατην
437 2437 667 2493 καθήμενον
685 2439 727 2479 ἐν
737 2440 943 2492 Καβείροις
962 2439 1029 2479 καὶ
1049 2439 1331 2492 διανοούμενον
1349 2437 1592 2506 ὑφίστασθαι

150 2513 240 2547 τους
252 2495 476 2563 Ῥωμαίους.
536 2500 697 2547 Appian.
720 2501 759 2535 Β.
783 2500 946 2536 Mitluid.
969 2512 1002 2538 c.
1020 2503 1078 2545 78,
1100 2505 1192 2536 extr.
1255 2497 1310 2538 Οἱ
1334 2498 1358 2537 δ
1397 2491 1499 2549 ἀμφὶ
1519 2511 1592 2565 την

146 2548 306 2607 Ἀμισον
334 2563 407 2601 (sc.
430 2558 606 2601 Romani)
633 2552 763 2606 ἕτερον
791 2549 976 2606 τρόπον
963 2549 1170 2605 ἐμόχθουν,
1192 2549 1500 2606 ἀπομαχομένων
1519 2568 1589 2594 αυ-

149 2608 239 2660 τοὺς
259 2614 338 2651 τῶν
349 2606 552 2663 Ἀμισέων,
573 2626 638 2650 και
657 2606 845 2657 πολλακις
861 2606 1094 2675 ἐκθεόντων,
1108 2610 1174 2650 καὶ
1193 2610 1230 2659 ἐς
1245 2610 1482 2677 μονομαχίας
1499 2624 1589 2662 προ-

149 2667 415 2735 καλουμένων.
462 2671 562 2708 Μιθ
563 2664 722 2722 ριδατης
752 2660 790 2705 δ’
821 2659 954 2714 αὐτοῖς
976 2662 1126 2719 πολλὴν
1145 2661 1312 2734 ἆγορᾶν
1316 2682 1382 2706 και
1403 2662 1504 2707 ὅπλα
1525 2682 1591 2706 και

149 2719 336 2780 στρατιὰν
357 2724 524 2776 ἔπεμπεν
541 2724 584 2765 ἐκ
604 2723 820 2778 Καβείρων,
843 2722 944 2762 ἔνθα
966 2720 1156 2776 χειμάζων
1178 2718 1343 2777 στρατὸν
1361 2719 1480 2764 αλλον
1497 2735 1588 2763 συν

150 2783 262 2837 έλεγε.
313 2786 478 2834 Phlegon
501 2797 562 2833 ap.
585 2784 690 2821 Phot.
715 2783 797 2821 cod.
822 2785 879 2822 97.
897 2795 932 2832 p
953 2787 1010 2828 84,
1034 2795 1068 2820 a.
1090 2784 1152 2819 cd.
1176 2784 1335 2821 Bekkci·
