1774 3002
157 150 243 193 280
642 156 680 193 C.
710 156 940 194 SALLUSTI
971 156 1121 195 CRISPI

160 281 368 327 citantur!
443 281 566 337 Quae
601 283 800 342 profecto
846 282 1068 330 incassum
1105 285 1372 345 agebantur,
1413 285 1450 330 si
1484 286 1608 345 prius

160 380 291 428 quam
318 380 402 411 vos
428 365 654 412 serviundi
679 366 833 423 finem,
856 367 916 412 illi
942 367 1248 414 dominationis
1279 368 1430 414 facturi
1460 372 1607 428 erant,

160 449 419 510 praesertim
452 465 584 511 quum
615 450 684 497 his
719 450 919 496 civilibus
949 451 1081 497 armis
1113 452 1227 497 dicta
1253 451 1360 508 alia,
1391 453 1470 499 sed
1505 453 1608 499 cer-

160 535 297 579 tatum
319 533 538 595 utrimque
559 534 613 579 de
634 534 930 580 dominatione
955 534 998 579 in
1026 535 1152 581 vobis
1181 536 1250 581 sit.
1290 536 1442 597 Itaque
1459 538 1660 584 ceteram

160 631 216 663 ex
246 616 424 662 >licentia
454 620 528 663 aut
566 617 669 663 odio
696 620 772 663 aut
807 618 991 664 avaritia
1020 618 1064 664 in
1099 621 1275 679 tempus
1301 634 1474 679 arsere3
1501 635 1609 681 per-

161 790 342 815 exereere
375 781 413 814 in
446 779 626 826 aliquos),
662 778 797 814 eadem
836 778 987 815 dicendi
1024 780 1117 816 ratio
1155 781 1266 817 etiam
1301 781 1339 817 in
1376 782 1608 819 substantivo

160 836 367 883 conspicua
388 841 458 871 est.
487 836 541 872 lta
558 836 668 882 igitur
691 835 816 871 differt
831 836 1026 872 dominatio
1047 838 1084 872 in
1105 847 1167 873 vos
1184 841 1220 873 et
1239 838 1435 874 dominatio
1449 839 1487 874 in
1502 839 1609 884 vobis,

160 893 310 929 utillud
335 893 553 939 simpliciter
577 892 751 940 designet
782 892 957 929 obiectum
987 893 1274 940 dominationis,
1307 896 1332 931 i.
1361 906 1395 930 e.
1424 906 1511 939 eos,
1547 897 1608 942 qui

161 949 451 986 dominationem
482 950 691 996 patiuntur,
731 949 802 985 hoc
839 951 965 996 paullo
1002 951 1219 997 generalius
1234 951 1409 997 indicet,
1438 951 1501 988 ubi
1529 952 1610 988 sive

160 1007 265 1055 apud
282 1016 373 1054 quos
395 1005 601 1042 dominatio
631 1007 768 1043 valeat.
808 1006 1011 1053 Utrumque
1035 1006 1170 1043 eodem
1194 1008 1310 1053 redit,
1333 1008 1404 1044 nisi
1430 1008 1531 1055 quod
1551 1020 1611 1045 ae-

161 1063 377 1107 cusativus,
404 1074 477 1110 quo
500 1062 700 1099 Sallustius
732 1063 768 1098 in
800 1062 933 1099 eadem
957 1074 997 1098 re
1018 1064 1171 1111 Fragm.
1203 1065 1238 1109 I,
1266 1067 1335 1110 45,
1359 1069 1391 1103 2.
1423 1076 1512 1101 usus
1541 1070 1609 1108 est,

161 1119 303 1157 servitii
327 1120 516 1155 notionem
544 1120 758 1167 graviorem
792 1119 916 1155 habet.
948 1119 1037 1156 Cum
1066 1124 1194 1156 nostro
1227 1122 1310 1157 loco
1340 1123 1512 1169 congruit
1533 1120 1609 1158 Cic.

161 1178 198 1214 in
225 1178 331 1213 Verr.
351 1177 386 1211 V
398 1205 406 1220 ,
428 1179 496 1221 68,
519 1178 600 1216 175.
627 1176 723 1213 Tulit
740 1175 834 1212 haec
852 1177 977 1212 civitas
997 1178 1137 1225 reqiam
1158 1178 1266 1213 istam
1286 1182 1445 1215 vestram
1464 1179 1491 1214 d
1497 1180 1611 1215 omi-

159 1236 392 1271 nationem
415 1234 461 1269 in
482 1233 678 1269 iudiciis
702 1236 745 1268 et
772 1234 890 1269 omni
908 1234 1171 1280 republica.

274 1294 309 1334 s.
331 1293 390 1328 12.
417 1289 549 1337 Itaque
566 1291 912 1335 cetera—arsere)
929 1291 1031 1326 Haec
1051 1290 1264 1327 Arusianus
1289 1302 1322 1326 v.
1351 1292 1388 1326 in
1415 1293 1555 1338 tempus
1575 1302 1612 1338 p.

160 1350 243 1387 241.
267 1346 376 1383 Lind.
397 1358 445 1382 ex
465 1346 512 1382 ΙΙΙ
533 1346 673 1383 laudat.
703 1366 757 1373 -
787 1347 927 1383 Arsere
948 1346 1095 1385 Cortius
1123 1358 1322 1394 perperam
1353 1347 1614 1395 interpretatur

161 1405 304 1453 afflicta
326 1408 361 1440 et
378 1407 513 1440 vexata
533 1408 638 1448 sunt,
664 1414 708 1439 ac
731 1403 950 1450 perversius
971 1404 1084 1439 etiam
1108 1405 1263 1440 alteram
1291 1403 1426 1440 suadet
1448 1404 1613 1451 explica-

161 1463 298 1499 tionem
311 1490 319 1506 ,
340 1464 379 1496 ut
399 1469 531 1497 arsere
551 1460 598 1497 de
621 1460 807 1497 nobilibus
829 1459 966 1496 dictum
989 1464 1113 1497 cetera
1133 1461 1318 1498 obiectum
1343 1460 1497 1506 habeat,
1519 1465 1614 1497 stru-

161 1523 266 1555 ctura
286 1529 329 1554 ac
353 1517 536 1554 sententia
556 1518 640 1563 tali,
670 1518 791 1565 qualis
821 1521 879 1554 est
908 1517 1010 1564 apud
1031 1517 1136 1565 Virg.
1158 1517 1235 1553 Eel.
1259 1518 1309 1564 11,
1334 1522 1366 1556 1.
1396 1518 1614 1555 Formosum

154 1579 294 1624 pastor·
313 1574 483 1622 Corydon
505 1574 662 1610 ardebat
681 1574 826 1611 Alexin.
855 1574 904 1609 At
924 1574 1046 1611 Faber
1066 1575 1158 1611 scite
1176 1574 1318 1610 monuit
1340 1574 1479 1612 ardere
1497 1579 1615 1612 trans-

162 1634 234 1669 late
255 1631 329 1668 diei
353 1630 400 1666 de
423 1623 608 1677 iis,'quae
634 1631 695 1666 vel
721 1631 805 1679 ipsa
826 1630 1068 1666 vehementer
1089 1635 1275 1667 commota
1295 1635 1331 1667 et
1359 1631 1500 1680 agitata
1526 1633 1614 1677 sint,

162 1690 224 1725 vel
245 1692 398 1736 propter
426 1698 522 1734 quae
552 1687 726 1723 homines
754 1687 1012 1734 exagitentur,
1038 1688 1123 1723 coll.
1154 1688 1235 1723 Liv.
1266 1688 1317 1732 II,
1347 1691 1405 1732 29,
1436 1692 1493 1727 12.
1530 1687 1613 1725 Iam

162 1746 221 1782 hic
234 1774 243 1791 ,
264 1756 335 1793 quo
356 1755 455 1781 ritcnc
476 1745 630 1780 omnia
650 1744 842 1789 ardent,
867 1744 1082 1780 conticescet
1097 1743 1223 1791 furor.
1245 1743 1300 1780 Id.
1324 1744 1394 1788 VI,
1413 1748 1471 1789 31,
1488 1749 1522 1782 1.
1542 1744 1613 1781 ¹In-

161 1803 345 1851 sequentis
357 1803 450 1838 anni
463 1802 665 1848 princip
675 1802 719 1836 ia
735 1801 856 1836 statim
876 1800 1050 1836 seditione
1069 1801 1205 1848 inqenti
1222 1810 1404 1837 arser-e.
1428 1799 1611 1849 Cie.Epp.

163 1860 212 1896 ad
235 1858 360 1903 Q.·Fr.
383 1859 426 1903 11,
448 1861 505 1901 15,
527 1861 620 1893 extr.
642 1857 734 1894 Res
755 1857 895 1893 ardet
909 1857 1056 1894 invidia.
1078 1856 1202 1901 Quare
1223 1858 1407 1894 sententia
1426 1857 1499 1893 loci
1517 1857 1612 1895 haec

163 1921 239 1952 est:
265 1919 411 1960 cetera,
442 1918 552 1962 prout
572 1915 723 1950 lieentia
749 1917 812 1951 aut
833 1913 961 1949 odium
984 1917 1047 1949 aut
1068 1914 1226 1950 avaritia
1251 1914 1404 1950 valebat
1429 1918 1539 1961 atque
1560 1914 1614 1950 in-

163 1974 346 2021 stigabat,
367 1983 434 2019 per
459 1970 612 2018 aliquod
636 1975 779 2007 tantum
800 1974 946 2017 tempus
967 1970 1131 2014 homines
1158 1971 1397 2018 exagitabant
1417 1980 1614 2019 eorumque

160 2030 281 2066 studia
300 2033 334 2065 et
353 2029 570 2076 cupiditates
592 2026 956 2067 eoeercebant.,—In
975 2031 1128 2074 tempus,
1141 2027 1243 2074 quod
1257 2022 1480 2075 praegnanti
1498 2039 1614 2064 sensu

162 2090 220 2123 est
238 2088 276 2122 in
293 2086 442 2133 aliquod
459 2090 601 2132 tempus
622 2086 681 2131 (v.
703 2083 826 2121 Hand.
850 2083 897 2119 de
919 2085 1075 2121 Partieo.
1097 2085 1158 2120 lat.
1172 2085 1268 2120 ·Vol.
1288 2084 1347 2120 111.
1369 2095 1406 2131 p.
1418 2087 1503 2123 338.
1524 2087 1556 2127 s.
1577 2088 1612 2123 3.

162 2147 197 2178 et
221 2142 338 2178 Tacit.
361 2143 460 2178 Ann.
482 2142 582 2187 XIV,
601 2146 669 2186 20,
690 2142 757 2186 2.)‚
781 2141 980 2188 opponitur
1003 2141 1244 2188 sequentibus
1266 2141 1392 2178 verbis
1405 2142 1614 2188 permansit

160 2210 236 2235 una
256 2208 317 2235 res
335 2199 438 2235 modo
450 2227 459 2244 ,
486 2208 581 2246 quae
602 2199 783 2245 utrimque
805 2199 970 2245 quaesita
986 2201 1058 2243 est,
1080 2209 1154 2244 quo
1178 2198 1364 2234 sententia
1383 2198 1478 2234 haee
1498 2198 1615 2234 effici-

161 2260 236 2292 tur:
263 2259 388 2291 cetera
409 2250 612 2291 certamina
634 2255 670 2290 in
698 2254 851 2301 aliquod
872 2258 1018 2300 tempus
1051 2254 1163 2290 modo
1184 2255 1408 2301 viguerunt3
1431 2253 1500 2291 sed
1525 2265 1614 2291 eon-

163 2312 276 2348 tentio
297 2311 344 2347 de
364 2311 562 2347 tribunicia
592 2315 776 2357 potestate
808 2312 890 2346 sola
917 2321 985 2356 per
1020 2314 1133 2346 totum
1163 2310 1236 2350 hoc
1261 2314 1408 2358 tempus
1437 2311 1614 2347 continua

163 2370 248 2413 suit,
270 2379 391 2415 neque
414 2377 578 2415 unquam
600 2368 827 2404 intermissa.
850 2387 906 2392 —
934 2366 1119 2414 Utrimque
1147 2369 1312 2414 quaesita
1342 2366 1490 2404 Cortius
1511 2367 1612 2404 recte

163 2428 424 2473 interpretatur
445 2435 493 2469 „a
515 2424 637 2470 plebe,
659 2427 697 2459 ut
717 2422 993 2467 confirmarent,
1016 2425 1061 2460 ab
1085 2425 1324 2470 optimatibus
1344 2429 1382 2460 ut
1402 2425 1611 2460 tollerent.“

161 2504 216 2509 —
236 2482 360 2518 Telum
391 2481 525 2517 dieitur
552 2484 719 2527 potestas
746 2480 941 2515 tribunicia
970 2491 1043 2515 non
1066 2491 1138 2527 quo
1160 2480 1205 2516 ea
1225 2481 1355 2527 plebes
1377 2480 1610 2525 defendatur,

163 2539 231 2576 sed
253 2537 354 2586 quod
380 2538 462 2574 eius
484 2548 554 2584 ope
577 2537 737 2583 impetus
767 2537 803 2571 in
827 2537 1054 2572 nobilitatem
1083 2547 1301 2584 paucosque
1329 2541 1501 2584 potentes
1529 2536 1611 2572 fieri

160 2598 340 2643 possunt;
363 2595 412 2630 es.
434 2594 549 2630 Tacit.
572 2593 663 2629 diat.
684 2592 730 2628 de
755 2596 850 2628 orat.
875 2604 904 2628 e.
926 2597 962 2630 5.
989 2593 1072 2629 Non
1086 2593 1236 2630 hercule
1256 2594 1372 2630 lorica
1387 2597 1452 2630 aut
1465 2593 1612 2641 qladius

161 2654 198 2688 in
218 2653 298 2687 acie
314 2652 459 2698 firmius
481 2652 751 2695 munimentum,
772 2660 881 2696 quam
900 2659 961 2685 res
983 2653 1019 2685 et
1029 2650 1257 2697 periclitanti
1275 2650 1475 2697 eloquentia
1493 2659 1612 2696 prae-

162 2709 292 2744 sidium
311 2708 471 2743 simulet
488 2708 651 2752 telum,
675 2716 745 2753 quo
764 2715 1010 2753 propuqnare
1022 2708 1171 2753 pariter
1198 2710 1235 2743 et
1253 2707 1496 2742 incessere
1519 2716 1611 2752 pos-

163 2766 219 2802 sit.
247 2765 327 2800 Liv.
352 2764 404 2807 V,
428 2766 493 2808 29,
515 2767 550 2803 9.
582 2763 624 2799 Si
641 2762 832 2799 tribunicia
851 2763 900 2798 vis
925 2762 1115 2799 tribunicio
1140 2762 1279 2799 auxilio
1298 2763 1429 2810 repelli
1442 2766 1609 2810 nequeat,
