1774 3002
477 148 807 189 HISTORIARUM
835 146 1138 185 FRAGMENTA
1166 145 1390 184 INCERTA.
1559 143 1614 187 37
1618 142 1643 185 7

342 280 410 321 29.
466 275 564 330 Quo
594 273 793 334 cupidius
822 272 865 318 in
890 286 967 318 ore
994 269 1118 317 ducis
1147 285 1249 317 sese
1268 270 1455 332 quisque
1480 271 1643 317 bonum

210 360 254 403 et
282 360 507 404 strenuum
537 358 820 403 ostentantes.

343 445 412 487 30.
466 441 613 501 Atque
647 453 727 485 eos
763 454 791 485 a
813 440 943 500 tergo
975 437 1262 483 incurrerunt.

343 526 412 569 31.
467 523 638 584 Togam
667 521 975 582 paludamento
1001 519 1196 567 mutavit.

343 609 411 651 32.
465 605 613 660 Pressi
640 605 832 666 undique
858 602 1144 649 multitudine.

302 687 412 734 33.
465 688 714 735 Exercitum
751 687 936 747 argento
962 685 1077 731 fecit.

209 824 311 868 dicit,
332 823 401 860 sed
422 825 667 862 certissimam
689 836 776 861 esse
798 824 1031 870 scripturam.
1070 822 1198 859 Priore
1219 823 1342 856 autem
1362 821 1444 856 loco
1469 821 1643 868 quoniam

209 881 260 917 ad
293 881 483 917 notionem
518 881 624 917 vocis
653 881 738 917 belli
764 879 1062 917 constituendam
1105 878 1215 914 utitur
1258 878 1429 924 exemplo
1480 878 1643 922 „bellum

208 935 533 982 Mithridaticum“‚
563 948 608 972 eo
637 948 709 972 non
736 940 877 972 certum
905 935 1056 982 quidem
1078 934 1148 971 sed
1167 937 1290 970 tamen
1310 933 1501 979 probabile
1521 933 1573 980 fit,
1596 933 1642 970 de

208 993 360 1029 Lucullo
393 993 488 1030 haec
523 994 671 1038 valere,
706 1004 753 1028 ex
787 993 907 1040 prima
942 1002 1071 1039 pugna
1104 990 1216 1026 totius
1251 989 1337 1025 belli
1367 993 1544 1026 eventum
1577 1001 1641 1026 au·

208 1052 374 1096 garama.

317 1104 377 1140 Fr.
401 1107 459 1150 28.
503 1102 621 1149 [Cort.
653 1115 691 1151 p.
718 1107 821 1142 1003.
848 1103 945 1140 Gerl.
971 1103 1031 1140 ed.
1064 1102 1150 1140 mai.
1182 1101 1258 1137 Inc.
1287 1103 1345 1140 27.
1373 1100 1434 1137 ed.
1465 1101 1553 1137 min.
1583 1101 1643 1146 III,

205 1161 264 1198 27.
291 1171 331 1207 p.
355 1162 436 1204 227,
462 1161 520 1198 24.
558 1159 666 1198 Debr.
697 1160 758 1204 IV,
786 1161 861 1205 54.]
920 1160 1100 1196 Priscian.
1119 1158 1228 1201 XIV,
1259 1159 1302 1202 4,
1323 1159 1381 1196 40.
1409 1169 1446 1204 p.
1468 1160 1549 1196 602.
1579 1159 1642 1194 Kr.

207 1215 382 1263 Nefanda
402 1215 620 1252 Gerlachius
650 1221 747 1253 recte
768 1217 918 1263 scripsit
940 1227 1009 1263 pro
1028 1215 1211 1262 nefande,
1235 1214 1336 1260 quod
1359 1218 1395 1248 et
1418 1214 1456 1249 in
1483 1215 1643 1262 vulgatis

207 1270 300 1308 Sall.
323 1271 411 1307 edd.
433 1276 469 1307 et
490 1272 530 1308 in
550 1264 752 1308 Krehliana
774 1272 954 1308 Prisciani
976 1275 1116 1316 exstat;
1145 1271 1241 1306 male
1264 1281 1354 1306 vero
1373 1269 1471 1306 idem
1492 1281 1584 1307 casu
1605 1271 1643 1306 in

207 1330 317 1364 casus
342 1328 518 1371 mutavit,
549 1339 621 1374 quo
652 1328 833 1364 sententia
859 1329 970 1374 plane
993 1327 1227 1374 pervertitur.
1288 1325 1386 1362 Casu
1411 1336 1558 1373 super
1587 1332 1644 1363 est

200 1387 360 1430 praeter
385 1393 449 1428 ea,
472 1393 568 1430 quae
596 1394 687 1419 casu
711 1384 934 1421 accidebant.
994 1383 1120 1419 Verba
1143 1381 1363 1428 accipienda
1394 1387 1481 1418 sunt
1510 1382 1556 1418 de
1578 1384 1644 1419 mi-

209 1439 318 1476 seriis
344 1438 618 1486 oppidanorum
649 1439 844 1476 obsidione
876 1440 1040 1487 graviter
1066 1449 1305 1485 pressorum,
1342 1438 1503 1474 sortasse
1535 1438 1643 1475 Cala-

209 1495 486 1542 guritanorum,
509 1494 555 1531 de
577 1496 710 1542 quibus
736 1507 773 1531 v.
789 1496 849 1531 Fr.
875 1496 933 1540 ΙΙΙ,
955 1498 988 1534 7.
1020 1494 1094 1532 Cur
1114 1498 1236 1531 autem
1259 1505 1344 1530 cum
1369 1491 1571 1531 Debrossio
1595 1495 1644 1532 de

209 1551 391 1587 Heraclea
407 1551 642 1597 potissimum
664 1553 891 1599 cogitemus,
913 1562 1138 1598 quamquam
1158 1561 1204 1586 ea
1223 1552 1312 1587 urbs
1337 1554 1441 1586 teste
1445 1551 1644 1588 Memnone

210 1606 311 1654 apud
336 1607 442 1643 Phot.
471 1606 556 1643 cod.
586 1610 667 1645 224.
696 1620 733 1654 p.
760 1609 842 1646 237.
875 1618 909 1643 a.
938 1608 1060 1643 Bekk.
1090 1607 1205 1643 multa
1237 1606 1401 1643 nefanda
1428 1619 1545 1679 passa
1574 1612 1643 1653 est,

209 1662 302 1700 nihil
322 1667 381 1699 est
404 1662 504 1709 quod
524 1663 587 1700 vel
608 1669 720 1711 cogat
741 1665 801 1700 vel
823 1663 994 1700 suadeat.
1659 1658 1663 1663 ’

321 1719 383 1754 Fr.
403 1722 463 1758 29.
505 1717 620 1767 [Cort.
647 1731 683 1766 p.
707 1722 811 1758 1003.
835 1720 934 1755 Gerl.
956 1720 1016 1758 ed
1039 1719 1126 1755 mai.
1146 1719 1221 1755 Inc.
1243 1722 1300 1757 25.
1323 1718 1381 1756 ed.
1406 1720 1494 1755 min.
1517 1721 1560 1764 II,
1583 1723 1641 1759 53.

208 1786 246 1821 p.
269 1777 353 1819 203,
374 1776 432 1813 27.
462 1775 572 1812 Debr.
593 1775 636 1820 H,
660 1774 757 1824 135,]
816 1775 924 1812 Serv.
953 1776 1003 1812 ad
1026 1775 1134 1822 Virg.
1158 1775 1254 1810 Aen.
1281 1775 1328 1819 X,
1346 1777 1430 1814 370.
1455 1780 1492 1811 et
1511 1776 1642 1813 lsidor.

210 1830 274 1876 IX,
292 1833 328 1874 3,
347 1834 405 1868 22.
430 1841 468 1877 p.
488 1833 571 1869 298.
589 1831 710 1876 Lind„
730 1831 792 1878 qui
814 1835 937 1866 tamen
959 1836 1033 1867 tres
1052 1835 1262 1877 postremas
1287 1841 1402 1869 voces
1425 1842 1501 1868 non
1518 1832 1643 1869 habet.

210 1886 265 1921 De
294 1887 428 1931 quovis
453 1886 548 1922 duce
570 1886 739 1923 Romano
767 1887 863 1922 haec
884 1886 958 1923 dici
978 1889 1147 1934 potuisse
1165 1887 1203 1922 in
1221 1892 1396 1933 promptu
1415 1892 1492 1932 est3
1524 1899 1572 1929 ex
1591 1889 1645 1924 lu-

211 1940 338 1978 bidIne
359 1942 470 1988 igitur
490 1941 715 1978 Debrossius
736 1946 771 1978 et
792 1942 1010 1979 Gerlachius
1030 1943 1219 1979 Metellum
1239 1942 1442 1989 significari
1468 1948 1643 1982 statuunt.

324 1997 384 2033 Fr.
401 2000 460 2035 30.
506 1996 618 2050 [Cori.
646 2009 683 2044 p.
713 2002 815 2036 1002.
847 1998 944 2034 Gerl.
975 1998 1037 2034 ed.
1068 1999 1157 2034 mai.
1184 1999 1261 2034 Inc.
1283 2002 1342 2036 22.
1372 1999 1434 2036 ed.
1456 2001 1546 2036 min.
1566 2002 1644 2041 Inc.

213 2055 270 2091 13.
301 2064 338 2099 p.
369 2054 450 2097 237,
482 2056 539 2090 10.
575 2053 686 2090 Debr.
710 2054 772 2098 111,
793 2054 868 2098 74.]
925 2054 1114 2091 Rufinian.
1137 2055 1183 2090 de
1217 2054 1358 2093 schem.
1379 2056 1451 2091 lex.
1471 2058 1504 2099 S.
1524 2060 1585 2096 33.
1604 2070 1643 2105 p.

212 2110 295 2146 254.
321 2107 382 2143 ed.
410 2107 560 2144 Ruhnk.
584 2108 790 2147 Incurrere
816 2110 1023 2157 aliquem
1055 2110 1194 2150 dictum
1220 2115 1260 2147 ut
1285 2111 1461 2148 invadere
1487 2114 1644 2161 aliquem

213 2164 351 2200 idonea
377 2165 552 2211 analogia
582 2166 725 2211 nititur,
755 2177 979 2212 quamquam
1005 2167 1176 2203 usitatius
1203 2171 1262 2204 est
1287 2168 1482 2205 mourrere
1507 2171 1548 2206 in
1575 2172 1645 2207 ali-

213 2230 318 2267 quem
337 2220 400 2256 vel
419 2220 530 2256 alicui
536 2235 549 2260 ‚·
568 2222 616 2257 cf.
637 2221 775 2259 Duker.
795 2221 856 2258 ad.
877 2222 957 2258 Liv.
978 2221 1145 2267 XXVIII,
1166 2226 1224 2262 16.
1244 2225 1280 2262 4.
1295 2222 1386 2261 Sall.
1402 2224 1483 2272 Iug.
1507 2225 1561 2271 CI,
1580 2230 1616 2266 8.

325 2276 385 2311 Fr.
406 2278 465 2313 31.
509 2273 622 2324 [Cort.
652 2289 688 2323 p.
714 2280 796 2316 998.
824 2276 921 2315 Gerl.
949 2278 1010 2314 ed.
1035 2279 1122 2315 mai.
1150 2279 1228 2316 Ine.
1250 2283 1309 2318 15.
1334 2280 1394 2316 ed.
1421 2282 1511 2318 min.
1532 2283 1560 2327 I,
1585 2285 1643 2322 47.

212 2343 250 2378 Ρ.
273 2334 352 2376 190,
374 2333 410 2369 3.
441 2331 595 2376 Debr.1,
617 2330 692 2381 76.]
749 2333 884 2370 Isidor.
904 2334 1001 2381 XJX,
1017 2337 1076 2380 24,
1098 2338 1133 2374 9.
1153 2347 1192 2383 p.
1212 2338 1294 2375 604.
1315 2336 1498 2382 Lindem.,
1516 2338 1642 2376 Schol.

214 2387 264 2423 ad
290 2387 456 2424 Iuvenal.
473 2387 535 2434 VI,
563 2391 644 2427 400.
668 2393 705 2424 et
727 2389 834 2427 Serv.
863 2389 914 2426 ad
932 2391 1041 2438 Virg.
1061 2390 1196 2440 Georg.
1217 2392 1299 2437 l,>8.
1325 2393 1534 2430 Verborum
1557 2407 1642 2431 sen-

214 2454 298 2479 sum
317 2443 391 2481 iam
409 2443 605 2480 Putsehius
620 2449 720 2481 recte
741 2445 836 2482 vidit
855 2445 954 2483 hunc
970 2457 1077 2484 esse:
1103 2459 1154 2492 „a
1173 2459 1268 2495 pace
1288 2448 1339 2484 ad
1356 2450 1492 2486 bellum
1507 2451 1643 2498 migra-

214 2499 286 2543 vit;
317 2498 416 2545 togis
442 2498 540 2534 enim
569 2500 606 2535 in
631 2510 725 2547 pace
754 2503 948 2538 utebantur
975 2503 1153 2547 Romani,
1185 2504 1247 2540 ubi
1275 2505 1411 2540 bellum
1436 2505 1642 2543 advenerat

212 2553 526 2600 paludamentisf‘
581 2555 643 2591 Ad
671 2557 852 2604 Lepidum
885 2559 1022 2595 bellum
1050 2560 1163 2596 civile
1192 2564 1404 2597 moventem
1432 2563 1544 2598 refert
1570 2563 1640 2599 De-

213 2611 382 2647 brossius
403 2613 438 2645 et
457 2609 687 2656 Gerlachius,
694 2613 805 2665 'quod
820 2624 954 2660 parum
971 2616 1175 2662 probabile.

322 2666 383 2702 Fr.
406 2668 463 2705 32.
511 2664 623 2711 [Cort.
646 2679 683 2714 p.
714 2672 816 2708 1006
846 2669 944 2706 Gerl.
965 2670 1028 2707 ed.
1042 2672 1129 2708 mai.
1149 2672 1224 2708 Inc.
1244 2674 1302 2710 80.
1325 2672 1384 2708 ed.
1406 2674 1494 2710 min.
1512 2674 1588 2710 Ine.
1604 2679 1638 2713 1.

212 2731 250 2767 p.
270 2723 351 2767 237,
368 2716 403 2760 2.
433 2721 542 2759 Debr.
563 2721 591 2766 I,
615 2723 689 2768 87.]
745 2724 874 2762 Donat.
898 2725 947 2762 ad
969 2726 1054 2763 Ter.
1075 2726 1238 2775 Adelph.
1259 2727 1319 2772 IH,
1334 2732 1369 2773 2,
1385 2733 1418 2767 5.
