1774 3002
136 158 198 189 XL
537 154 757 192 EDITORIS
798 155 1033 193 EPISTOLA
1071 155 1260 194 CRITICA

135 275 371 316 Poenorum
405 279 631 326 pastorales
669 276 829 325 dicunt;
861 278 914 317 de
950 276 1012 318 his
1041 278 1273 318 Sallustius.
1335 279 1447 329 Quae
1474 280 1650 331 magalia

137 348 233 383 sunt
261 343 520 385 circumiecta
550 345 701 385 civitati
730 346 967 386 suburbana
992 345 1191 385 aedificia.
1250 346 1438 395 Maqalia
1463 352 1504 387 et
1531 347 1647 396 alibi;

138 411 305 452 Cassius
336 411 507 451 Hemina
541 412 665 451 docet
694 412 768 453 ita:
806 415 1017 454 Sinuessae
1052 417 1165 453 etc.“
1202 437 1258 442 ——
1295 417 1455 464 Agmen
1487 416 1650 455 claudat

137 481 371 530 exemplum
408 479 651 529 lepidissimi
693 482 845 522 erroris
881 483 948 521 vel
990 482 1129 532 potius
1170 481 1419 522 incredibilis
1450 482 1647 533 stuporis.

137 548 224 598 Quo
257 549 363 588 enim
395 554 565 598 augeret
593 548 934 599 Fragmentorum
965 561 1203 599 numerum,
1246 550 1486 589 Gerlachius
1516 550 1556 589 111
1582 551 1648 590 ed.

136 617 228 656 mai.
260 619 342 657 Inc.
376 615 493 656 223.·
513 616 633 656 etiarn
671 617 752 657 hoc
789 619 932 669 posuit
967 630 1018 657 ex
1053 618 1198 658 Servio
1237 619 1290 657 ad
1320 617 1435 668 Virg.
1466 619 1571 657 Aen.
1602 619 1650 668 11,

135 684 231 724 469.
292 686 522 736 Pyrrhus
551 695 576 722 a
603 687 733 724 colore
762 698 897 727 comae
925 689 1073 735 dietus,
1104 688 1174 736 qui
1200 689 1324 725 latine
1338 686 1527 737 Byrrhus
1547 691 1647 734 (scr.

135 753 304 801 burrus)
341 754 508 801 dicitur,
546 754 601 791 ita
631 758 670 792 et
699 753 896 793 Salustius
928 754 1102 804 Crispus.
1161 753 1411 794 Admonitus
1443 754 1594 794 deinde
1624 765 1648 793 a

134 820 384 860 Frotscliero
416 819 576 859 ridiculi
609 821 774 870 lapsus,
803 821 993 860 V01.·111.
1030 833 1072 872 p.
1110 821 1201 861 146.
1241 819 1452 862 concessit
1481 822 1646 873 quidem

134 891 215 930 hoc
234 889 523 939 Fragmentum
555 889 709 928 nullum
737 899 846 938 esse,
876 889 951 928 sed
979 894 1127 938 tamen,
1156 894 1202 928 ut
1223 890 1531 940 quodammodo
1562 895 1648 931 tue-

134 962 248 998 retur
275 958 478 1008 Pyrrhum
506 969 646 1007 suum,
686 957 740 997 ita
770 957 921 1007 pedem
952 957 1107 1007 retulit,
1146 962 1191 997 ut
1220 958 1424 1010 intrepide
1455 960 1647 999 adderet:

133 1027 253 1077 „Sed
283 1028 436 1077 Pyrrhi
466 1027 716 1066 mentionem
747 1037 843 1065 esse
875 1026 1024 1065 factam
1057 1025 1097 1064 in
1127 1026 1194 1065 lib.
1225 1027 1329 1066 Hist.
1363 1026 1468 1067 infra
1494 1027 1648 1067 videbi-

134 1098 277 1135 mus.“
339 1094 462 1145 Quasi
487 1094 653 1135 veroid
680 1094 906 1144 pertineret
933 1094 986 1133 ad
1018 1094 1256 1134 Sallustium
1288 1093 1494 1146 Crispum!

250 1163 510 1202 Grammatici
549 1175 675 1213 quum
715 1174 842 1213 saepe
880 1162 1062 1202 Sallustii
1094 1164 1219 1202 verba
1249 1163 1304 1203 ita
1341 1164 1560 1213 afferrent,
1605 1171 1649 1203 ut

137 1234 229 1273 solo
270 1231 358 1271 eius
398 1231 562 1271 nomine
600 1231 765 1271 laudato
803 1242 931 1281 opus,
966 1231 1078 1270 unde
1115 1233 1304 1282 exempla
1343 1244 1420 1272 sua
1449 1232 1647 1284 sumpsis-

136 1306 240 1350 sent,
271 1312 355 1340 non
385 1300 638 1348 indicarent,
670 1310 720 1339 60
751 1300 903 1339 factum
931 1304 1006 1349 est,
1039 1303 1084 1339 ut
1114 1300 1295 1341 seriores
1327 1301 1522 1350 editores,
1556 1301 1647 1340 Car-

135 1370 292 1409 rionem
331 1368 488 1409 ineu-ria
516 1367 847 1419 praetermisisse
885 1367 981 1416 rati,
1015 1379 1121 1418 quae
1148 1369 1214 1408 ille
1243 1370 1471 1419 prudenter
1500 1369 1647 1409 omise-

134 1442 218 1487 rat,
256 1439 494 1488 complures
534 1439 650 1477 locos
686 1448 738 1476 ex
769 1435 937 1475 Catilina
968 1441 1009 1475 et
1039 1437 1233 1491 Iugurtha
1269 1437 1443 1478 haustos
1473 1449 1550 1488 pro
1581 1437 1647 1476 Hi-

135 1506 357 1546 storiarum
390 1505 646 1555 Fragmentis
681 1505 901 1553 haberent,
936 1515 985 1544 ac
1024 1506 1120 1544 ficta
1152 1505 1256 1545 haec
1295 1505 1403 1546 veris
1435 1505 1646 1545 inferrent.

133 1577 194 1615 lta
231 1585 465 1621 anonymus
504 1573 694 1613 editionis
731 1573 1038 1613 Debrossianae
1079 1578 1246 1613 curator
1284 1572 1646 1623 Lunaeburgensis

133 1644 174 1683 in
208 1643 466 1694 „Spicilegio
494 1643 835 1692 Fragmentorum
860 1653 884 1680 a
909 1642 1078 1692 reliquis
1110 1643 1337 1682 editoribus
1368 1642 1645 1682 omissorum“

134 1726 176 1764 p.
212 1713 303 1753 112.
335 1726 374 1752 n.
410 1713 477 1751 41.
508 1723 560 1751 ex
590 1713 648 1750 Io.
680 1710 942 1750 Antiocheno
970 1710 1009 1750 in
1037 1712 1231 1761 Excerpt.
1269 1710 1446 1750 Peiresc.
1475 1721 1516 1760 p.
1547 1709 1644 1749 393.

136 1794 290 1823 novum
318 1782 607 1832 Fragmentum
637 1780 824 1820 attulisse
854 1779 932 1819 sibi
959 1779 1075 1820 visus
1107 1784 1172 1819 est
1201 1780 1300 1819 hoc:
1331 1774 1418 1820 Καὶ
1444 1774 1642 1818 Eunoni-

135 1861 256 1901 στιος
285 1845 308 1893 ὁ
333 1845 542 1904 Ῥωμαῖος
574 1844 863 1903 συγγραφεύς
901 1847 987 1901 ἔφη
1023 1849 1214 1897 καλοῖς
1255 1841 1427 1888 αὐτὸν
1455 1850 1535 1895 (36.
1566 1842 1645 1886 τὸν

136 1915 340 1968 Σύλλαν)
366 1914 730 1972 ἐγχειρήμασι
755 1914 1021 1957 κάκιστον
1052 1911 1450 1970 ἐπενηνοχέναι
1479 1912 1537 1954 τὸ
1565 1912 1646 1955 τέ-

137 1992 249 2042 λος,
295 1998 401 2038 quae
449 1987 575 2027 verba
609 1997 810 2036 expressa
850 1997 946 2026 esse
985 1997 1037 2025 ex
1077 1985 1189 2026 Catil.
1235 1995 1270 2024 6.
1310 1984 1384 2033 XI,
1423 1984 1464 2024 4.
1497 1979 1643 2032 „Sed

135 2062 359 2109 postquam
393 2057 524 2105 Sulla,
571 2055 694 2095 armis
733 2059 902 2105 recepta
945 2055 1176 2105 republica,
1220 2055 1330 2094 bonis
1366 2055 1486 2094 initiis
1521 2055 1645 2094 malos

135 2131 293 2166 eventus
322 2126 503 2174 habuu‚⁶‘
533 2124 613 2164 iam
632 2124 869 2164 Gerlachius
900 2119 1005 2163 Vol.‘
1029 2124 1075 2162 II.
1108 2134 1149 2172 p.
1177 2123 1244 2161 57.
1274 2114 1503 2172 perspexit.
1532 2122 1643 2161 Idem

136 2195 234 2235 ibid.
269 2206 308 2245 p.
344 2192 436 2231 110.
475 2204 514 2231 n.
547 2192 615 2236 23.
658 2197 827 2232 auctore
866 2192 1090 2232 scholiasta
1127 2191 1179 2229 ad
1213 2190 1366 2229 Lucani
1395 2190 1644 2238 Pharsle,

138 2262 205 2302 56.
245 2259 435 2300 Historiis
475 2259 614 2298 tribuit
648 2259 772 2298 haec:
805 2261 877 2307 „A
906 2259 1076 2310 privatis
1103 2258 1384 2309 compluribus
1414 2259 1643 2299 subversos

137 2333 320 2377 montes,
362 2328 489 2367 maria
519 2316 756 2368 constructa
786 2331 933 2376 esse‚“
978 2339 1083 2378 quae
1114 2329 1305 2378 leguntur
1329 2327 1442 2367 Catil.
1476 2338 1511 2366 c.
1539 2326 1642 2373 XIII,

142 2390 178 2437 1.
236 2396 367 2447 Magis
397 2401 573 2445 temere,
604 2401 648 2436 ut
678 2397 785 2436 solet
798 2428 813 2444 ,.
837 2396 1087 2436 Debrossius
1116 2407 1221 2446 quae
1253 2395 1423 2436 Servius
1451 2394 1503 2433 ad
1527 2393 1641 2443 Virg.

138 2468 242 2507 Aen.
271 2467 327 2514 ΙΙ,
362 2465 454 2505 157.
501 2477 553 2504 ex
581 2455 776 2505 Sallustio
810 2463 929 2504 affert
966 2466 1065 2514 „Ab
1098 2465 1161 2505 his
1193 2476 1336 2505 omnes
1371 2466 1571 2502 evocatos
1603 2466 1645 2500 et

140 2533 459 2582 centuriones,“
500 2533 539 2573 in
571 2534 717 2573 librum
747 2533 821 2580 IV,
860 2532 923 2571 16.
955 2534 1111 2582 retulit,
1149 2533 1364 2572 immemor
1390 2531 1429 2570 in
1461 2529 1574 2570 Catil.
1606 2540 1642 2569 c.

138 2604 245 2652 LIX,
275 2602 313 2642 3.
344 2603 502 2652 10611111,
539 2601 774 2642 memoriter
805 2611 828 2639 a
858 2600 1002 2640 Servio
1037 2602 1269 2649 laudatum,
1297 2598 1458 2649 plenius
1491 2598 1550 2638 sic
1576 2609 1643 2637 ex-

140 2676 271 2713 stare:
299 2671 397 2720 „Ab
427 2670 490 2710 his
517 2670 781 2710 centuriones
812 2669 943 2708 omnis
973 2670 1103 2709 lectos
1121 2674 1162 2709 et
1185 2673 1383 2709 evocatos
1410 2690 1464 2695 —-
1494 2666 1533 2706 in
1561 2666 1641 2717 pri-

140 2751 247 2780 mam
284 2739 413 2780 aciem
454 2739 694 2779 subducit.“
764 2738 865 2788 Quin
904 2738 1081 2777 Linkero
1124 2748 1310 2788 quoque,
1352 2739 1472 2775 cauto
1503 2739 1544 2774 et
1569 2733 1643 2774 cir-

143 2812 383 2859 cumspecto
426 2807 539 2857 viro,
587 2807 753 2855 accidit,
801 2810 846 2846 ut
882 2805 921 2845 in
952 2806 1087 2846 libello
1130 2807 1182 2845 de
1213 2804 1310 2844 Sall.
1343 2803 1516 2844 Historr.
1547 2815 1641 2855 pro-
