1774 3002
128 160 212 204 308
620 169 659 207 C.
692 170 923 208 SALLUSTI
952 171 1103 210 CRISPI

265 295 329 337 12.
387 293 735 354 Mesopotameni
756 295 956 341 homines
977 295 1214 342 effrenatae
1241 296 1446 343 lubidinis
1472 302 1574 344 sunt

122 373 165 418 in
196 376 384 437 utroque
415 392 549 434 sexu,
586 377 668 439 [ul
694 378 932 426 Sallustius
960 381 1156 426 meminit.
1152 379 1188 440 ]

260 461 327 503 13.
386 460 625 522 Naphthas.

119 618 254 655 vitiose
275 619 376 666 apud
392 620 577 656 isidorum
601 622 739 667 pariter
763 627 873 668 atque
896 622 932 657 in
954 621 1044 658 Sall.
1067 621 1155 657 edd.
1178 621 1315 668 legitur
1337 632 1432 669 quae
1450 626 1570 659 tamen

121 679 246 720 terra,
272 686 392 723 quae
412 678 458 713 ab
478 678 568 724 ipsis
588 678 766 723 ambitur,
792 679 930 726 quippe
952 689 1024 725 quo
1047 679 1174 725 inepta
1194 682 1319 714 terrae
1342 679 1470 714 relatio
1493 679 1571 715 effi-

121 732 216 768 citur
238 731 287 768 ad
314 733 603 783 praecedentia,
626 736 689 772 ubi
711 735 758 771 de
790 746 835 771 ea
864 747 905 771 re
928 746 1011 771 ⁴non
1041 736 1175 783 agitur.
1218 733 1341 778 Quare
1363 745 1458 782 quae
1485 741 1571 782 post

119 791 242 832 terra,
265 789 347 825 sive
370 801 463 827 casu
484 791 565 827 sive
584 802 768 838 perverso
791 792 929 828 iudicio
951 793 988 828 in
1007 796 1150 828 textum
1166 791 1326 836 illatum,
1349 790 1475 828 delere
1496 803 1570 828 non

123 845 397 892 dubitavimus,
429 859 502 894 quo
537 850 722 885 sententia
750 849 984 890 inordinem
1005 848 1122 893 redit;
1153 859 1239 884 nam
1269 848 1389 884 elucet
1417 859 1570 896 campos

121 901 316 949 Euphrate
337 908 371 939 et
395 903 498 952 Tiyre'
516 907 750 953 circumfluos
772 907 910 953 opponi
941 906 1124 952 superiori
1146 904 1312 952 regIoni‚
1340 915 1436 952 quae
1465 906 1572 942 fonti-

118 960 190 995 bus
209 960 364 1007 propior
386 961 583 998 Armeniae
601 963 751 999 nomine
775 964 998 1010 appellatur.
1040 961 1209 998 Ceterum
1231 961 1347 999 verba
1372 972 1445 998 uno
1469 961 1572 1010 fonte

120 1026 277 1052 manare
292 1028 367 1053 non
385 1018 597 1065 significant
618 1021 726 1056 ambo
749 1019 903 1056 flumina
921 1029 971 1055 eoe
990 1019 1115 1056 eodem
1129 1019 1238 1054 simul
1253 1017 1356 1065 fonte
1369 1018 1570 1065 profluere,

123 1072 193 1109 sed
213 1072 355 1121 Tigrim
380 1078 416 1109 et
443 1075 658 1122 Euphraten
688 1087 761 1112 non
792 1077 941 1123 plures,
974 1075 1043 1112 sed
1073 1075 1243 1122 singulos
1275 1074 1394 1111 tontes
1416 1074 1570 1112 habere.

125 1129 180 1166 De
202 1141 249 1166 ea
267 1131 366 1166 enim
386 1142 425 1166 re
447 1143 523 1168 non
543 1134 739 1169 constabat
762 1134 857 1169 inter
885 1136 1047 1170 veteres.
1095 1131 1197 1178 Tiqri
1222 1134 1321 1166 certe
1342 1132 1470 1194 plures
1493 1133 1571 1169 son

125 1191 182 1223 tes
204 1187 328 1224 tribuit
347 1187 526 1225 Herodot.
546 1189 600 1234 V,
621 1193 677 1227 52.
700 1184 883 1238 Ποταμοι
897 1184 1014 1237 νηυσὶ
1032 1183 1190 1238 περητοὶ
1208 1182 1379 1249 τέσσερες
1399 1178 1467 1225 διὰ
1481 1201 1571 1225 ταυ-

121 1254 191 1291 της
210 1245 283 1289 (se.
304 1235 524 1308 Ἀρμενίης)
545 1241 694 1308 ῥέουσι·
717 1245 869 1308 πρῶτος
890 1239 982 1307 μὲν,
1012 1242 1163 1311 Τίγρις·
1189 1235 1285 1307 μετὰ
1307 1237 1370 1291 δὲ,
1385 1237 1572 1308 δευτερός

122 1310 162 1336 τε
182 1295 249 1335 καὶ
268 1297 394 1364 τρίτος
416 1292 540 1346 ωυτὸς
558 1293 889 1364 οὖνομαζόμενος,
910 1291 986 1338 οὐκ
1009 1295 1131 1345 ωὑτὸς
1153 1292 1228 1336 ἐών
1249 1292 1434 1348 ποταμὸς,
1455 1291 1572 1338 οὐδὲ

123 1351 142 1392 ἕ
150 1368 174 1392 κ
199 1355 285 1393 τοῦ
308 1349 459 1394 αὐτοῦ
488 1353 624 1425 ρὲω
592 1370 633 1394 v
664 1350 686 1395 ὃ
707 1353 778 1407 μὲν
792 1354 869 1408 γὰρ
891 1350 1077 1408 πρότερος
1094 1347 1245 1393 αὐτέων
1263 1352 1514 1405 καταλεχθεὶς
1533 1353 1571 1403 ἐξ

119 1405 379 1462 Ἀρμενίων
356 1409 444 1463 ρὲει.
490 1427 511 1451 ο
536 1407 614 1451 δὲ
598 1407 760 1466 ὕστερον
781 1410 824 1451 ἐκ
843 1413 1080 1462 Ματιηνῶν.
1109 1411 1310 1460 Euphratis
1322 1412 1452 1477 sontes
1472 1425 1571 1450 com-

124 1475 305 1506 memorat
326 1469 458 1508 Strabo
481 1470 543 1507 XI.
562 1483 599 1518 p.
621 1473 701 1511 792.
725 1473 771 1508 Α.
802 1472 938 1508 Almel.
965 1464 1079 1507 Ἐστι
1099 1465 1141 1507 δὲ
1159 1466 1299 1518 μείζων
1317 1481 1339 1506 ο
1357 1461 1573 1520 Εὐφράτης

123 1523 199 1589 (sc.
223 1525 294 1562 τοῦ
322 1524 535 1591 Τίγριδος),
565 1540 631 1564 και
661 1525 781 1565 πλείω
808 1524 962 1574 διέξεισι
990 1520 1123 1578 χώραν
1148 1524 1296 1578 σκολιῷ
1321 1525 1376 1578 τῷ
1409 1522 1569 1579 ῥείθρῳ,

121 1595 210 1627 τας
246 1593 342 1632 πηγ
354 1596 408 1628 ας
429 1580 543 1646 ἔχων
573 1580 616 1621 ἐν
640 1584 699 1646 τῷ
717 1577 924 1637 προςβόρω
945 1579 1051 1634 μέρει
1070 1582 1140 1621 τοῦ
1163 1563 1332 1633 Ταύρου.
1373 1582 1428 1619 Id.
1459 1583 1507 1620 ib.
1526 1595 1568 1648 p.

123 1640 202 1678 799.
227 1640 275 1675 A.
305 1633 350 1675 Ὁ
378 1631 597 1690 Εὐφράτης
627 1631 704 1680 ἆπὸ
732 1641 802 1690 τῆς
829 1622 985 1691 βορείου
1014 1638 1184 1691 πλευρᾶς
1207 1638 1277 1676 τοῦ
1305 1632 1466 1704 Ταύρου
1486 1633 1570 1684 τὰς

124 1685 276 1744 ἆρχας
297 1691 417 1745 ἔχων,
439 1707 665 1744 quamquam
694 1708 770 1732 non
787 1698 900 1744 plane
920 1698 1053 1744 liquet
1079 1701 1200 1732 utrum
1221 1695 1360 1758 πηγῶν
1378 1701 1413 1732 et
1437 1688 1569 1746 ἆρχῶν

126 1763 254 1789 voces
262 1754 454 1800 propriam
475 1754 634 1800 pluralis
658 1754 754 1800 vim,
787 1765 835 1790 an
865 1754 1078 1790 universam
1109 1752 1265 1799 originis
1293 1752 1482 1788 notionem
1501 1752 1568 1788 ha-

124 1810 250 1845 beant.
268 1828 325 1835 —
345 1809 399 1846 De
421 1811 503 1846 loeo
524 1809 612 1846 huic
631 1810 857 1857 Fragmento
874 1821 896 1846 a
919 1809 1025 1846 nobis
1049 1808 1134 1845 dato
1157 1808 1221 1844 vix
1240 1812 1364 1855 potest
1387 1808 1564 1845 dubitatio

123 1876 232 1910 esse,
264 1856 452 1913 siquidem
479 1871 773 1903 consentaneum
804 1871 859 1903 est
889 1866 1107 1904 Sallustium
1129 1865 1176 1901 de
1202 1864 1263 1902 his
1284 1863 1498 1902 fluminibus
1521 1876 1565 1901 ae

124 1922 171 1958 de
189 1922 487 1970 Mesopotamiae
510 1928 642 1960 natura
662 1927 698 1959 et
718 1923 849 1960 incolis
873 1923 1019 1971 egisse,
1050 1933 1162 1969 quum
1191 1921 1384 1958 Lucullum
1406 1922 1567 1969 primum

125 1980 163 2014 in
183 1990 248 2016 eas
270 1981 447 2027 regiones
471 1979 674 2017 devenisse
697 1984 879 2016 narraret.

237 2036 298 2071 Fr.
321 2040 378 2074 12.
399 2034 512 2084 [Cort.
533 2049 572 2084 p.
595 2040 698 2076 1012.
720 2037 819 2073 Gerl.
843 2037 903 2072 ed.
926 2036 1012 2072 mai.
1033 2036 1109 2071 Ine.
1127 2037 1209 2073 218.
1227 2033 1286 2070 ed.
1308 2034 1397 2070 min.
1418 2033 1490 2079 IV,
1505 2036 1566 2073 58.

123 2104 161 2139 p.
183 2095 272 2137 229,
296 2095 352 2131 16.
373 2092 484 2129 Debr.
509 2094 564 2139 V,
587 2092 662 2142 68.]
690 2095 835 2139 Verba,
865 2104 887 2129 a
917 2092 1043 2130 Schol.
1064 2091 1114 2128 ad
1134 2091 1301 2128 Iuvenal.
1324 2090 1402 2128 Sat.
1423 2090 1462 2136 I,
1483 2092 1566 2129 104.

125 2153 295 2193 servata,
323 2149 372 2185 ad
401 2150 562 2186 eundem
599 2151 723 2197 locum
747 2150 954 2197 pertinent,
976 2153 1015 2184 ut
1035 2148 1296 2196 Fragmentum
1321 2146 1567 2194 praecedens,

126 2216 248 2253 neque
269 2206 392 2242 minus
414 2207 451 2242 in
474 2206 546 2242 hoc
569 2207 748 2242 incertum
778 2210 854 2252 est,
885 2210 1005 2242 utrum
1033 2205 1218 2241 sententia
1244 2203 1380 2251 modo,
1408 2214 1456 2240 an
1483 2204 1566 2251 ipsa

126 2261 294 2299 Sallustii
317 2264 431 2298 verba
451 2274 474 2298 a
490 2262 619 2299 Schol.
629 2263 764 2299 relata
780 2234 925 2298 fueiint.

55 2358 58 2361 Δ
237 2318 296 2354 Fr.
323 2321 380 2356 13
407 2317 520 2363 [Cort.
542 2330 580 2365 Ρ.
602 2322 682 2357 992.
710 2319 808 2355 Gerl.
839 2319 900 2356 ed.
931 2318 1020 2354 mai.
1046 2317 1116 2361 IV,
1139 2320 1198 2354 40.
1219 2316 1280 2353 ed.
1304 2317 1393 2352 min.
1413 2316 1484 2361 IV,
1504 2319 1565 2355 83-

124 2387 163 2423 Ρ.
182 2378 275 2423 230,
298 2377 355 2414 19.
378 2375 489 2411 Debr.
510 2375 580 2419 IV,
603 2376 678 2420 52.]
699 2375 841 2411 Probus
861 2375 990 2411 Institt.
1022 2385 1179 2420 gramm.
1206 2373 1257 2418 II,
1282 2378 1323 2418 1,
1346 2377 1403 2411 52.
1424 2384 1461 2419 Ρ
1482 2375 1564 2411 130-

124 2431 293 2468 Lindem.
315 2433 370 2478 (p.
395 2433 499 2470 1473.
522 2431 582 2475 P.)
600 2431 700 2467 hanc
722 2442 856 2468 vocem
872 2430 1001 2475 affert,
1023 2434 1062 2466 ut
1080 2432 1213 2477 probet
1239 2429 1456 2466 Sallustium
1478 2439 1566 2465 con-

125 2494 179 2525 tra
201 2488 511 2524 consuetudinem
528 2487 670 2524 dixisse
684 2487 754 2524 hoc
764 2487 963 2535 naphtam,
978 2487 1086 2523 huius
1102 2485 1302 2533 naphthae.
1323 2485 1427 2521 Idem
1443 2489 1565 2521 tamen

123 2545 178 2589 ΙΙ,
201 2548 217 2581 1
232 2573 240 2588 ,
264 2547 323 2582 44.
343 2556 380 2591 p.
412 2547 492 2583 123.
515 2545 638 2590 (1465.
668 2544 729 2589 P.)
756 2543 942 2591 naphthas
962 2547 1216 2590 monoptotum
1244 2543 1442 2578 barbarum
1463 2539 1563 2585 dicit,

122 2612 147 2640 a
169 2600 261 2638 Sall.
284 2606 516 2647 usurpatum.
562 2600 688 2636 Paullo
718 2601 931 2636 accuratius
963 2599 1062 2636 hanc
1098 2610 1177 2635 rem
1206 2598 1324 2646 tetigit
1347 2598 1567 2643 Hieronym.

125 2657 175 2695 ad
196 2656 344 2694 Daniel.
366 2669 399 2693 e.
421 2661 479 2702 3.‚
509 2658 616 2694 euius
642 2656 737 2693 haee
769 2657 883 2693 verba
909 2660 1013 2693 sunt:
1042 2655 1271 2700 „Sallustius
1300 2653 1427 2691 scribit
1445 2653 1484 2688 in
1503 2652 1565 2688 Hi-

123 2714 248 2750 storiis
268 2713 369 2760 quod
388 2714 553 2761 naphtha
574 2714 623 2751 sit
638 2723 755 2761 qenus
776 2713 913 2760 fomitis
930 2713 1035 2760 apud
1052 2711 1210 2757 Persas,
1234 2722 1304 2758 quo
1324 2710 1382 2746 vel
1404 2710 1566 2745 maxime

120 2773 333 2807 nutriantur
353 2772 561 2807 incendia.“
582 2771 671 2806 Erat
691 2774 815 2805 autem
832 2769 1017 2818 naphthas
1039 2779 1158 2817 genus
1179 2767 1370 2804 bituminis
1390 2765 1562 2808 facillime
