1774 3002
0 0 238 78 Γππᾘηκιι
252 0 261 5 -

66 19 71 21 r
110 18 137 26 ,‚
219 15 222 18 .

107 30 115 37 .

0 90 6 130 ἔ
453 131 783 172 HISTORIARUM
809 129 1124 170 FRAGMENTA.
1182 129 1271 164 LIB.
1299 128 1357 163 ΙΙΙ.
1537 120 1621 169 269

181 295 193 312 .
223 294 238 308 .
268 292 280 308 .
314 273 401 306 nos
436 257 650 305 aedificiis
679 292 690 303 .
723 292 735 304 .
769 291 781 301 .
818 255 873 302 Et
911 258 1002 301 tum
1044 256 1218 299 matura
1256 254 1301 298 in
1333 253 1459 311 aqrae‘s
1497 252 1620 295 erant

182 344 374 392 autumn·
398 344 632 403 frumenta.
690 339 779 386 Sed
813 340 976 385 incolae
996 339 1132 399 pleno
1170 336 1240 382 die
1270 334 1398 396 gnari
1429 349 1486 380 ex
1509 335 1622 393 suaa

176 427 476 486 fim'tumorum
507 424 714 485 fugitivos
748 425 811 469 ad
840 440 888 470 se
922 423 1163 468 adventare
1189 453 1200 466 .
1228 454 1240 465 .
1266 454 1277 464 .
1315 417 1518 464 omnibus
1538 452 1548 461 .
1578 451 1589 462 .

180 584 275 630 ficiis
299 594 427 620 veram
448 584 670 630 scripturam
691 594 799 627 esse,
830 582 899 618 sed
920 581 1008 629 quid
1028 592 1074 617 eo
1097 581 1233 624 facias,
1263 578 1414 614 difficile
1436 577 1538 614 dictu
1555 582 1623 614 est.

183 660 242 668 —
263 666 274 677 .
290 639 406 680 ,NOS
427 640 633 687 syllabam,
658 651 770 687 quam
790 640 880 676 olim
902 650 949 675 ex
977 639 1140 675 dominos
1172 635 1404 672 substantivo
1433 634 1623 670 residuam

186 697 417 744 putaveram,
440 707 536 733 nunc
565 700 705 742 partem
731 697 876 732 colonos
895 696 1002 731 vocis
1021 706 1107 731 esse
1131 692 1270 729 iudico.
1312 692 1404 727 Nam
1426 691 1473 728 de
1500 691 1545 727 iis
1570 691 1624 727 di-

186 757 284 789 ctum
315 764 402 789 esse
422 757 460 789 ut
481 752 644 797 credam,
667 753 754 791 lacit
778 763 852 788 non
872 751 984 788 modo
1005 751 1129 799 campi
1147 748 1295 792 mentio,
1319 747 1388 783 sed
1409 749 1518 784 etiam
1534 759 1621 794 pro-

187 810 287 846 xima
314 811 448 855 verba,
486 820 582 856 quae
611 820 685 845 non
720 810 791 846 nisi
820 813 992 855 respectu
1028 809 1244 844 colonorum
1276 804 1404 840 addita
1437 804 1624 841 videntur.

189 866 311 910 Quare
334 876 410 902 non
426 877 581 914 possum
596 865 807 913 Kreyssigii
827 865 1046 902 sententiam
1063 864 1236 911 probare,
1252 861 1315 908 qui
1336 861 1624 897 reconditiorem

189 923 435 969 corruptelam
459 923 616 958 subesse
637 927 738 959 ratus
757 922 935 958 coniecit:
978 923 1023 957 in
1050 929 1181 966 campo
1207 919 1311 954 satis
1334 929 1508 965 mayno,
1542 917 1628 954 sed

188 978 364 1024 aedificiis
383 982 541 1015 vacuo.
561 997 614 1010 -τ
633 979 662 1014 F
663 979 793 1015 elicius
812 979 913 1014 idem
934 982 970 1014 et
988 988 1143 1024 prorsus
1166 974 1321 1022 egregie
1344 975 1552 1021 sequentia,
1584 985 1623 1011 v.

188 1036 348 1080 14-16‚
370 1034 578 1072 ..ETTUM
597 1028 616 1087 n
635 1034 740 1071 ΜΑΤ
755 1060 956 1072 .........
969 1032 1160 1071 SERANT
1180 1025 1199 1084 η
1220 1030 1316 1067 AUT
1330 1056 1512 1068 ........
1523 1030 1623 1067 ΝΤΑ

189 1091 337 1128 sanavit
355 1090 572 1138 reponendo
592 1094 628 1127 et
644 1094 718 1127 tum
737 1093 975 1129 maturam
994 1091 1125 1138 ayris
1145 1092 1254 1124 erant
1272 1089 1488 1123 auctumni
1511 1087 1623 1134 fru-

187 1151 330 1185 menta.
387 1146 695 1185 Emendationem
714 1159 782 1195 per
809 1160 851 1184 se
871 1147 1116 1184 certissimam
1137 1144 1331 1182 confirmat
1354 1144 1625 1191 Porphyrionis

190 1203 451 1249 testimonium,
470 1205 533 1251 qui
558 1203 607 1240 ad
627 1205 755 1241 Horat.
774 1205 870 1252 Epp.
890 1204 932 1249 ΙΙ,
955 1209 990 1249 1,
1012 1206 1093 1243 140.
1113 1201 1304 1239 annotavit
1331 1202 1523 1245 „auctumni
1535 1201 1624 1248 fru-

188 1264 309 1295 mensa
337 1259 536 1297 Sallustius
561 1259 692 1296 dixit.“
722 1261 822 1297 Haec
843 1261 1062 1298 Gerlachius
1086 1260 1169 1295 Vol.
1189 1258 1249 1296 111.
1270 1268 1310 1303 Ρ.
1331 1259 1410 1296 146.
1432 1258 1626 1304 negligen-

190 1316 346 1360 tissime,
359 1321 399 1352 ut
409 1317 515 1362 solet,
528 1318 638 1353 novis
645 1317 673 1353 F
675 1319 879 1364 rag-mentis
895 1321 1084 1362 accenset,
1094 1315 1154 1351 his
1166 1314 1291 1350 verbis
1308 1325 1398 1349 usus
1412 1323 1420 1349 :
1444 1312 1627 1358 „videm

191 1383 253 1420 ap.
272 1372 457 1420 Porphyr.
480 1372 530 1408 ad
550 1373 638 1408 Hor.
662 1373 731 1419 Ep.
753 1374 780 1418 Ι,
803 1378 858 1417 10,
874 1376 933 1411 40.
970 1373 1048 1410 Sed
1071 1372 1119 1408 ibi
1140 1371 1236 1407 haec
1263 1380 1337 1404 non
1359 1368 1625 1415 exstant.“(!!)

191 1427 269 1465 Sed
288 1429 422 1475 puerili
440 1430 551 1475 plane
570 1429 746 1465 socordia
764 1429 895 1465 eadem
918 1430 957 1465 in
972 1429 1038 1466 ed.
1059 1429 1148 1465 min.
1168 1427 1241 1464 hoc
1260 1426 1342 1472 ipso
1361 1427 1458 1471 loco,
1488 1427 1626 1474 Kreys—

191 1484 328 1531 sigium
350 1489 513 1529 secutus,
535 1485 694 1529 exhibet,
729 1489 765 1521 et
783 1486 1022 1524 nihilominus
1042 1497 1080 1533 p.
1102 1487 1183 1528 240,
1211 1487 1247 1522 4.
1278 1483 1374 1518 inter
1394 1482 1543 1519 Incerta
1570 1494 1626 1518 re-

192 1541 272 1585 fert,
292 1541 418 1587 inepta
439 1542 524 1586 loci,
546 1541 644 1578 unde
665 1552 710 1577 ea
727 1543 883 1588 petiisse
902 1542 1062 1587 simulat,
1086 1539 1358 1588 significatione
1382 1539 1511 1576 addita
1530 1538 1623 1575 hac:

193 1596 306 1642 ‚,Hor.
322 1597 392 1644 Ep.
416 1596 553 1644 Porph.
574 1598 603 1634 1.
622 1597 668 1634 X.
687 1596 816 1636 4o.“!!
874 1599 975 1635 Haec
1002 1602 1111 1646 atque
1133 1598 1220 1634 talia
1240 1596 1434 1632 cuiusnam
1457 1594 1627 1632 farinae?

291 1652 382 1690 ‚Sed
402 1654 560 1698 incolae)
601 1653 695 1691 Cod.
715 1654 801 1692 Vat.
818 1653 989 1692 SEDlNc
1006 1681 1040 1691 ..
1054 1665 1088 1699 .;
1109 1652 1335 1691 Niebuhrius
1355 1651 1541 1689 SEDlNO.
1566 1673 1622 1678 —

191 1708 446 1756 Kreyssigius,
470 1710 559 1746 Maii
578 1710 774 1749 lectionem
794 1715 958 1756 secutus,
983 1712 1020 1747 in
1047 1711 1074 1749 C
1100 1711 1222 1747 littera
1246 1709 1391 1745 initium
1410 1710 1543 1745 castr-123
1562 1720 1628 1745 vo-

191 1765 312 1803 cabuli
339 1766 530 1813 agnoscit,
562 1766 664 1814 quod
692 1767 798 1803 nobis
828 1779 975 1815 quoque
1005 1769 1092 1804 olim
1115 1768 1236 1804 visum
1268 1770 1337 1801 est.
1397 1764 1475 1802 Sed
1494 1767 1629 1801 castris

192 1819 282 1856 nihil
301 1821 363 1858 hie
382 1822 455 1858 loci
476 1833 562 1859 esse
584 1827 717 1869 potest,
739 1824 914 1869 quoniam
935 1829 971 1860 et
986 1824 1155 1868 Romani,
1177 1834 1199 1858 a
1213 1822 1346 1869 quibus
1369 1822 1465 1857 elam
1485 1821 1628 1858 disces-

193 1881 295 1913 serat
309 1876 531 1924 Spartaeus,
548 1879 660 1926 longe
681 1880 854 1924 aberant,
887 1891 1008 1926 neque
1028 1879 1231 1926 Spartacus
1260 1879 1341 1924 ipse
1363 1883 1488 1914 castra
1510 1878 1626 1914 habe-

192 1933 267 1976 bat,
293 1933 430 1980 quippe
460 1934 523 1980 qui
542 1934 654 1970 modo
682 1935 726 1973 in‘
741 1935 844 1970 illum
864 1946 1037 1982 campum
1060 1935 1289 1971 advenisset.
1349 1933 1472 1978 Quare
1492 1936 1627 1980 proba-

193 1987 304 2024 bilius
323 1993 496 2034 putamus
515 1988 594 2025 INC
618 1990 757 2026 litteras
785 1991 927 2026 initium
957 2002 1043 2027 esse
1075 1992 1180 2031 vocis
1203 1991 1365 2034 incolae,
1398 1991 1462 2036 qui
1490 1991 1628 2027 colonis

191 2044 231 2080 in
249 2054 379 2092 campo
408 2045 570 2091 oppositi
591 2045 691 2082 domi
723 2045 771 2082 de
798 2046 963 2083 adventu
992 2047 1232 2095 fugitivorum
1260 2051 1544 2093 cognoscerent.
1570 2065 1628 2073 --

193 2099 318 2136 Versu
350 2102 520 2141 17—18
554 2103 754 2139 verborum
793 2102 969 2149 reliquias
1006 2131 1016 2140 .
1038 2131 1047 2139 .
1066 2103 1313 2140 NODIEGNA
1332 2097 1350 2154 ΙΙ
1369 2103 1513 2139 RIEXF
1530 2131 1540 2139 .
1554 2129 1567 2141 .
1584 2129 1595 2138 .
1613 2129 1624 2139 .

194 2154 436 2203 Kreyssigius
456 2157 623 2204 explevit
641 2169 752 2194 nono
771 2159 829 2195 die
845 2161 959 2206 quari
976 2169 1027 2196 ea:
1045 2159 1176 2207 fuya.
1229 2159 1339 2204 Quod
1358 2160 1446 2196 olim
1466 2171 1490 2196 a
1516 2160 1624 2196 nobis

192 2213 390 2257 probatum
413 2223 511 2257 nunc
544 2213 595 2250 ita
630 2214 889 2262 retingendum
922 2220 1117 2262 putamus,
1146 2220 1186 2252 ut
1214 2227 1284 2263 pro
1316 2227 1413 2253 nono
1445 2218 1627 2253 scribatur

185 2268 310 2314 pleno,
329 2279 454 2316 quum,
475 2279 571 2316 quae
590 2271 679 2308 noni
697 2270 771 2307 diei
794 2272 854 2309 vis
876 2273 935 2316 sit,
966 2283 1041 2308 non
1063 2273 1303 2320 intelligatur,
1323 2274 1477 2320 plenum
1505 2278 1628 2309 autem

192 2323 286 2360 diem
305 2325 444 2371 opponi
462 2325 775 2371 praecedentibus
798 2329 924 2374 prima
944 2339 1026 2365 cum
1045 2329 1127 2365 luce
1155 2329 1222 2365 vix
1243 2328 1401 2365 dubitari
1421 2331 1552 2376 possit.
1572 2348 1629 2355 —

193 2379 234 2416 In
258 2381 518 2427 sequentibus,
547 2377 673 2418 versu'
689 2386 870 2427 18—19,
898 2412 910 2420 .
923 2411 955 2422 ..
968 2385 1176 2422 UMORUM
1196 2380 1215 2437 ΙΙ
1234 2384 1342 2422 FUGl
1357 2411 1625 2423 ...........

193 2435 356 2473 UENTA
373 2432 392 2487 11
411 2436 457 2473 R.
472 2447 602 2474 rursus
618 2438 840 2486 Kreyssigio
863 2441 1062 2477 maximam
1078 2445 1220 2487 partem
1245 2442 1515 2488 adstipulamur
1542 2453 1630 2488 sup-

192 2493 326 2538 plenti:
342 2493 622 2541 finitumorum
645 2493 853 2541 fuyitivos
870 2497 1096 2534 adventare.
1146 2497 1224 2534 Sed
1244 2508 1355 2544 quum
1375 2498 1414 2533 in
1436 2509 1549 2534 versu
1570 2501 1627 2536 19.

192 2548 326 2584 lacuna
345 2550 464 2585 maior
485 2550 544 2592 sit,
570 2560 679 2596 quam
703 2561 798 2597 quae
818 2556 961 2598 septem
986 2553 1119 2589 litteris
1137 2554 1328 2600 expleatur
1341 2581 1350 2597 ‚
1387 2554 1626 2590 inserendum

194 2605 408 2649 putavimus
427 2605 480 2640 ad
499 2614 559 2650 se,
590 2605 693 2652 quod
713 2605 762 2644 ad
786 2610 1004 2645 sententiam
1024 2620 1099 2655 non
1119 2608 1395 2645 incommodum
1415 2610 1551 2646 iustum
1573 2611 1629 2645 lit-

196 2663 355 2700 terarum
375 2671 568 2701 numerum
588 2662 760 2708 complet.
819 2662 987 2702 Ceterum
1011 2667 1155 2714 quari
1171 2674 1230 2701 ex
1249 2663 1363 2712 fuya
1378 2666 1628 2712 finitumorum

194 2714 378 2762 significat
402 2727 512 2764 qnam
530 2726 581 2754 eoe
595 2716 688 2765 fuya
704 2717 938 2764 fheitn'morum
962 2720 1243 2765 ὑιίεῑιεωὺτεεηι,
1272 2718 1371 2758 unde
1397 2722 1548 2769 planum
1571 2725 1629 2756 est
