1774 3002
494 165 824 204 HISTORIARUM
850 161 1163 201 FRAGMENTA.
1223 160 1310 196 LIB.
1342 160 1403 196 111.
1573 155 1658 198 ml

174 315 176 319 ’
219 291 596 346 animadvortatis,
629 304 714 335 neu
750 288 923 349 cogatis
954 285 1287 333 necessitatibus
1325 284 1526 343 privatim
1555 285 1658 331 mihi

180 377 463 425 9consulere.
514 373 767 434 Hispaniam
802 371 1068 426 citeriorem,
1107 384 1220 431 quae
1246 383 1334 413 non
1369 368 1424 412 ab
1459 368 1659 414 hostibus

222 460 413 513 tenetur,
444 472 526 503 nos
555 460 631 503 aut
665 455 889 502 Sertorius
918 455 974 500 ad
1000 453 1338 500 internecionem
1371 451 1656 507 vastavimus,

221 543 394 600 praeter
432 540 683 586 maritumas
721 538 940 592 civitateS‚
986 552 1099 599 quae
1141 536 1256 582 ultro
1299 534 1427 580 nobis
1466 535 1659 596 sumptui

220 623 442 685 onerique.
473 623 614 669 Gallia
643 621 871 682 superiore
897 634 1012 665 anno
1039 618 1197 664 Metelli
1229 618 1467 664 exercitum
1487 619 1660 680 stipen-

219 691 627 768 diofrumentoque
658 705 785 760 aluit,
822 707 865 749 et
901 718 1017 748 nune
1045 702 1171 747 malis
1213 702 1426 748 fructibus
1457 701 1553 762 ipsa
1582 701 1660 747 vix

218 787 368 849 agitat.
439 789 542 850 Ego
587 803 675 834 non
717 802 808 833 rem
848 785 1102 832 familiarem
1138 785 1292 840 modo,
1333 799 1486 830 verum
1530 784 1660 830 etiam

220 948 419 994 Pompeius
448 951 614 984 extrema
644 947 803 994 epistola
831 947 996 993 apertius
1019 947 1171 992 profert.
1231 945 1324 981 Nam
1355 946 1439 981 lieet
1466 949 1662 994 utrumque

219 1004 422 1040 exercitum
442 1004 619 1048 nominet,
639 1014 746 1040 suum
767 1007 889 1038 tamen
909 1002 1087 1049 intelligit,
1110 1002 1171 1048 qui
1187 1013 1210 1038 a
1233 1006 1364 1037 senatu
1387 1014 1428 1038 se
1449 1003 1660 1049 neglectum

221 1063 258 1096 et
285 1060 461 1096 miseriae
490 1059 662 1096 traditum
692 1059 899 1106 aegerrime
930 1059 1053 1098 serens
1085 1058 1134 1094 ad
1165 1062 1340 1106 negatum
1370 1059 1598 1105 stipendium
1625 1063 1661 1095 et

221 1116 372 1152 militiae
392 1116 603 1153 mercedem
625 1117 661 1152 vi
680 1115 972 1162 extorquendam
997 1116 1033 1151 in
1052 1115 1192 1150 Italiam
1212 1115 1341 1151 venire
1356 1116 1488 1162 possit.
1512 1115 1551 1151 ld
1562 1115 1660 1151 adeo

220 1173 303 1219 ipso
323 1173 500 1220 Pompeio
531 1173 627 1209 duce
646 1173 808 1208 futurum
827 1173 944 1208 verba
967 1171 1161 1207 declarant
1184 1181 1256 1207 neu
1276 1172 1416 1219 coyalis
1434 1174 1659 1218 privatim

218 1227 306 1264 milii
323 1230 526 1266 malet-e.
546 1248 602 1256 -—
623 1228 903 1265 Necessitaubus
925 1233 982 1264 est
1000 1238 1142 1264 summa
1160 1229 1318 1264 omnium
1337 1238 1463 1264 rerum
1483 1230 1606 1276 inopia
1627 1234 1661 1264 et

219 1289 369 1332 umente
395 1286 556 1322 miseria.
612 1285 810 1321 Ablativus
844 1283 946 1320 haud
975 1284 1086 1320 dubie
1115 1284 1273 1331 pertinet
1301 1284 1351 1320 ad
1380 1287 1536 1331 copulis.-
1570 1297 1657 1320 nam

220 1342 416 1387 quominus
437 1342 600 1378 eaussali
619 1345 803 1388 potestate
830 1341 1011 1376 referatur
1031 1341 1079 1376 ad
1110 1341 1302 1377 consulere
1322 1340 1558 1387 infinitivum,
1593 1342 1659 1378 ob-

221 1401 293 1434 stat
312 1400 488 1445 pr-ivatim
510 1398 729 1434 adverbium
759 1407 844 1434 eum
864 1408 910 1432 eo
931 1397 1180 1433 coniunctum.

331 1513 366 1553 s.
390 1513 427 1549 9.
455 1519 551 1557 quae
568 1520 642 1547 non
663 1509 710 1545 ab
738 1509 897 1546 hostibus
918 1510 1076 1554 tenetur)
1121 1509 1200 1545 Hac
1220 1510 1479 1545 enunciatione
1502 1510 1658 1548 relativa

217 1566 484 1614 praecedentia
500 1568 616 1602 verba
636 1577 709 1601 non
728 1567 765 1601 in
788 1566 1004 1603 universum
1026 1565 1263 1609 definiuntur,
1287 1565 1356 1602 sed
1384 1566 1434 1602 ad
1462 1567 1658 1602 arctiorem

219 1622 371 1659 modum
390 1622 631 1670 rediguntur;
654 1633 788 1659 sensus
797 1623 896 1658 enim
918 1626 995 1658 est:
1010 1621 1218 1669 Hispaniae
1239 1623 1418 1659 citerioris
1436 1633 1534 1658 eam
1548 1635 1656 1670 par-

220 1683 323 1724 tem,
349 1689 467 1726 quae
500 1690 588 1715 non
621 1679 679 1714 ab
706 1679 922 1715 hostibus
958 1682 1171 1724 tenetur,
1196 1680 1502 1715 —vastavimtm
1529 1680 1579 1716 ef.
1609 1679 1658 1715 ad

219 1736 300 1782 lug.
323 1747 358 1771 e.
375 1735 466 1780 LXI,
486 1739 523 1773 2.
544 1747 583 1782 p.
606 1738 690 1774 328.
724 1735 891 1772 Metellus
911 1736 1112 1772 exerc-aum
1132 1736 1170 1770 in
1187 1737 1512 1782 provinciam,
1539 1746 1659 1783 quae

212 1802 452 1838 proxuma
471 1796 542 1827 est
559 1791 825 1835 Numidiae,
853 1791 1038 1828 hiemandi
1055 1793 1182 1838 qratia·
1198 1792 1428 1827 collocat.—
1451 1791 1554 1835 Quae
1572 1804 1658 1839 pro—

221 1858 357 1883 nomen
389 1852 474 1883 ante
502 1848 613 1889 ultro,
645 1847 745 1893 quod
768 1849 806 1883 in
836 1847 922 1883 cod.
951 1848 1036 1882 Vat.
1072 1847 1260 1883 Cari-ionis
1281 1852 1317 1882 et
1336 1846 1510 1884 Ciaceon.
1535 1849 1655 1892 deest,

223 1903 382 1939 Orellius
403 1903 555 1947 delevit,
583 1914 629 1938 eo
652 1907 854 1949 permotus,
886 1903 987 1948 quod
1006 1912 1086 1938 esse
1104 1905 1262 1939 verbum
1282 1903 1476 1939 rarissime
1498 1909 1583 1950 post
1600 1915 1658 1940 re-

222 1958 375 1994 lativum
391 1959 589 1994 omittatur.
599 1958 676 1995 Sed
692 1963 731 1994 ut
746 1963 950 2002 taceamus,
967 1959 998 1994 si
1013 1959 1210 1995 relativum
1225 1960 1320 1995 absit
1336 1958 1485 1995 dativos
1500 1963 1662 2008 sumptui
1675 2000 1680 2004 ,

223 2015 396 2061 onerique
423 2015 524 2049 nullo
550 2013 663 2049 modo
700 2025 822 2060 neque
849 2026 932 2050 cum
964 2015 1196 2050 substantivo
1223 2016 1384 2051 civitates
1422 2026 1656 2062 nequerrcum

225 2071 340 2106 verbo
355 2071 573 2106 vastavimus
592 2071 770 2117 coniungi
785 2081 912 2116 posse,
934 2071 1214 2117 orationemque
1234 2071 1284 2106 ita
1302 2071 1383 2107 fieri
1402 2083 1559 2118 prorsus
1575 2075 1659 2110 bar·

225 2129 365 2170 baram,
386 2126 535 2162 omnino
557 2126 653 2162 salsa
671 2130 728 2163 est
749 2126 873 2163 Orellii
895 2127 1075 2162 sententia
1098 2126 1144 2162 de
1168 2128 1294 2163 illicito
1308 2129 1461 2165 -relativi
1482 2141 1553 2165 usu
1573 2131 1656 2166 sine

226 2183 339 2218 verbo
360 2182 614 2226 substantivo3
640 2183 687 2218 cs.
706 2183 789 2230 Iug.
810 2182 1005 2227 LXXXIX,
1020 2188 1055 2221 5.
1117 2183 1245 2220 Omnia
1262 2184 1399 2231 infesta
1415 2186 1657 2232 serpentibus,

223 2249 417 2286 quorum
442 2239 513 2274 vis
536 2257 594 2265 —
620 2240 745 2286 inopia
773 2239 845 2275 cibi
864 2241 1038 2275 acrior.
1068 2241 1117 2277 ib.
1141 2239 1231 2284 CXI,
1249 2242 1284 2277 4.
1331 2241 1391 2276 Ad
1410 2243 1656 2284 sinmlandam

218 2303 374 2342 pacem,
402 2295 536 2330 cuius
565 2294 724 2331 Numida
743 2295 912 2343 defessus
932 2295 1021 2332 bello
1039 2296 1383 2341 avidissumus,
1411 2308 1530 2344 quae
1556 2300 1658 2335 utilia

225 2351 269 2387 vi
276 2360 349 2395 sa,
378 2351 605 2387 cori-viimi.
651 2352 762 2388 Plura
781 2363 819 2388 v.
839 2352 879 2387 in
901 2350 1103 2389 Grammat.
1131 2353 1194 2388 lat.
1218 2358 1346 2390 nostra
1364 2356 1400 2396 s.
1423 2357 1504 2392 113.
1526 2359 1601 2390 not.
1620 2360 1659 2393 2.

224 2418 263 2453 p.
283 2408 366 2445 234.
425 2406 546 2450 Quare
574 2417 598 2442 a
616 2407 785 2444 codicum
809 2409 1003 2444 meliorum
1029 2408 1104 2445 fide
1123 2420 1199 2445 non
1228 2414 1286 2446 est
1312 2409 1579 2446 recedendum.
1600 2431 1658 2437 —

224 2463 278 2499 De
300 2463 395 2499 ultro
414 2463 594 2509 particula
611 2475 650 2500 v.
677 2459 726 2499 ad
740 2464 828 2511 hg.
849 2475 883 2501 c.
903 2464 986 2509 XV,
1008 2469 1043 2503 l.
1070 2476 1108 2512 p.
1129 2468 1190 2504 93.
1248 2465 1439 2503 Sententia
1458 2467 1658 2504 verborum

226 2523 301 2555 est:
333 2529 428 2566 quae
448 2529 522 2554 non
540 2517 652 2554 modo
672 2519 764 2556 nihil
791 2530 863 2556 nos
887 2521 1037 2565 iuvant,
1069 2521 1139 2558 sed
1165 2520 1257 2558 adeo
1277 2526 1464 2569 sumptum
1489 2527 1656 2560 nostrum

226 2579 262 2611 et
280 2586 419 2622 graves
440 2586 550 2611 curas
570 2575 735 2622 exigunt,
764 2587 837 2622 quo
857 2587 926 2614 eas
946 2578 986 2612 in
1002 2580 1129 2614 nostra
1146 2581 1331 2624 potestate
1353 2578 1657 2616 retineamus.—

226 2632 297 2667 Pro
318 2635 352 2667 et
368 2642 467 2667 nunc
486 2630 707 2667 ciacconius
725 2633 884 2669 malebat
905 2637 944 2669 at
960 2638 1071 2679 nune,
1093 2634 1172 2671 sine
1199 2634 1336 2671 idonea
1353 2646 1503 2672 caussa.
1524 2657 1578 2661 —
1601 2635 1655 2671 De

226 2688 370 2723 ratione
392 2688 637 2724 ablativorum
655 2687 763 2724 malis
780 2687 962 2735 [metibus
989 2701 1026 2727 v.
1046 2690 1095 2726 ad
1116 2689 1221 2727 Catil.
1244 2701 1277 2726 c.
1297 2690 1360 2735 Xl,
1381 2694 1423 2736 4;
1455 2692 1656 2728 verborum

227 2747 362 2780 sensus
377 2743 578 2791 respondet
599 2745 800 2784 vernaculo
821 2743 1027 2783 Miksernte.
1052 2765 1109 2772 —
1134 2747 1255 2794 Aqitat
1272 2746 1334 2783 hie
1361 2751 1419 2783 est
1437 2757 1478 2784 se
1497 2748 1658 2792 sustinet,
