1774 3002
175 155 260 198 336
659 154 700 190 C.
731 154 961 193 SALLUSTI
990 156 1141 195 CRISPI

312 288 380 330 36.
433 280 722 342 [Sallustius]
745 280 938 340 Scyllam
969 298 1124 329 saxum
1159 298 1260 329 esse
1283 283 1462 346 [dicia]
1485 284 1623 331 simile

176 370 343 415 formae
378 366 621 412 celebratae
649 366 802 424 procul
835 366 1088 413 visentibus.

313 455 382 498 37.
437 450 682 510 Charybdis
717 465 836 496 mare
874 452 1166 508 vorticosum,
1209 453 1328 513 quod
1364 453 1478 498 forte
1502 452 1620 498 illata

177 613 327 656 suisset,
351 622 464 647 sensu
490 611 583 645 soret
607 610 889 646 alienissimum.
931 612 1130 649 Sallustius
1151 614 1249 649 enim
1271 613 1366 650 duas
1387 614 1491 660 po'nit
1510 625 1618 650 caus-

177 682 238 706 sas
261 669 416 704 avulsae
439 669 484 702 ab
509 667 612 702 Italia
634 666 805 712 Siciliae;
827 668 990 705 medium
1016 671 1152 717 quippe
1185 671 1345 717 spatium
1373 675 1435 717 aut
1462 671 1613 717 depres-

172 738 253 763 sam
274 726 403 762 vallem
425 725 561 768 fuisse,
583 735 679 770 quae
703 725 811 760 facile
836 726 1009 762 inundari
1040 737 1083 763 ac
1118 726 1290 764 fluctibus
1321 727 1445 774 obtegi
1474 731 1616 774 posset,

174 788 237 820 aut
270 783 524 829 anqustissimo
551 785 690 817 lantum
721 792 855 829 ayyere
883 783 1027 820 Italiam
1052 783 1205 820 Siciliae
1236 784 1615 830 cohaesisse„quem

177 842 337 887 impetus
368 839 485 874 maris
517 838 721 874 scinderet.
753 859 798 864 —
834 838 887 874 De
915 841 1039 877 verbis
1066 846 1203 877 natura
1223 842 1398 877 mollioris
1420 840 1553 877 Italiae
1580 851 1615 876 v.

174 897 236 934 ad.
257 898 318 934 Fr.
343 894 393 932 IV
406 925 415 940 ‚
435 898 495 933 32.
1490 896 1495 900 ”

286 954 347 990 Fr.
368 955 427 991 36.
457 952 571 998 [Cort.
590 965 627 1000 p.
652 956 753 991 1010.
775 952 872 988 Gerl.
894 953 956 989 ed.
979 955 1063 991 mai.
1085 955 1163 991 Ine.
1182 958 1264 993 202.
1287 959 1324 990 et
1339 949 1422 993 220.
1444 954 1507 990 ed.
1527 954 1615 990 min.

173 1013 245 1059 IV,
267 1015 327 1049 21.
349 1015 384 1046 et
402 1013 460 1048 22.
482 1010 593 1046 Debr.
618 1010 689 1054 IV,
710 1010 785 1054 70.]
807 1009 917 1046 Serv.
932 1010 1041 1058 Virg.
1068 1012 1164 1047 Aen.
1195 1011 1260 1057 111,
1281 1014 1361 1049 420.
1400 1011 1541 1047 Eadem
1556 1012 1615 1047 -al'-

173 1071 242 1105 sert
260 1068 428 1104 Isidorus
448 1067 550 1111 XIII,
574 1069 637 1112 18,
659 1070 695 1103 4.
716 1078 751 1112 p.
773 1069 856 1105 426.
884 1067 1049 1104 Lindem.
1091 1069 1283 1116 „Scyllam
1306 1070 1459 1105 accolae
1481 1078 1612 1104 saxum

172 1127 266 1165 mari
288 1125 484 1160 imminens
510 1125 719 1171 appellant,
748 1124 868 1159 simile
895 1125 1103 1161 celebratae
1133 1127 1273 1161 formae
1299 1126 1431 1172 procul
1461 1126 1613 1162 visenti-

170 1185 256 1220 bus.
301 1182 402 1217 Unde
419 1186 455 1217 εἰ
472 1185 739 1216 monstruosam
761 1182 918 1226 speciem
940 1181 1093 1228 fabulae
1111 1183 1167 1218 illi
1183 1182 1379 1227 dederunt,
1406 1182 1516 1230 quasi
1531 1181 1612 1229 for-

170 1252 268 1276 mam
285 1239 459 1284 hominis,
480 1239 623 1274 caninis
643 1238 865 1274 succinctam
885 1238 1081 1285 capitibus,
1101 1240 1186 1286 quia
1207 1239 1323 1274 collisi
1337 1238 1388 1274 ibi
1398 1239 1534 1285 fluctus
1554 1239 1610 1273 la-

171 1302 290 1334 tratus
313 1296 479 1332 videnlur
495 1294 745 1342 exprimere..“
780 1294 866 1329 L'ter
894 1293 1123 1331 Sallustiana
1149 1297 1266 1331 verba
1286 1295 1495 1331 accuratius
1518 1299 1610 1330 attu-

171 1355 251 1390 lerit
270 1356 419 1399 (neuter
440 1352 540 1387 enim
559 1352 670 1400 plane
688 1350 851 1398 genuina
874 1350 1016 1387 habere
1037 1353 1215 1397 videtur),
1238 1351 1391 1388 difficile
1411 1351 1513 1388 dictu
1532 1356 1610 1396 est;

170 1411 240 1448 sed
262 1421 374 1457 quum
393 1409 580 1455 Isidorus,
601 1409 662 1444 ubi
687 1410 855 1444 veterum
883 1409 1105 1455 scriptorum
1140 1409 1231 1445 locis
1256 1409 1387 1454 utitur‘,
1411 1409 1529 1453 multa,
1547 1418 1611 1446 va.-

170 1469 266 1504 riare
288 1468 408 1505 soleat
432 1465 629 1510 addendo,
659 1458 863 1500 omittendo
877 1493 886 1509 ,
917 1465 1166 1511 immutando,
1198 1463 1371 1502 Servium
1394 1464 1499 1513 sequi
1521 1476 1610 1502 con-

170 1525 301 1562 sultius
336 1524 525 1560 duximus.
580 1521 687 1558 Certe
727 1521 894 1558 Sallustii
929 1533 1003 1558 non
1037 1533 1123 1560 esse
1137 1552 1146 1568 ,
1181 1533 1276 1570 quae
1311 1532 1359 1558 ex
1377 1522 1609 1558 isidorianis

168 1593 289 1630 prona
322 1581 527 1616 litterarum
570 1580 690 1614 forma
733 1579 978 1625 exprimenda
1013 1581 1247 1624 curavimus,
1282 1579 1428 1626 quivis,
1443 1606 1449 1610 .
1463 1578 1609 1625 opinor,

170 1643 303 1686 sponte
327 1637 518 1684 intelliget.
537 1655 594 1661 —
613 1636 683 1671 Pro
704 1637 804 1679 mari
828 1637 1018 1671 imminens
1040 1637 1275 1672 Gerlachium
1302 1637 1340 1672 in
1361 1632 1530 1682 utraque*
1545 1635 1608 1671 ed.

167 1697 304 1735 vitiose
332 1694 532 1740 scripsisse
562 1695 606 1728 in
642 1693 769 1727 mari
795 1693 983 1727 imminens
1013 1693 1087 1728 iam
1118 1694 1258 1728 monuit
1285 1692 1530 1739 Kreyssigius
1559 1686 1608 1727 ad

168 1753 261 1790 Sall.
289 1752 441 1798 Fragm.
462 1750 582 1785 Vatic.
608 1760 647 1796 p.
670 1753 728 1786 55.
752 1747 830 1792 (ed.
853 1759 888 1783 a.
911 1750 1034 1793 1835.)
1071 1749 1171 1785 Idem
1202 1749 1293 1786 ibid.
1313 1748 1442 1784 merito
1470 1749 1607 1794 impro-

166 1810 268 1847 bavit
285 1810 332 1845 ab
359 1808 511 1852 Ottone,
533 1816 676 1853 nupero
698 1804 830 1841 Isidori
853 1804 1007 1850 editore,
1028 1805 1225 1842 videntibus
1245 1816 1295 1842 ex
1314 1816 1388 1841 uno
1409 1804 1494 1841 cod.
1516 1804 1607 1840 scri·

165 1871 269 1914 ptum
290 1860 387 1912 ¹esse
411 1875 480 1911 pro
510 1862 718 1904 visentibus,
752 1861 853 1908 quod
875 1861 998 1898 Servii
1029 1863 1246 1899 auctoritate
1276 1855 1529 1899 confirmatur.
1557 1861 1604 1897 cl'.

168 1924 217 1960 ad
241 1923 303 1959 Fr.
329 1922 396 1967 111,
412 1923 482 1967 77,
505 1925 540 1958 5.
564 1940 616 1946 —
637 1918 761 1955 Simile
778 1918 928 1965 formae
947 1919 1168 1965 celebratae,
1197 1920 1223 1955 i.
1251 1930 1287 1956 e.
1315 1918 1436 1955 simile
1462 1918 1499 1953 ei
1526 1918 1604 1953 sor-

165 1992 270 2026 mae,
300 1989 396 2027 quae
426 1978 524 2013 sama
551 1976 743 2012 hominum
768 1975 974 2021 celebrata,
1004 1976 1028 2010 i.
1059 1988 1093 2011 e.
1123 1976 1320 2012 notissima
1349 1979 1426 2020 est;
1457 1984 1506 2010 ex
1531 1985 1604 2021 quo

164 2041 267 2085 patet
294 2036 509 2073 Sallustium
541 2045 613 2069 non
651 2032 902 2079 descripsisse
934 2032 1035 2068 illam
1071 2034 1248 2081 sormam,
1278 2032 1347 2068 sed
1380 2030 1605 2076 concedere,

163 2094 267 2131 haud
285 2095 426 2130 absone
447 2102 527 2127 eam
550 2090 709 2126 effictam
733 2089 864 2134 videri,
884 2089 916 2125 si
934 2089 1016 2135 quis
1038 2100 1058 2124 e
1077 2091 1281 2137 longinquo
1301 2092 1458 2136 spectet.
1476 2088 1604 2133 Qualis

164 2156 288 2187 autem
313 2150 442 2194 fuerit,
463 2147 631 2183 Isidorus
654 2146 778 2182 verbis
801 2156 915 2192 supra
935 2147 1116 2193 appositis
1137 2146 1355 2183 declaravit.

275 2207 336 2242 Fr.
357 2208 417 2244 37.
440 2203 557 2250 [Cort.
572 2215 618 2254 p.
646 2205 750 2241 1008.
771 2203 874 2240 1007.
893 2205 975 2240 991.
993 2203 1090 2239 Gerl.
1117 2203 1176 2239 ed.
1198 2196 1286 2240 mai.
1310 2202 1386 2238 Ine.
1417 2201 1497 2239 127·
1523 2202 1604 2238 118.

164 2265 228 2309 IV,
250 2267 310 2303 35.
330 2263 407 2298 Inc.
430 2265 511 2299 220.
533 2260 595 2296 ed.
615 2260 703 2295 min.
726 2259 776 2294 IV
791 2288 799 2302 ‚
823 2261 880 2297 19.
902 2260 958 2297 17.
984 2262 1041 2297 18.
1071 2263 1130 2298 22.
1154 2271 1191 2307 p.
1213 2262 1296 2304 226,
1326 2261 1384 2297 18.
1408 2261 1465 2295 15.
1492 2258 1547 2295 17.
1565 2267 1602 2302 p.

162 2324 251 2366 227,
286 2323 321 2359 9.
352 2318 463 2354 Debr.
492 2317 562 2361 IV,
595 2318 651 2354 71.
687 2316 761 2359 73.]
789 2315 1053 2362 Fragmentum
1076 2317 1148 2352 hoc
1176 2315 1430 2363 vulgo-tribus
1459 2316 1604 2349 constat

161 2376 368 2426 particulis,
388 2385 484 2422 quae
502 2384 612 2420 quum
634 2376 670 2407 et
683 2371 815 2408 *verbis
836 2373 1074 2411 etsententia
1095 2373 1247 2420 egregie
1269 2372 1307 2407 in
1330 2382 1440 2408 unum
1457 2372 1603 2414 coeant,

163 2435 391 2480 coniungere
412 2441 486 2467 non
507 2429 774 2465 dubitavimus.
812 2428 939 2464 Verba
961 2428 1163 2476 Charybdis
1182 2428 1520 2465 mare.vorticasum
1538 2424 1603 2462 ha.-

162 2495 224 2529 bet
244 2491 353 2528 Serv.
378 2488 428 2524 ad
441 2487 547 2534 Virg.
576 2486 670 2522 Aen.
696 2485 731 2529 I,
762 2487 842 2524 117.
865 2485 1036 2531 Imperite
1062 2491 1185 2522 autem
1207 2485 1352 2522 Cortius
1373 2481 1601 2529 antiquiores

164 2549 328 2585 editores
351 2549 502 2582 secutus
531 2542 683 2589 scripsit
708 2541 948 2588 Charybdi
974 2553 1021 2578 m.
1046 2554 1102 2583 r.,·
1123 2542 1326 2589 Charybdis
1355 2540 1452 2576 enim
1478 2537 1602 2589 subie-

163 2610 262 2645 ctum
282 2607 359 2648 est,
384 2606 422 2638 ut
441 2604 541 2648 patet
561 2603 597 2635 et
615 2609 663 2634 ex
684 2597 800 2633 Plinio
826 2597 871 2634 N.
895 2598 938 2633 H.
960 2598 1027 2643 111,
1050 2601 1107 2637 14.
1138 2598 1186 2635 In
1206 2608 1247 2634 eo
1272 2598 1372 2646 freto
1391 2599 1446 2632 est
1465 2599 1600 2640 scopu·—

162 2663 220 2699 lus
246 2660 388 2707 Scylla,
418 2660 499 2694 ilem
534 2654 796 2702 Charybdis
827 2664 954 2690 mare
987 2657 1294 2700 vorticosum,
1323 2658 1359 2689 et
1385 2663 1433 2688 ex
1453 2650 1599 2692 Isidoro

160 2718 266 2763 XIII,
295 2719 360 2761 18,
388 2720 422 2753 5.
455 2707 658 2761 Charybdis
683 2711 801 2755 dicta,
825 2711 922 2758 quod
942 2713 1142 2759 yuryitibus
1162 2711 1310 2748 occultis
1330 2718 1443 2745 naves
1468 2707 1598 2743 absor-

161 2776 262 2818 beat,·
291 2778 360 2812 est
379 2773 510 2824 *enim
537 2780 663 2807 mare
695 2768 999 2808 verticosum,-
1028 2780 1123 2816 quae
1156 2773 1310 2814 uterque
1343 2777 1391 2802 ex
1422 2763 1597 2802 Sallustio
