1774 3002
141 147 201 189 90
455 167 458 170 <
516 129 518 131 ’
628 151 668 188 ο.
699 151 929 189 SALLthrl
960 150 1110 190 cmsru

140 277 358 338 stamento
379 275 579 336 corporis
604 291 810 323 maxume
838 277 1102 335 laetabatur,
1133 292 1276 341 neque
1298 277 1385 324 illis
1404 278 1589 335 anxius,

143 360 248 422 quia
281 359 446 406 relicua
479 359 722 421 gloriosius
756 361 981 407 retinebat.

281 447 349 491 58.
402 443 458 489 Et
493 443 534 489 ei
564 459 676 490 voce
700 460 864 507 magna
889 445 1172 492 vehementer
1206 444 1555 506 gratulabantur.

143 607 315 643 lixiorem
341 605 440 642 hanc
472 606 695 642 sententiam
723 607 924 644 Sallustius
953 606 1086 643 audaci
1119 605 1189 643 sed
1218 616 1384 642 nervosa
1410 605 1591 641 brevitate

143 665 195 700 ita
217 663 365 708 extulit,
397 666 438 698 ut
457 662 601 699 diceret
621 663 828 700 Sertorium
854 665 963 700 sortia
982 665 1097 709 sacta,
1127 664 1350 711 scriptorum
1369 662 1511 699 invidia
1541 662 1595 698 in-

77 767 79 769 *
144 721 353 764 celebrata,
383 721 503 766 ipsum
524 724 736 756 ostentasse
766 721 862 757 facie
893 732 975 757 sua.
993 738 1052 746 ——-
1090 720 1144 755 De
1173 721 1315 756 ratione
1346 719 1594 756 ablativorum

145 777 195 813 ad
221 776 322 824 facie
345 778 593 822 spectantium
622 788 658 813 v.
680 778 730 813 ad
758 779 838 825 lug.
861 777 895 814 c.
915 776 1121 820 LXXXIV,
1149 780 1185 814 2.
1206 788 1244 823 p.
1264 778 1346 814 438.
1372 779 1408 811 et
1430 776 1592 811 Gramm.

145 835 206 870 lat.
226 837 343 869 nostr.
364 835 399 875 §-
423 836 509 879 129,
534 837 569 872 9.
600 845 633 870 c.
656 833 834 871 additam.
854 845 893 881 p.
917 836 1000 871 404.
1020 853 1072 859 —
1119 832 1446 869 Dehonestamento
1468 832 1518 867 ad
1543 833 1595 868 es—

146 892 289 926 sossum
316 891 485 935 oculum,
509 891 579 926 illis
600 891 648 927 ad
670 891 865 928 cicatrices
886 891 1073 938 pertinere
1096 891 1239 926 clarum
1259 893 1329 925 est.
1369 888 1595 925 Dehonesta—

145 949 257 984 menti
274 947 456 982 vocabulo
482 947 633 984 Tacitus
659 959 808 995 quoque
830 949 960 992 utitur,
990 948 1090 983 hunc
1118 948 1241 983 locum
1260 945 1362 982 haud
1384 945 1496 987 dubie
1518 946 1598 981 irni-

146 1008 262 1048 tatus‚
285 1004 443 1039 Historr.
464 1004 526 1048 lV,
549 1007 605 1049 13,
624 1004 725 1040 med.
766 1005 885 1042 Civilis
905 1003 1109 1040 Sertorium
1127 1014 1167 1039 se
1184 1006 1252 1038 nul
1272 1002 1512 1039 Hannibalem
1535 1002 1596 1049 fe-

146 1071 255 1106 renS,
275 1061 431 1096 simili
451 1062 552 1096 oris
571 1061 1004 1098 dehonestamento.
1045 1062 1094 1096 cs.
1116 1071 1229 1106 supra
1246 1060 1307 1094 Fr.
1328 1060 1362 1104 Ι,
1383 1061 1447 1104 45,
1471 1063 1597 1096 21.-

146 1119 342 1154 Postrema
363 1118 500 1163 verba,
529 1118 615 1164 quia
636 1119 777 1154 relicua
798 1118 992 1166 yloriosius
1015 1117 1209 1161 retinebat,
1242 1127 1338 1163 quae
1367 1119 1453 1151 sunt
1479 1116 1598 1151 sanis-

148 1175 265 1219 sima,
288 1173 507 1210 Gerlachius
530 1174 616 1211 Vol.
638 1176 698 1211 111.
719 1186 755 1222 p.
777 1178 853 1214 128.
875 1185 1115 1220 eorrumpere
1147 1185 1262 1209 ausus
1284 1176 1360 1218 est,
1384 1173 1524 1208 relicua
1546 1173 1599 1208 in-

148 1234 372 1278 terpretatus
401 1230 439 1266 in
459 1231 625 1278 relic-uis,
653 1236 690 1268 et
712 1243 780 1279 pro
802 1231 977 1268 retinebat
997 1229 1236 1266 scribendum
1258 1240 1346 1264 esse
1368 1229 1598 1265 contendens

147 1288 296 1336 emebat,
326 1291 366 1322 ut
385 1286 447 1322 hic
467 1299 604 1325 sensus
627 1289 858 1325 efficeretur:
885 1287 1061 1333 „relicua
1082 1288 1163 1323 eius
1183 1286 1261 1322 vita
1274 1285 1502 1321 eratlaudis
1523 1287 1599 1332 ple-

146 1343 357 1388 nissima,“
386 1344 494 1390 quasi
516 1355 608 1381 vero
635 1337 823 1382 Sertorius
844 1345 1008 1392 priorem
1028 1345 1141 1379 vitam
1169 1354 1276 1379 suam
1297 1342 1486 1378 dedecore
1509 1341 1599 1378 affe-

148 1407 246 1439 ctam
277 1401 394 1436 ruisse
425 1401 620 1447 professus
654 1403 713 1438 sit.
770 1403 826 1438 Ne
853 1402 987 1446 multa,
1017 1410 1063 1436 ea
1091 1399 1245 1437 Sertorii
1275 1409 1381 1435 mens
1409 1399 1493 1444 suit,
1525 1411 1598 1446 quo

148 1459 268 1494 maior
287 1458 548 1493 nonnullarum
574 1459 745 1505 corporis
767 1460 825 1495 sui
846 1459 1007 1505 partium
1026 1456 1245 1493 deformitas
1269 1460 1391 1501 esset,
1421 1465 1462 1492 eo
1482 1458 1600 1492 maius

147 1515 296 1552 relicuis
323 1514 437 1550 decus
464 1523 509 1549 ea
531 1519 688 1560 partum
715 1525 814 1562 esse,
842 1518 1027 1562 perpetua
1049 1515 1186 1562 quippe
1206 1512 1352 1549 virtutis
1373 1516 1480 1548 teste.
1522 1513 1598 1549 lam

147 1570 334 1608 Plutarchi
363 1572 481 1606 verba
503 1570 550 1606 de
577 1571 710 1607 eadem
731 1583 771 1607 rc
791 1582 983 1633 apponere
1004 1571 1119 1615 iuvat,
1139 1570 1242 1616 apud
1269 1580 1380 1616 quem
1402 1569 1439 1604 in
1460 1568 1600 1606 Sertor.

149 1641 184 1665 c.
206 1629 242 1664 4.
264 1627 360 1663 hacc
381 1628 576 1688 leguntur:
607 1619 749 1678 Χειρὸς
770 1619 1086 1674 ἐπιδεικνύμενος
1095 1623 1203 1689 ἔργα
1221 1616 1438 1689 θαυμαστὰ
1464 1621 1535 1661 και
1552 1617 1596 1662 τὸ

147 1683 261 1731 σῶμα
279 1683 360 1727 τοῖς
379 1673 531 1731 ἆγῶσιν
552 1674 731 1731 ἆφειθῶς
752 1675 951 1728 ἐπιδιδους
971 1695 1064 1719 των
1082 1676 1250 1730 ὄψεων
1269 1673 1489 1730 ἐπέβαλε
1496 1672 1564 1742 τὴ
1578 1694 1601 1717 ν

149 1735 325 1803 ἑτέραν
351 1734 672 1776 ἐκκοπεῖσαν.
704 1734 809 1777 Ἐπὶ
842 1750 1002 1805 του-ιω
1031 1734 1083 1775 δὲ
1108 1734 1191 1774 καὶ
1220 1730 1598 1799 καλλωπιζόμε-

149 1809 237 1840 νος
265 1786 342 1832 ἆεὶ
370 1791 604 1832 διετέλει·
637 1808 730 1842 τους
759 1792 831 1859 μὲν
859 1790 937 1846 γὰρ
967 1776 1110 1839 ἄλλους
1139 1785 1214 1831 οὐκ
1242 1784 1304 1831 ἀεὶ
1323 1784 1372 1830 τὰ
1402 1787 1600 1857 μαρτύρια

148 1852 227 1890 τῶν
237 1843 450 1903 ἀριστείων
462 1848 700 1918 περιφέρειν
721 1844 822 1890 ἀλλὰ
849 1848 917 1889 καὶ
937 1845 1223 1895 ἀποτίθεσθαι,
1255 1843 1420 1901 στρεπτὰ
1440 1846 1509 1887 καὶ
1535 1843 1600 1887 δό-

149 1921 249 1960 ρατα
264 1904 331 1946 καὶ
351 1900 587 1971 στεφάνους·
613 1903 719 1961 αὐτῷ
739 1905 783 1947 δὲ
799 1909 868 1974 τῆς
886 1900 1162 1974 ἀνδραγαθίας
1178 1903 1420 1958 παραμένειν
1433 1904 1600 1969 γνωρίσ-

148 1978 265 2015 ματα,
285 1977 375 2010 τους
391 1956 535 2011 αὐτους
555 1962 681 2015 ἔχοντι
698 1965 767 2015 τῆς
787 1959 927 2017 ἀρετῆς
947 1978 1030 2014 αμα
1043 1977 1111 2001 και
1128 1963 1197 2013 τῆς
1217 1962 1425 2013 συμφορᾶς
1438 1956 1599 2008 θεατας.

150 2024 255 2068 Quae
284 2027 324 2059 ut
347 2027 473 2070 aperte
495 2035 542 2059 ex
564 2023 740 2060 Sallustio
763 2023 876 2059 ducta
895 2027 1002 2067 s‚unt
1034 2023 1084 2058 ita
1106 2021 1246 2058 Gellius
1266 2022 1287 2056 l.
1308 2021 1332 2055 l.
1354 2020 1453 2056 hunc
1476 2022 1600 2067 ipsum

150 2080 372 2142 respexisse
383 2084 514 2115 censet
530 2080 579 2115 ad
590 2080 851 2116 Demosthenis
865 2080 1012 2116 locum
996 2091 1041 2143 ιιι
1052 2082 1145 2115 orat.
1160 2077 1208 2113 de
1225 2076 1311 2113 Cor.
1323 2088 1359 2123 p.
1373 2080 1454 2117 247.
1469 2077 1600 2113 Reisk.

143 2127 306 2184 Εώρων
330 2126 372 2171 δ’
405 2126 527 2172 αὐτὸν
554 2133 774 2184 Φίλιππον,
802 2127 900 2186 πρὸς
920 2148 968 2172 ον
987 2127 1101 2197 ἡμῖν
1103 2130 1124 2170 ὁ
1147 2124 1256 2183 ἆγών
1274 2125 1374 2183 νπὲρ
1393 2124 1530 2198 ἀρχῆς
1527 2129 1603 2169 καὶ

150 2188 393 2253 δυναστείας,
411 2182 480 2227 τὸν
501 2182 716 2241 ὀφθαλμὸν
736 2188 1034 2255 ἐκκεκομμένον,
1041 2182 1133 2253 τὴν
1153 2189 1260 2225 κλεῖν
1281 2183 1507 2254 κατεαγότα,
1531 2181 1604 2238 τὴν

150 2248 272 2298 χεῖρα,
297 2238 338 2284 τὸ
361 2243 497 2291 σκέλος
516 2244 812 2314 πεπηρωμένον,
834 2247 930 2296 πᾶν,
955 2259 1015 2285 οτι
1034 2259 1085 2283 αν
1100 2244 1316 2295 βουληθείη
1331 2242 1446 2312 μέρος
1463 2237 1489 2295 ἧ
1508 2239 1604 2311 τύχη

150 2304 220 2342 τοῦ
251 2296 430 2366 σώματος
468 2300 737 2371 παρελέσθαι,
771 2304 885 2341 τοῦτο
911 2299 1164 2354 προϊέμενον,
1196 2297 1317 2339 ωστε
1344 2297 1398 2341 τὸ
1430 2303 1605 2340 λοιπον

151 2372 271 2410 μετα
290 2359 433 2409 τιμῆς
457 2355 543 2399 καὶ
565 2353 711 2409 δόξης
737 2360 843 2409 ζῆν;
876 2361 946 2396 sed
969 2362 1086 2396 fateor
1108 2359 1196 2395 mihi
1219 2370 1303 2395 cum
1326 2359 1516 2397 Gronovio
1538 2360 1604 2395 mi·

153 2419 290 2454 nimam
320 2418 415 2453 inter
434 2417 698 2453 Demosthenis
721 2421 757 2452 et
779 2417 945 2454 Sallustii
967 2418 1084 2454 verba
1109 2416 1340 2452 intercedere
1360 2417 1482 2453 videri
1504 2417 1603 2453 simi

153 2474 366 2518 titudinem,
387 2477 427 2509 ut
449 2473 608 2510 dubitari
631 2474 753 2521 possit
772 2473 819 2509 de
842 2474 1044 2509 imitatione
1069 2474 1239 2509 consulto
1260 2473 1367 2508 saeta.

268 2530 329 2566 Fr.
352 2532 412 2568 58.
465 2528 583 2578 [Cort.
601 2542 641 2577 p.
663 2534 767 2569 1002.
808 2531 907 2566 Gerl.
930 2529 990 2566 ed.
1010 2531 1099 2565 mai.
1122 2530 1198 2565 Ine.
1219 2533 1275 2567 w.
1297 2528 1357 2564 ed.
1377 2529 1466 2564 min.
1488 2529 1523 2573 1,
1544 2533 1601 2567 61.

154 2598 194 2634 p.
215 2589 295 2630 190,
322 2589 378 2624 18.
399 2585 512 2622 Debr.
533 2587 560 2631 I,
581 2589 640 2626 88.
658 2587 718 2632 111,
738 2589 797 2624 59.
819 2587 867 2631 V,
889 2583 964 2634 60.]
989 2586 1122 2622 Donat.
1145 2585 1194 2621 ad
1205 2585 1288 2621 Ter.
1298 2585 1418 2621 Andr.
1437 2585 1483 2628 V,
1496 2587 1531 2624 4,
1544 2589 1604 2624 36.

156 2643 254 2688 Quin
282 2642 356 2678 hoc
385 2642 537 2690 Fragm.
569 2647 647 2679 arte
676 2642 877 2679 cohaereat
909 2654 992 2678 cum
1022 2642 1294 2690 praecedente,
1334 2641 1496 2679 dubitari
1530 2653 1605 2677 non

155 2702 293 2747 potest.
351 2698 478 2735 Verba
509 2701 609 2736 enirn
633 2703 810 2747 spectare*
824 2699 874 2735 ad
894 2699 1121 2743 Sertorium,
1150 2700 1197 2734 ob
1213 2709 1274 2733 res
1299 2699 1452 2745 egregie
1475 2702 1604 2744 gestas

157 2767 180 2793 a
199 2755 338 2811 populo
360 2754 570 2793 honorifice
594 2757 632 2793 in
655 2757 802 2793 theatro
829 2760 1047 2804 exceptum,
1090 2755 1305 2802 intelligitur
1337 2765 1384 2790 ex
1405 2754 1602 2795 Plutarcho
