1774 3002
178 175 261 218 164
674 179 714 217 C.
745 180 976 218 SALLUSTI
1006 181 1157 220 CRISPI

175 306 330 351 vostro
365 304 565 365 privatus
596 307 639 350 et
677 305 720 351 in
750 305 1081 366 magistratibus
1110 308 1206 368 egi3
1245 307 1319 370 qui
1350 307 1526 372 lingua,
1550 310 1624 372 qui

175 389 360 435 consilio
386 403 508 445 meo,
545 389 619 451 qui
648 390 836 450 pecunia
864 390 1071 447 voluere,
1099 391 1170 436 usi
1201 395 1325 451 sunt3
1362 405 1507 453 neque
1535 386 1623 453 ego

176 472 376 520 callidam
408 473 676 530 facundiam,
717 488 860 535 neque
896 474 1121 535 ingenium
1162 475 1217 520 ad
1258 474 1625 521 malefaciundum

175 557 375 616 exercui3
418 557 718 603 avidissumus
737 557 946 617 ‘privatae
978 558 1150 619 gratiae
1175 573 1405 605 maxumas
1436 557 1647 604 inimici-

174 641 257 687 tias
288 657 370 702 pro
398 641 622 702 republica
653 642 853 702 suscepi3
908 642 1005 704 quis
1044 642 1188 688 victus
1226 657 1325 688 cum
1363 641 1438 687 illa
1477 641 1621 698 simul,

175 739 310 785 quum
350 739 491 786 egens
530 724 698 771 alienae
736 725 833 786 opis
862 725 991 786 plura
1018 725 1134 771 mala
1163 727 1486 786 exspectarem,
1512 740 1623 782 tvos,

174 866 210 898 et
233 861 391 910 Sulpicii
411 864 595 900 insaniam
621 863 857 910 defendisse,
887 865 1021 910 quibus
1043 863 1196 910 saepius
1217 864 1439 910 opponitur3
1469 863 1516 901 esa
1545 862 1620 900 Cic.

173 919 276 955 Brut·
303 922 361 959 57.
382 923 440 959 59.
463 921 556 959 63.“
599 920 704 958 Cotta
726 922 824 957 enim
846 932 958 968 quum
988 931 1085 956 anno
1114 922 1172 958 90.
1196 930 1231 955 a.
1253 919 1336 956 Chr.
1358 931 1395 955 n.
1417 921 1453 956 in
1468 919 1621 957 exilium

173 976 303 1021 abiret,
333 975 556 1014 Saturninus
583 983 707 1014 autem
732 979 805 1013 iam
827 989 924 1014 anno
947 981 1027 1016 100.
1049 977 1265 1013 interfectus
1287 981 1402 1022 esset,
1430 976 1621 1024 Sulpicius

173 1043 264 1069 vero
285 1033 435 1070 demum
453 1045 550 1070 anno
568 1037 627 1073 88.
648 1035 839 1082 republica
859 1035 1082 1082 perniciosis
1106 1034 1252 1080 legibus
1269 1034 1456 1080 exagitata
1473 1033 1622 1069 oecide-

173 1094 248 1135 ret‚
281 1101 410 1126 eorum
438 1092 587 1127 insania
609 1092 671 1127 ille
700 1102 821 1138 neque
848 1091 968 1139 potuit
996 1092 1034 1126 in
1065 1090 1216 1127 exilium
1239 1094 1343 1126 aetus
1361 1101 1469 1135 esse,
1497 1101 1620 1137 neque

172 1148 323 1184 omnino
346 1158 431 1184 cum
452 1148 499 1184 iis
521 1149 777 1184 eontentiones
799 1148 984 1192 exercuit,
1015 1149 1076 1194 qui
1097 1146 1298 1184 Saturnino
1320 1157 1504 1194 oppresso
1524 1158 1623 1182 rem·

171 1204 360 1251 publicam
377 1204 543 1241 nondum
565 1206 748 1253 attigisset
763 1205 1066 1241 adolescentulus
1083 1203 1205 1239 XXIV
1221 1214 1418 1251 annorum,
1439 1214 1523 1239 cum
1539 1202 1623 1241 Sul-

170 1261 271 1307 picio
296 1272 387 1297 vero
413 1263 717 1298 coniunctissime
738 1262 897 1298 viveret.
948 1260 1044 1297 Turn-
1063 1259 1263 1297 Saturnino
1286 1270 1371 1295 eum
1392 1264 1430 1295 et
1454 1259 1621 1307 Sulpicio

172 1319 326 1365 saepius
355 1320 493 1365 opponi
519 1329 659 1354 novum
690 1320 881 1355 inventum
913 1322 970 1353 est
993 1316 1177 1354 Gerlachii
1190 1341 1201 1363 ‚
1240 1317 1334 1351 mira
1362 1317 1526 1352 vanitate
1552 1317 1622 1352 tria

173 1375 254 1411 eius
278 1375 333 1410 rei
361 1375 574 1413 testimonia
594 1386 642 1411 ex
663 1375 776 1412 Bruto
805 1375 972 1419 citantis,
998 1384 1156 1421 quorum
1178 1373 1278 1408 nullo
1295 1372 1524 1410 Saturninus
1545 1384 1621 1409 me-

171 1435 348 1477 moratur,
369 1432 407 1467 in
423 1433 595 1468 omnibus
617 1436 752 1479 autem,
775 1432 914 1479 pariter
934 1436 973 1467 ut
992 1430 1198 1467 innumeris
1219 1429 1302 1466 aliis
1322 1429 1425 1466 Bruti
1446 1441 1489 1466 ac
1510 1430 1620 1466 trium

173 1487 220 1523 de
244 1488 400 1525 Oratore
425 1489 603 1539 librorum
625 1490 739 1533 locis,
770 1488 960 1536 Sulpicius
985 1493 1021 1524 et
1042 1487 1147 1524 Cotta
1172 1487 1223 1522 ita
1245 1485 1445 1525 laudantur
1455 1504 1470 1531 ,·
1495 1490 1536 1523 ut
1556 1496 1621 1534 ap-

171 1550 302 1591 pareat
330 1547 430 1593 ipsos
459 1547 528 1583 sibi
549 1547 700 1582 minime
729 1542 846 1582 ruisse
868 1545 1059 1589 inimicos,
1091 1544 1161 1581 sed
1184 1543 1329 1579 dicendi
1351 1552 1467 1591 ymas
1490 1553 1622 1579 eorum

170 1602 288 1638 ruisse
310 1602 423 1639 valde
445 1602 627 1639 dissimile
657 1614 701 1639 ac
720 1613 843 1649 paene
866 1602 1106 1638 contrarium.
1126 1620 1178 1626 -—
1220 1600 1322 1647 Lege
1342 1600 1458 1636 Varia
1475 1599 1619 1636 Cottam

171 1659 322 1694 civitate
344 1659 535 1695 excidisse
560 1660 765 1695 luculenter
789 1659 901 1694 tradit
928 1659 1092 1705 Appian.
1116 1658 1159 1693 B.
1182 1656 1399 1701 Civ.1‚3⁷.
1441 1655 1620 1702 (V01.11.

169 1726 208 1762 p-
231 1718 291 1754 54.
316 1715 377 1755 ed,
403 1715 552 1760 Schw.)
587 1713 677 1753 Oi‘
659 1715 788 1760 ιππεῖς
806 1711 988 1764 ἐπίβασιν
1013 1710 1059 1758 ἐς
1088 1710 1439 1775 συκοφαντίαν
1460 1711 1556 1748 τῶν
1575 1706 1619 1747 ἐ-

172 1770 360 1840 χθρῶν,
362 1762 406 1808 τὸ
426 1769 640 1820 πολίτευμα
657 1783 727 1808 του
711 1765 923 1823 Δρούσου
942 1766 1143 1818 τνθέμενοι
1163 1762 1334 1805 Κόϊντον
1353 1759 1533 1836 Οὖάριον
1549 1759 1620 1816 δή·

171 1841 322 1892 μαρχον
336 1825 496 1866 ἔπεισαν
516 1820 801 1892 εἰςηγήσασθαι
820 1825 1013 1890 κρίσεις
1037 1819 1172 1863 εἶναι
1196 1824 1290 1861 τῶν
1316 1825 1422 1869 τοῖς
1442 1819 1619 1862 Ἰταλι-

173 1879 327 1930 ώταις
347 1881 426 1927 ἐπι
445 1879 500 1922 τὰ
521 1877 669 1923 κοινὰ
688 1884 931 1950 φανερῶς
941 1874 972 1934 ἢ
989 1875 1154 1935 κρύφα
1173 1874 1530 1931 βοηθούντων,
1557 1876 1618 1917 ἐλ-

170 1939 353 1987 πίσαντες
372 1954 463 1987 τους
483 1934 716 1987 δυνατους”
690 1952 868 1986 απαντας
882 1933 1024 1977 αὐτίκα
1043 1936 1096 2006 εἰς
1111 1935 1286 2004 ἔγκλημα
1303 1928 1563 1986 ἐπίφθονονε
1542 1947 1619 1974 υπ-

172 1991 359 2046 αξεσθαι,
391 2011 458 2035 και
483 1992 661 2036 δικάσειν
687 1993 759 2047 μὲν
779 1990 910 2046 αὐτοὶ,
940 1991 1163 2062 γενομένων
1181 1987 1229 2031 δ’
1246 1990 1408 2032 ἐκείνων
1427 1983 1619 2037 ἐκποδῶν,

172 2049 482 2117 δυνατώτερον”
459 2068 514 2093 ετι
532 2055 600 2104 τῆς
616 2048 764 2100 πόλεως
783 2047 978 2118 ἐπαρξειν
1018 2044 1098 2090 Τὸν
1110 2047 1182 2100 μὲν
1198 2042 1248 2100 δὴ
1260 2044 1386 2100 νόμον
1399 2040 1618 2102 ἆπαγορεν-

171 2105 300 2148 όντων
329 2112 408 2149 τῶν
437 2108 578 2163 ἑτέρων
605 2105 818 2178 δημαρχων
843 2103 899 2160 μὴ
917 2109 1126 2172 τίθεσθαι,
1140 2103 1405 2172 περιστάντες
1433 2105 1475 2145 οἱ
1490 2105 1621 2150 {mccl}

172 2176 247 2204 συν
267 2166 454 2215 ξιφιδίοις
472 2169 637 2218 γυμνοῖς
657 2164 881 2218 ἐκύρωσαν·
901 2159 952 2212 ὥς
976 2156 1013 2203 δ’
1036 2157 1265 2229 ἐκεκυρωτο,
1281 2155 1424 2202 αὐτίκα
1440 2164 1522 2208 τοῖς
1537 2159 1619 2200 ἐπι·

173 2233 429 2288 φανεστατοις
444 2225 523 2261 τῶν
521 2223 772 2291 βουλευτῶν
782 2218 1050 2287 ἐπεγραφοντο
1062 2217 1290 2285 κατήγοροι.
1327 2217 1406 2257 Καὶ
1426 2211 1622 2285 Οὗηστίας

172 2276 244 2330 μὲν
263 2271 347 2318 ουδ’
372 2273 604 2324 ὑπακουσας
625 2272 726 2317 ἑκών
749 2278 932 2345 ἔφευγεν,
954 2271 1006 2324 ὡς
1027 2270 1101 2315 οὐκ
1123 2271 1346 2315 ἐκδώσων”
1328 2269 1468 2314 εωυτὸν
1487 2272 1527 2322 ἐς
1545 2275 1620 2338 χεῖ-

174 2350 246 2389 ρας
269 2332 445 2398 ἐχθρῶν·
482 2333 567 2373 καὶ
599 2331 789 2381 Κόττας
810 2329 879 2372 ἐπ’
916 2332 1090 2387 ἐκείνῳ
1118 2334 1352 2403 παρῆλθε
1372 2329 1477 2382 μὲν
1489 2328 1545 2378 ἐς
1567 2322 1617 2368 τὸ

173 2386 530 2444 δικαστήριον·
562 2385 945 2441 σεμνολογήσας
966 2387 1016 2428 δὲ
1042 2387 1166 2442 υπὲρ
1186 2404 1252 2429 ων
1270 2387 1620 2428 ἐπεπολιτεῦτο

175 2447 262 2488 καὶ
283 2442 709 2513 λοιδορησάμενος
739 2449 844 2493 τοῖς
872 2446 1075 2485 ἱππεῦσι
1099 2446 1347 2500 φανερῶς,
1373 2440 1512 2499 ἐξῄει
1536 2443 1620 2493 τῆς

172 2501 365 2552 πόλεως
393 2503 476 2544 καὶ
510 2498 593 2543 όδε
620 2496 711 2556 πρὸ
741 2504 823 2554 τῆς
850 2499 1037 2554 ψήφου.
1086 2504 1176 2541 Cum
1205 2505 1378 2552 Appiano
1407 2504 1445 2539 in
1465 2511 1620 2538 summa

176 2565 230 2601 rei
261 2565 449 2600 consentit
468 2564 601 2600 Valer.
618 2563 718 2599 Max.
739 2562 844 2606 VIII,
866 2565 907 2607 6,
928 2565 964 2599 4.
1017 2562 1061 2606 Q.
1093 2561 1228 2598 Varius
1254 2561 1337 2597 trib.
1361 2559 1482 2606 plebis
1506 2558 1619 2605 leqem

177 2621 355 2657 adversus
376 2621 670 2657 intercessionem
689 2619 911 2666 colleqarum
927 2620 1162 2666 perroyavit,
1193 2629 1268 2666 qua
1290 2615 1431 2653 iubebat
1449 2614 1623 2662 quaeri

180 2678 515 2726 quorumdolo
541 2677 659 2713 malo
686 2676 807 2712 socii
835 2676 894 2710 ad
918 2686 1048 2710 arma
1076 2677 1149 2711 ire
1177 2673 1333 2710 coacti
1354 2674 1523 2708 essent.
1573 2671 1620 2707 ef.

177 2735 318 2770 Ascon.
350 2734 389 2769 in
415 2733 492 2770 Cic.
515 2745 569 2771 or.
601 2744 639 2780 p.
661 2731 769 2769 Corn.
792 2743 829 2778 p.
849 2733 908 2770 73.
932 2731 1044 2768 Orell.
1093 2731 1197 2767 Bello
1215 2729 1365 2778 Italico,
1390 2738 1500 2775 quum
1520 2727 1624 2764 multi

179 2790 301 2829 Varia
321 2791 397 2837 leae
415 2791 539 2837 iniqtae
564 2790 851 2835 damnarentur,
877 2789 984 2835 quasi
1008 2788 1048 2824 id
1066 2787 1195 2823 bellum
1214 2786 1284 2822 illis
1301 2783 1510 2822 auctoribus
1531 2793 1618 2821 con-
