1774 3002
122 156 178 206 82
516 129 518 131 μ
619 158 656 196 c,
689 147 919 196 SAL'LUSTI
948 158 1099 197 cmspl

132 285 231 331 bem
261 283 403 330 reditu
440 284 576 329 decus
611 283 777 330 ordinis
810 283 942 330 huius
971 284 1152 340 interiit,
1191 283 1477 329 nihilominus
1500 296 1585 328 vos

133 370 265 430 atque
306 368 522 428 coniuges
560 370 602 413 et
639 368 801 414 liberos
829 369 996 428 Lepido
1034 367 1290 428 permissuri
1330 366 1446 413 sitis:
1481 366 1585 428 quid

134 467 248 512 opus
292 452 511 498 decretis?
543 451 839 513 quidrauxilio
872 451 1043 498 Catuli?
1097 451 1210 507 Quin
1240 451 1278 497 is
1306 452 1350 496 et
1379 451 1451 497 alii
1480 450 1582 496 boni

133 535 453 596 rempublicam,
475 536 640 581 frustra
665 538 830 581 curant.
863 535 1023 596 Agite,
1059 535 1122 581 uti
1155 536 1293 581 lubet!
1319 535 1470 594 parate
1495 547 1585 578 vo·
1596 547 1642 582 20

133 619 200 665 bis
229 618 414 680 Cethegi
441 621 573 680 atque
599 619 685 665 alia
708 619 981 679 proditorum
1012 619 1276 678 patrocinia,
1306 617 1380 679 qui
1410 615 1586 676 rapinas

133 704 176 748 et
210 702 410 748 incendia
439 703 686 748 instaurare
721 702 901 762 cupiunt
936 704 979 748 et
1016 717 1171 748 rursus
1201 702 1440 748 advorsum
1476 700 1586 746 deos

142 838 187 876 Ut
221 861 265 865 —
288 840 516 887 permissuri
539 840 634 885 silis,
674 840 697 875 i.
722 852 755 875 e.
784 843 823 875 ut
849 839 1061 886 permittere
1081 838 1202 886 parati
1227 838 1328 884 sitis3
1362 849 1398 874 v.
1424 833 1590 875 Gramms

134 897 197 932 lat.
219 901 336 933 nostr.
360 900 394 939 §-
417 899 570 940 117,10.
593 906 628 931 a.
650 901 726 932 not.
749 901 804 934 11.
829 907 867 943 p.
890 898 973 935 266.
1003 915 1060 922 —-
1089 895 1143 931 De
1171 897 1203 931 is
1222 895 1443 943 pronomine
1475 905 1514 931 v.
1536 894 1587 930 ad

135 954 215 1001 lug.
246 965 279 989 e.
309 953 432 997 LXIII,
461 957 497 991 3.
537 973 591 977 —
638 954 738 989 Boni
772 958 855 989 sunt
883 954 1100 1000 optimates,
1149 953 1211 999 qui
1251 953 1412 988 civitatis
1451 955 1585 987 statum

135 1021 310 1047 eversum
339 1011 483 1054 nolunt,
526 1009 595 1045 sed
625 1014 754 1046 vetera
782 1014 954 1054 tuentur;
1000 1021 1039 1046 v.
1068 1009 1117 1045 ad
1147 1008 1252 1045 Catil.
1286 1021 1320 1045 c.
1349 1007 1516 1052 XXXIII,
1549 1010 1585 1071 2.

135 1078 174 1114 p
198 1070 280 1105 155.
310 1066 497 1111 XXXVII,
519 1070 555 1104 3.

248 1126 282 1166 §-
305 1126 364 1162 20.
389 1122 549 1170 Cetheyi)
582 1123 804 1170 Intelligitur
825 1121 870 1158 P.
894 1121 1089 1170 Cetheyus,
1129 1121 1267 1158 Cinnae
1293 1122 1380 1158 olim
1410 1125 1584 1165 sectator,

136 1179 204 1216 sed
237 1183 371 1226 postea
403 1179 528 1216 Sullae
557 1182 684 1227 partes
714 1182 882 1223 secutus,
913 1184 953 1215 ut
977 1183 1105 1215 auctor
1131 1184 1188 1215 est
1207 1178 1372 1226 Appian.
1401 1178 1448 1214 de
1480 1178 1523 1213 B.
1545 1176 1585 1213 C

134 1237 162 1281 Ι,
185 1239 244 1275 60.
267 1241 306 1272 et
327 1239 386 1274 80.
407 1240 500 1272 extr.
526 1247 564 1283 p.
577 1239 657 1274 112.
679 1235 896 1283 Schweigh.
917 1226 1098 1299 ’Λφίκετο
1118 1231 1162 1272 δὲ
1180 1231 1248 1272 καὶ
1262 1231 1444 1284 Κέθηγος
1462 1229 1500 1278 ἐς
1519 1245 1588 1270 τον

132 1286 313 1338 Σύλλαν,
343 1285 607 1356 χαλεπωτατος
628 1284 930 1341 ἀντιστασιώτης
949 1283 1056 1341 αυτῷ
1077 1282 1171 1355 μετὰ
1186 1289 1316 1328 Κίννα
1335 1287 1403 1328 καὶ
1419 1287 1586 1354 Μαρίου

133 1342 359 1399 γενόμενος,
389 1361 456 1386 και
477 1341 551 1386 σὺν
574 1345 736 1393 ἐκείνοις
755 1347 837 1411 τῆς
842 1342 989 1394 πόλεως
1017 1341 1212 1397 ἐκπεσὼν,
1243 1344 1373 1397 ἱκέτης
1391 1359 1431 1384 τε
1453 1340 1587 1397 γιγνό-

134 1417 249 1454 μενος
278 1401 345 1442 καὶ
375 1400 515 1442 ἑαυτὸν
543 1397 734 1454 ὑπερέτην
761 1397 837 1450 ἔς
826 1398 846 1441 6
873 1418 911 1442 τι
935 1398 1115 1455 βούλοιτο
1141 1401 1334 1470 παρέχων.
1385 1405 1587 1442 Plurimum

136 1474 220 1499 eum
251 1463 289 1498 in
325 1464 518 1510 republica
552 1463 722 1499 valuisse
753 1461 866 1498 tradit
893 1463 1116 1499 Plutarchus
1153 1464 1191 1498 in
1223 1462 1377 1498 Lucullo
1415 1473 1448 1497 c.
1478 1464 1514 1498 5.
1541 1451 1588 1494 ‘O

137 1518 333 1586 κρατῶν
354 1512 459 1555 τότε
481 1517 565 1567 τῆς
591 1514 854 1563 πολιτείας
876 1517 944 1570 τῷ
965 1509 1086 1568 πρὸς
1107 1512 1256 1583 χάριν
1281 1510 1476 1554 απαντα
1503 1527 1588 1552 και

136 1571 304 1624 λέγειν
323 1571 406 1612 καὶ
426 1571 666 1625 πράττειν
684 1571 914 1638 Κέθηγος
934 1571 1084 1624 ἔχθραν
1103 1587 1192 1613 τινα
1211 1565 1310 1638 πρὸς
1328 1566 1589 1611 Λούκουλλον

57 1623 60 1626 ’
134 1624 221 1680 εἶχε.
272 1632 363 1668 ibid.
395 1644 428 1668 c.
459 1635 495 1670 6.
523 1624 804 1694 Σπαργωντων
833 1627 876 1668 δὲ
900 1630 1057 1668 πολλῶν
1089 1627 1152 1668 ἐπὶ
1179 1623 1252 1680 τὴν
1286 1627 1474 1681 ἐπαρχίαν
1503 1626 1590 1676 (τῆς

135 1684 354 1736 Κιλικίας),
397 1683 464 1724 καὶ
499 1683 710 1736 Κέθηγον
722 1679 782 1731 ὡς
823 1680 1180 1725 δυνατώτατον
1217 1681 1334 1725 ὄντα
1369 1678 1588 1750 διαπρα-

135 1742 324 1790 ξασθαι
357 1737 674 1808 θεραπευόντων
727 1744 817 1780 ibid.
840 1756 874 1780 c.
894 1747 930 1782 6.
950 1744 1052 1780 med.
1082 1735 1190 1782 Ουδὲ
1218 1756 1296 1794 γαρ
1321 1734 1526 1794 ἕπραττετό
1552 1753 1589 1777 τι

135 1798 304 1853 δημοσία
331 1795 521 1851 Κεθηγου
555 1791 611 1849 μὴ
644 1792 941 1845 σπουδαζοντος.
992 1801 1162 1837 Eandem
1197 1811 1277 1837 rern
1306 1801 1427 1847 tangit
1458 1798 1588 1836 Cicero

134 1857 325 1895 Paradox.
353 1859 402 1903 V,
420 1862 457 1898 3.
488 1857 564 1894 Illa
585 1858 767 1905 cupiditas
789 1857 959 1901 honoris,
989 1859 1156 1905 imperii,
1179 1858 1479 1905 provinciarum,
1512 1855 1589 1892 Ce-

136 1914 291 1962 theyo,
318 1915 496 1951 homini
514 1926 603 1950 non
621 1914 980 1961 probatissimo,
1011 1915 1199 1951 servire
1221 1914 1376 1961 coeyil
1402 1921 1499 1956 eos,
1529 1912 1592 1958 qui

134 1971 204 2007 sibi
229 1981 308 2007 esse
333 1972 550 2019 amplissimi
579 1970 807 2008 videbantur.
855 1970 959 2006 Brut.
988 1982 1020 2007 c.
1047 1973 1106 2016 48,
1135 1972 1216 2009 178.
1248 1969 1287 2007 C.
1316 1969 1405 2006 Iulii
1426 1968 1590 2015 aequalis

135 2027 182 2063 P.
216 2027 465 2076 Cethequs‚
512 2029 573 2064 cui
605 2028 649 2064 cle
679 2027 869 2075 republica
899 2028 991 2064 satis
1021 2026 1277 2075 suppeditabat
1302 2026 1442 2066 orauit,-
1481 2027 1590 2060 lolam

136 2085 232 2120 enim
253 2084 394 2120 tenebat
412 2095 492 2121 eam
507 2085 727 2132 penitusque
746 2087 934 2132 coynoral.
971 2083 1103 2132 Itaque
1123 2086 1160 2120 in
1184 2086 1314 2120 senatu
1340 2081 1590 2118 consularium

137 2142 388 2177 auctoritatem
415 2141 703 2188 assequebatur;
731 2141 798 2178 sed
826 2142 865 2177 in
889 2142 1031 2177 caussis
1056 2141 1213 2188 publicis
1236 2139 1346 2185 nihil,
1370 2139 1410 2174 in
1432 2138 1591 2185 privatis

136 2197 226 2232 satis
247 2201 429 2233 veterator
447 2197 645 2233 videbatur.
687 2198 735 2234 cs.
759 2201 852 2233 orat.
877 2209 915 2244 p.
941 2197 1086 2233 Cluent.
1113 2208 1146 2232 e.
1167 2200 1226 2241 31,
1245 2198 1294 2234 84
1313 2206 1396 2242 sqq.
1434 2195 1492 2231 Ex
1511 2194 1591 2241 qui-

135 2254 206 2289 bus
230 2253 324 2289 locis
349 2265 461 2316 quum
487 2253 636 2289 abunde
655 2258 781 2300 pateat
803 2255 843 2290 P.
866 2253 1072 2300 Cethegum
1102 2254 1218 2289 fuisse
1248 2253 1383 2289 dubiae
1411 2251 1506 2288 fidei
1525 2250 1591 2286 ho-

137 2309 295 2355 minem,
327 2310 389 2356 qui
422 2310 603 2356 neglectis
627 2311 716 2345 boni
744 2310 966 2356 honestique
987 2310 1196 2346 rationibus
1220 2320 1265 2346 ea
1286 2312 1429 2346 tantum
1458 2318 1591 2354 seque-

137 2370 260 2411 retur,
298 2366 399 2402 unde
434 2365 672 2403 commodum
707 2367 778 2402 sibi
808 2370 1007 2402 venturum
1040 2370 1230 2414 speraret,
1270 2365 1414 2413 quivis,
1446 2365 1590 2411 opinor,

137 2423 249 2459 facile
272 2423 427 2467 sentiet,
455 2434 520 2459 cur
544 2434 566 2459 a
591 2422 762 2470 Philippo
783 2422 1038 2469 proditoribus
1065 2427 1342 2459 annumeretur.
1390 2421 1498 2457 Errat
1525 2420 1593 2467 igi-

136 2483 196 2515 tur
220 2479 441 2516 Gerlachius
457 2508 465 2524 ,
507 2480 570 2526 qui
590 2479 677 2515 Vol.
697 2480 740 2514 II.
769 2490 807 2526 p.
830 2482 889 2519 68.
910 2484 946 2515 et
966 2481 1052 2516 Vol.
1075 2480 1134 2515 ΙΙΙ.
1159 2492 1195 2527 p.
1219 2481 1278 2518 71.
1306 2479 1414 2515 hune
1425 2476 1592 2513 Publium

143 2534 347 2582 Cethegum
370 2547 392 2572 a
415 2535 596 2572 Catilinae
618 2536 721 2572 socio
747 2535 836 2572 Gaio
859 2535 1022 2584 Cethego
1046 2536 1172 2581 (Catil.
1193 2548 1226 2573 c.
1247 2534 1362 2579 XVII,
1381 2533 1438 2578 3.)
1469 2533 1592 2568 diver-

145 2603 226 2628 sum
250 2603 336 2628 esse
361 2596 485 2639 neget,
516 2593 800 2640 Ernestiumque
823 2593 862 2628 in
883 2591 989 2629 Clavi
1011 2592 1088 2629 Cic.
1112 2597 1215 2629 recte
1233 2595 1428 2637 utrumque
1453 2589 1593 2626 discer-

84 2648 94 2655 ‘
143 2652 291 2684 nentem
327 2650 438 2685 nullis
476 2649 682 2686 rationibus
716 2650 844 2697 egisse
879 2650 1088 2694 insimulet,
1124 2642 1199 2685 non
1232 2650 1408 2696 reputans
1444 2649 1594 2694 praeter

150 2705 310 2741 nominis
337 2705 540 2742 discrimen
570 2707 679 2742 etiam
702 2710 870 2743 veterum
897 2707 1118 2754 scriptorum
1144 2704 1354 2748 testimonia
1374 2704 1424 2739 ita
1445 2712 1595 2750 compa—

147 2765 227 2798 rata
249 2773 350 2806 esse,
379 2767 417 2798 ut
437 2773 510 2798 non
533 2763 570 2798 in
592 2774 705 2799 unum
728 2763 965 2809 eundemque
986 2763 1227 2806 conveniant,
1255 2764 1292 2797 et
1313 2759 1443 2797 Gaium
1465 2758 1595 2796 Cethe·
