1774 3002
151 0 166 10 ψ.
189 0 250 19 ›‘⁷'‘..'
272 0 273 3 ¹
1472 0 1567 22 'Tff³

465 181 795 221 HISTORIARUM
822 179 1133 220 FRAGMENTA.
1192 179 1280 216 ΗΒ.
1311 180 1374 216 iv.
1544 172 1630 216 ⁸0⁸

322 314 361 356 2.
415 307 553 354 Simul
583 322 670 354 eos
686 309 730 353 et
755 305 976 353 cunctos
964 320 1052 352 iam
1077 303 1311 351 inclinatos
1332 302 1520 350 §afinitate
1551 302 1626 348 lo-

188 393 223 438 ci
253 392 402 453 plures
428 391 634 438 cohortes
663 392 795 452 atque
819 403 987 446 omnes,
1018 392 1066 435 ut
1101 388 1145 434 in
1181 386 1394 434 εοοωὶίεθ
1408 401 1480 442 re,
1506 386 1629 446 pari-

189 479 255 522 ter
280 490 381 522 acre
410 474 634 521 invadunt.
1204 479 1208 483 '
1249 479 1253 483 ’

299 635 361 672 Fr.
382 638 419 674 2.
459 635 574 681 [Cort.
594 645 634 680 Ρ.
651 636 732 672 991.
756 633 853 669 Gerl.
878 631 940 668 ed.
960 631 1047 668 mai.
1069 630 1132 675 IV,
1152 632 1212 669 27.
1233 630 1294 667 ed.
1316 632 1405 668 min.
1427 630 1489 675 IV,
1509 633 1570 670 69.
1589 641 1629 677 p.

189 695 272 738 23⁰,
289 694 329 730 2.
352 691 465 728 Debr.
483 691 543 736 111,
568 686 645 738 53.]
705 690 802 726 Non.
825 688 869 734 11,
893 690 975 727 429.
1005 699 1044 734 p.
1066 690 1146 733 132,
1171 691 1228 725 20.
1252 687 1410 724 Merccr.
1457 688 1499 723 ln
1519 686 1630 723 Nonii

190 748 302 785 codd.
321 752 493 795 corrupte
515 752 573 784 est
596 747 778 783 laxitas
804 749 847 782 et
877 745 965 790 loci,
1001 750 1209 781 correctum
1238 754 1260 779 a
1281 743 1473 781 Carrione.
1531 744 1630 779 Aere

189 806 381 842 Mercerus
406 809 585 841 mutatum
610 803 728 839 voluit
757 803 797 839 in
824 811 951 846 acres,
984 801 1053 838 sed
1085 802 1165 838 sine
1195 802 1437 846 necessitate3
1459 804 1630 837 neutrum

190 863 288 899 enim
310 861 489 899 adiectivi
506 872 575 908 pro
598 859 777 896 adverbio
798 859 886 906 poni
904 857 1008 894 haud
1025 858 1252 895 inusitatum.
1306 858 1387 903 Quo
1407 859 1526 894 verba
1541 867 1630 906 per⁴

191 920 329 955 tineant
354 917 467 956 valde
487 917 701 964 ambiguum
723 920 807 960 est,
834 925 947 963 quum
970 925 1033 951 res
1054 913 1240 952 eiusmodi
1267 915 1333 961 sit,
1363 918 1402 950 ut
1427 915 1467 952 in
1494 924 1629 963 quavis

190 985 318 1022 pugna
341 974 515 1011 accidere
534 973 708 1021 potuerit.
767 971 907 1008 Tamen
932 982 1005 1008 non
1026 972 1127 1007 omni
1144 971 1403 1018 probabilitate
1423 982 1553 1008 carere
1574 971 1629 1008 vi·

191 1032 311 1076 detur,
332 1032 364 1068 si
388 1031 566 1067 coniicias
588 1030 852 1077 Fragmentum
875 1028 923 1064 de
942 1039 1070 1076 pugna
1088 1028 1137 1064 ad
1158 1027 1293 1065 Cabira
1312 1039 1399 1065 esse
1420 1029 1628 1076 intelligen-

191 1087 292 1132 dum,
313 1088 451 1135 quippe
473 1087 579 1124 cuius
601 1097 647 1122 ea
673 1086 765 1122 ratio
786 1085 914 1130 ruerit,
942 1089 999 1130 ut,
1020 1085 1124 1121 initio
1144 1095 1295 1133 pugnae
1315 1097 1336 1122 a
1359 1086 1630 1122 frumentatori-

190 1146 261 1181 bus
279 1144 422 1181 Luculli
444 1148 479 1180 et
501 1143 684 1190 equitibus
700 1142 816 1190 regiis
837 1146 930 1187 orto,
949 1142 1139 1189 paullatim
1160 1141 1334 1178 cohortes
1355 1146 1392 1178 et
1406 1147 1504 1179 totus
1523 1153 1630 1179 exer-

190 1201 284 1237 citus
304 1201 448 1248 proelio
471 1200 742 1247 implicaretur,
771 1210 843 1245 quo
863 1199 970 1235 brevi
990 1209 1129 1246 magna
1148 1198 1278 1235 clades
1295 1198 1630 1236 Mithridaticorum

191 1255 326 1293 effecta
352 1262 428 1302 est;
463 1269 502 1294 v.
534 1257 722 1292 Memnon.
751 1266 812 1303 ap.
836 1255 941 1292 Phot.
971 1255 1057 1292 cod.
1084 1258 1168 1293 224.
1195 1267 1231 1302 p.
1250 1258 1331 1300 235,
1355 1267 1390 1291 a.
1418 1255 1479 1292 ed.
1506 1256 1628 1292 Bekk.

191 1306 415 1358 Λευκολλος
434 1303 586 1375 ἀγορὰν
604 1305 767 1358 ἄξοντας
788 1308 841 1355 εἰς
859 1309 1148 1348 Καππαδοκίαν
1172 1307 1368 1360 ἐκπέμπει,
1389 1308 1458 1349 καὶ
1485 1305 1631 1360 μαθὼν

197 1366 381 1418 Ταξίλλης
402 1365 471 1406 καὶ
490 1362 714 1432 Διόφαντος
723 1360 860 1413 πεζοὺς
879 1364 1119 1430 ἐκπέμπουσι
1135 1365 1458 1431 τετρακιςχιλίους
1476 1365 1545 1405 καὶ
1563 1365 1627 1404 ἶπ-

190 1425 276 1470 πεῖς
292 1422 514 1488 διςχιλίους,
535 1415 592 1472 ἐφ’
618 1437 650 1461 ω
670 1420 894 1487 ἐπιθέμενοι
908 1416 1197 1474 ἀφαιρήσονται
1213 1416 1304 1469 τοὺς
1323 1418 1631 1474 ἆποκομίζοντας

191 1473 261 1526 τὰς
279 1472 445 1532 ἀγοράς·
472 1477 539 1518 καὶ
559 1462 840 1530 συμβαλόντων
852 1471 1046 1542 ἀλλήλοις
1065 1476 1372 1531 ἐπικρατέστεροι
1389 1475 1572 1532 γεγόνασι
1592 1479 1635 1519 οἱ

183 1530 391 1587 ‘Pulsatae
412 1534 639 1602 πέμψαντος
668 1532 711 1574 δὲ
728 1529 957 1574 Λευκόλλου
990 1532 1184 1588 βοήθειαν
1213 1538 1301 1582 τοῖς
1315 1535 1485 1587 οἰκείοις,
1505 1530 1630 1589 τροπὴ

191 1592 339 1644 γίνεται
358 1587 571 1644 βαρβάρων
590 1587 821 1643 περιφανής.
841 1595 890 1630 es.
899 1595 1060 1642 Appian.
1082 1595 1123 1630 B.
1134 1595 1298 1631 Mithrid.
1320 1606 1353 1632 c.
1359 1598 1420 1634 81.
1441 1595 1627 1632 Plutarch.

193 1653 230 1687 in
253 1651 394 1688 Lucull.
415 1663 448 1687 c.
471 1653 529 1690 17.
570 1651 698 1698 Neque
718 1656 842 1688 tamen
861 1662 1088 1698 magnopere
1108 1662 1290 1699 repugno,
1313 1653 1345 1688 si
1367 1652 1451 1698 quis
1471 1652 1544 1688 hac
1565 1664 1627 1688 ex-

190 1708 389 1755 plicatione
411 1709 617 1755 improbata
639 1707 687 1744 de
706 1709 778 1744 alio
800 1719 1021 1755 quocunque
1046 1709 1189 1755 proelio
1210 1709 1376 1756 cogitare
1396 1710 1584 1745 maluerit.

303 1765 366 1801 Fr.
384 1768 422 1803 3.
441 1762 554 1813 [Cort.
576 1776 615 1811 p.
635 1767 738 1802 1006.
761 1765 861 1800 Gerl.
881 1764 943 1801 ed.
962 1766 1052 1801 mai.
1073 1766 1151 1801 Ine.
1170 1767 1231 1803 86.
1250 1765 1312 1801 ed.
1333 1766 1421 1802 min.
1444 1766 1487 1810 ΙΙ,
1509 1769 1567 1804 58.
1586 1777 1627 1813 p.

192 1823 273 1866 M,
293 1823 328 1859 6.
369 1821 483 1857 Debr.
501 1821 544 1864 11,
570 1823 649 1859 127.
668 1821 732 1864 lv,
752 1819 827 1869 45.]
886 1821 942 1857 Ex
971 1826 1103 1868 quarto
1122 1821 1217 1857 haec
1245 1823 1357 1857 refert
1376 1823 1488 1858 Arus.
1510 1833 1547 1858 v.
1569 1824 1625 1858 in·

192 1879 355 1922 troiam,
381 1889 420 1924 p.
448 1879 531 1914 243.
554 1876 743 1920 Lindem.;
775 1878 855 1912 sine
877 1878 961 1913 libri
982 1878 1120 1913 indicio
1140 1883 1176 1913 et
1205 1879 1348 1914 omissa
1372 1879 1422 1914 ita
1442 1879 1625 1924 particula

193 1933 326 1968 eadem
346 1932 473 1968 laudat
489 1932 597 1969 Serv.
621 1932 670 1968 ad
693 1933 799 1979 Virg.
822 1933 918 1968 Aen.
933 1932 980 1977 X,
1000 1937 1081 1972 628.
1099 1938 1135 1969 et
1155 1933 1310 1977 X1,230.
1348 1933 1542 1970 Introitum
1561 1935 1627 1970 im-

192 1989 438 2036 personaliter
456 1991 671 2034 usurpatum
691 1988 825 2024 eodem
843 1990 956 2026 modo
969 2000 1054 2025 cum
1069 1990 1284 2026 accusativo
1305 1991 1541 2027 coniunctum
1557 1995 1629 2036 est,

194 2043 505 2092 quemodmodum
527 2044 661 2088 dicitur
687 2045 762 2080 itur
780 2045 937 2090 donmm,
955 2047 1096 2082 venitm*
1113 2046 1282 2090 Italiam,
1308 2051 1344 2082 et
1366 2047 1516 2084 similia.
1544 2047 1627 2084 Non

194 2106 295 2138 certo
316 2100 479 2147 quidem,
505 2100 573 2136 scd
597 2105 718 2136 tamen
739 2101 862 2148 aliqua
883 2102 1216 2138 verisimilitudinis
1238 2104 1365 2150 specie
1381 2104 1475 2140 haec
1496 2105 1626 2141 referri

194 2168 310 2204 posse
338 2156 388 2193 ad
407 2156 548 2192 Luculli
581 2157 774 2194 victoriam
802 2157 851 2193 ad
872 2158 1006 2195 Cabira
1024 2163 1269 2205 reportatam,
1300 2161 1446 2208 quivis,
1479 2162 1624 2208 opinor,

194 2211 386 2257 concedet,
408 2213 470 2259 qui
485 2214 712 2260 reputaverit
728 2218 830 2250 tanta
843 2216 1118 2262 perturbatione
1133 2220 1171 2253 et
1186 2221 1257 2252 tam
1278 2216 1400 2253 effusa
1415 2218 1506 2265 luga
1524 2219 1625 2266 regis

193 2270 322 2316 copias
345 2273 467 2305 castra
490 2280 559 2306 sua
579 2271 788 2317 reliquisse,
808 2276 846 2306 ut
871 2271 918 2308 de
938 2272 984 2308 iis
1006 2271 1254 2309 defendendis
1271 2277 1334 2309 aut
1354 2273 1401 2309 de
1417 2275 1626 2311 resistendo

194 2336 302 2361 nemo
321 2326 513 2372 cogitaret,
532 2330 624 2362 teste
643 2327 819 2373 Appiano
837 2328 879 2363 Β.
908 2328 1073 2365 Mithrid.
1097 2341 1130 2368 c.
1151 2332 1212 2368 82.
1232 2330 1417 2366 Plutarch.
1440 2331 1477 2366 in
1495 2332 1623 2367 Lucul.

193 2394 228 2418 c.
249 2382 304 2419 17.
324 2401 381 2408 —
399 2381 473 2426 Ita,
494 2392 604 2428 quam
623 2380 838 2429 particulam
861 2385 1078 2422 Gerlachius
1100 2390 1237 2422 temere
1259 2387 1393 2432 omisit,
1415 2392 1559 2434 spectat
1577 2387 1627 2423 ad

192 2437 482 2485 praecedentem
507 2440 754 2476 narrationem
777 2439 823 2475 de
851 2451 965 2477 coeco
996 2442 1125 2478 timore
1146 2454 1189 2479 ac
1211 2454 1355 2479 summa
1380 2444 1625 2490 trepidatione

192 2495 392 2541 regiorum,
414 2494 495 2531 eius
516 2494 571 2530 rei
591 2495 761 2532 effectum
783 2501 936 2542 notans3
969 2499 1021 2534 cs.
1043 2498 1162 2536 Hand.
1194 2499 1241 2535 de
1263 2500 1418 2536 Particc.
1440 2501 1517 2537 Lat.
1539 2501 1624 2536 Vol.

191 2551 252 2586 111.
271 2562 308 2598 p.
329 2553 412 2589 488.
429 2553 462 2594 S.
486 2554 545 2589 15.

303 2607 366 2643 Fr.
384 2610 422 2644 4.
444 2605 558 2652 [Cort.
577 2609 619 2654 p'.
638 2611 741 2647 1009.
760 2609 857 2646 Gerl.
883 2610 943 2646 ed.
971 2611 1059 2646 mai.
1080 2612 1151 2647 lnc.
1174 2614 1253 2649 149.
1276 2611 1336 2647 ed.
1357 2612 1446 2648 min.
1468 2613 1544 2649 Inc.
1565 2615 1625 2651 44.

194 2674 233 2710 p.
247 2666 329 2708 238,
352 2667 410 2701 12.
436 2663 545 2699 Debr.
567 2663 625 2709 111,
647 2667 705 2703 13.
724 2665 786 2712 lv,
807 2666 883 2711 49.]
930 2667 1069 2711 Verba,
1091 2679 1112 2703 a
1133 2667 1266 2704 Servio
1288 2668 1337 2704 ad
1361 2669 1465 2716 Virg.
1487 2670 1622 2715 Georg.

193 2719 220 2764 l,
240 2721 278 2757 3.
301 2719 381 2755 sine
400 2720 484 2756 libri
509 2719 647 2756 indicio
666 2721 796 2769 allata,
819 2723 994 2769 quoniam
1020 2723 1066 2758 (le
1092 2724 1231 2759 semina
1258 2725 1449 2761 munditiis
1469 2726 1627 2761 ornatis·

197 2775 290 2811 sima
312 2775 409 2812 dicta
433 2780 528 2822 sunt,
550 2787 662 2823 quum
686 2781 977 2815 consentaneum
1000 2780 1047 2816 sit
1067 2780 1294 2816 rarissimam
1318 2786 1456 2818 tantum
1486 2792 1530 2818 ac
1552 2792 1624 2817 non
