1774 3002
455 157 785 197 HlSTORIARUM
812 154 1126 194 FRAGMENTA.
1179 154 1267 191 LlB.
1299 154 1363 190 IV.
1558 147 1644 190 845

205 285 538 341 verberabatur,
581 285 657 329 aut
694 280 949 328 immutilato
992 293 1179 340 corpore
1214 277 1412 339 improbo
1449 276 1644 339 patibulo

204 368 399 416 eminens
432 367 709 428 affigebatur.

342 455 412 501 49.
467 448 680 498 Demissis
716 448 883 510 partem
907 445 1032 508 quasi
1062 443 1232 492 tertiam
1256 443 1471 490 antennis.

208 612 321 648 Recte
339 610 438 646 enim
458 608 602 647 Cortius
622 608 717 645 vidit
735 608 938 656 improbum
958 607 1031 643 dici
1046 605 1262 654 patibulum,
1285 603 1387 652 quod
1407 601 1647 641 adhiberetur

208 667 258 704 ad
277 666 501 714 supplicium
526 665 791 714 improborum,
823 666 848 702 i.
864 677 900 701 e.
924 674 1119 701 servorum
1141 666 1250 708 atquc
1279 661 1507 697 abiectorum
1526 659 1662 702 homi·v

205 730 316 760 num:
363 723 416 759 De
435 722 507 760 hoc
530 723 680 760 dicendi
701 734 785 766 usu,
807 723 869 769 qui
890 723 927 758 in
947 733 992 757 eo
1012 720 1187 763 cernitur,
1209 723 1247 755 ut
1266 717 1492 754 adiectivum
1524 718 1645 754 locum

208 780 389 817 sustineat
409 780 642 824 substantivi,
665 778 756 815 illud
778 778 1015 822 declarantis,
1032 777 1069 813 in
1089 788 1162 824 quo
1183 776 1282 811 notio
1305 774 1456 811 alterius
1478 775 1647 811 substan-

206 836 273 876 tivi
296 839 478 881 versatur,
500 837 705 873 luculenter
722 833 1132 883 egitNaegelsbaehius
1154 833 1202 869 de
1218 833 1308 869 Arte
1330 831 1440 867 latine
1457 831 1646 868 scribendi

208 895 243 936 S.
264 895 322 937 18,
340 894 376 931 3.
396 903 435 940 p.
456 896 514 931 52.
537 893 586 930 cs.
608 891 683 929 Cic.
708 892 802 940 Epp.
826 891 875 928 ad
897 891 1037 928 Famm.
1058 891 1105 935 V,
1137 893 1192 934 19,
1213 893 1245 927 1.
1302 886 1386 924 Meo
1405 886 1537 925 iudicio
1558 887 1651 925 nituit

208 948 261 985 ad
285 951 384 986 leuem
401 949 712 996 provinciale
738 947 963 996 officium
990 947 1223 994 addipotest,
1253 945 1276 981 i.
1299 956 1334 980 e.
1355 943 1406 980 ad
1426 943 1590 981 officium
1610 946 1648 981 in

202 1005 396 1053 provincia
415 1017 439 1041 a
461 1008 494 1041 le
511 1005 601 1042 milti
614 1006 845 1052 praestitum.
893 1004 949 1040 ld.
974 1005 1022 1041 ib.
1042 1003 1100 1050 111,
1119 1007 1153 1042 8.
1172 1005 1232 1042 29.
1273 1000 1510 1038 Hortensiana
1527 1010 1647 1050 roges,

206 1065 248 1098 ut
263 1061 309 1097 de
328 1061 402 1097 hac
420 1063 662 1098 sententia
682 1062 800 1098 bima
819 1060 981 1105 decedat,
1002 1061 1028 1096 ἰ.
1051 1071 1086 1096 e.
1107 1059 1155 1096 de
1176 1058 1360 1096 sententia
1374 1058 1590 1105 proven-iae
1608 1059 1648 1095 iu

206 1117 406 1158 secumdum
426 1128 565 1155 annum
585 1117 674 1155 milti
686 1117 965 1166 prorogandae.
1005 1117 1085 1153 Liv.
1107 1117 1170 1162 VI,
1189 1118 1223 1160 4,
1245 1120 1300 1154 10.
1352 1113 1470 1159 Quum
1489 1114 1642 1163 oppida·

153 1166 158 1171 ’
205 1173 434 1212 noseosdem
458 1173 649 1223 inteqro
678 1184 824 1222 semper
850 1175 1116 1211 certamini
1136 1174 1309 1221 pauc-atas
1328 1171 1450 1219 sessos
1467 1172 1646 1216 obiiceret,

209 1231 233 1267 i.
254 1241 290 1267 e.
309 1231 502 1268 certamini
521 1241 604 1268 cum
618 1233 781 1280 inteqrss.
809 1250 867 1257 —
892 1230 1101 1267 Patibulum
1120 1230 1181 1266 hic
1204 1228 1422 1277 significare
1445 1238 1592 1266 crucem
1612 1234 1648 1265 et

208 1287 350 1324 notavit
369 1287 525 1333 Nonius,
548 1293 583 1324 et
602 1292 703 1335 patet
722 1298 769 1324 ex
792 1287 1015 1336 affigebatur
1037 1288 1166 1323 verbo.
1179 1307 1226 1312 —
1240 1286 1416 1322 Eminens
1435 1286 1459 1321 i.
1478 1297 1513 1334 q.
1536 1286 1649 1323 subli-

210 1342 294 1387 mis,
320 1354 368 1379 ex
387 1344 461 1380 alto
481 1345 721 1392 conspicuus.

319 1399 381 1435 Fr.
402 1403 462 1439 49.
485 1399 614 1445 [Deest
637 1399 739 1447 apud
762 1399 875 1445 Cort.,
897 1398 994 1435 Gerl.
1016 1398 1077 1435 ed.
1099 1399 1187 1435 mai.
1208 1402 1245 1434 et
1263 1398 1373 1435 Debr.
1392 1418 1448 1424 —-
1469 1399 1566 1435 Gerl.
1586 1399 1647 1436 ed.

209 1455 296 1493 min.
326 1455 390 1500 IV,
411 1455 462 1506 2.]
518 1457 780 1505 Fragmentum
807 1467 940 1493 recens
969 1455 1115 1492 accedit
1144 1466 1192 1491 ex
1216 1454 1330 1491 Arus.
1360 1454 1445 1492 cod.
1478 1455 1576 1492 Gud.
1606 1468 1645 1494 v.

202 1517 329 1560 parte,
349 1523 389 1559 p.
407 1516 491 1552 253.
512 1513 680 1550 Lindem.
738 1513 790 1549 De
818 1512 984 1560 fugitivis
1005 1512 1176 1560 intelligit
1198 1511 1430 1558 Gerlachius,
1458 1512 1648 1557 traiectum

211 1569 249 1605 in
270 1567 438 1619 Siciliam
456 1571 679 1607 tentantibus
698 1570 766 1615 (ct'.
789 1580 902 1617 supra
921 1569 979 1605 Fr.
997 1571 1057 1608 29.
1075 1570 1173 1614 30.);
1195 1567 1266 1605 sed
1287 1579 1400 1615 quum
1421 1569 1493 1615 illi,
1515 1570 1578 1616 qui
1600 1581 1647 1606 ne

209 1625 326 1662 iustas
346 1625 496 1672 quidem
522 1626 704 1664 haberent
723 1630 843 1670 rates,
881 1625 1039 1663 navibus
1069 1636 1225 1673 prorsus
1252 1628 1444 1670 carerent,
1479 1627 1647 1673 profecto

211 1685 395 1718 antennas
415 1681 609 1720 demittere
633 1694 707 1719 non
724 1686 934 1730 potuerunt.
994 1681 1084 1718 Mihi
1103 1682 1199 1719 haec
1219 1692 1367 1729 quoque
1389 1678 1502 1719 ve'rba
1526 1682 1574 1719 de
1593 1683 1649 1731 pi-

211 1738 301 1774 ratis
322 1737 421 1775 dicta
440 1738 631 1785 videntur,
651 1741 820 1787 ‘quorum
848 1740 1011 1787 aliquam
1037 1750 1206 1787 pugnam
1226 1739 1290 1777 vel
1304 1739 1598 1776 exscensionem
1626 1752 1648 1777 a

210 1792 386 1831 Sallustio
408 1800 594 1832 narratam
617 1808 703 1833 esse
723 1797 897 1833 coniicio.
924 1794 1019 1832 Nam
1035 1796 1107 1832 illis
1129 1795 1222 1843 ipsis
1241 1796 1363 1840 annis,
1381 1796 1443 1842 qui
1463 1795 1536 1832 hoc
1555 1797 1647 1834 libro

212 1850 460 1897 continentur,
479 1853 551 1889 i.e.
567 1856 628 1892 70.
644 1857 681 1888 et
699 1856 758 1891 69.
774 1864 808 1889 a.
820 1852 907 1889 Chr.
927 1863 978 1896 n.,
998 1852 1242 1889 vehementer
1260 1851 1500 1888 recruduisse
1511 1853 1646 1893 malum

210 1907 508 1953 latrociniorum,
541 1919 654 1956 aegre
674 1909 799 1955 paullo
829 1911 913 1945 ante
935 1919 1216 1955 compressum,
1244 1909 1459 1956 intelligitur
1485 1919 1534 1946 ex
1552 1910 1647 1947 Livii

210 1961 307 2008 Epit.
328 1961 488 2001 XCVIII.
545 1964 589 2000 L.
612 1963 779 2000 Metellus
790 1967 957 2011 praetor,
979 1965 1019 2000 in
1037 1964 1162 2001 Sicilia
1184 1964 1362 2002 adversus
1378 1966 1530 2012 piratas
1553 1977 1647 2014 pro-

210 2027 321 2065 spere
338 2027 417 2056 rem
434 2021 556 2067 yessit.
597 2019 842 2057 Successerat
866 2024 991 2057 autem
1015 2021 1187 2058 Metellus
1218 2021 1349 2066 Verri,
1378 2021 1441 2068 qui
1460 2023 1568 2059 annis
1589 2024 1647 2062 73.

211 2075 269 2113 72.
289 2075 347 2112 71.
369 2086 405 2111 a.
419 2074 513 2112 Chr.
539 2087 575 2112 n.
595 2075 762 2114 Siciliam
792 2077 969 2121 obtinuit,
986 2087 1083 2114 anno
1106 2080 1163 2117 70.
1175 2088 1186 2123 ;
1209 2078 1258 2116 cs.
1278 2077 1589 2116 Pseudo-Ascon.
1610 2080 1647 2116 in

211 2130 334 2166 Divin.
355 2131 392 2166 in
413 2131 457 2176 Q.
479 2130 618 2169 caecil.
641 2144 678 2179 p.
700 2134 758 2171 97.
784 2133 898 2170 Orell.
919 2132 996 2170 Cic.
1022 2135 1060 2170 in
1080 2135 1187 2171 Verr.
1208 2133 1292 2171 Act.
1314 2134 1342 2170 I.
1361 2146 1394 2171 c.
1416 2137 1452 2182 9,
1472 2137 1532 2173 27.
1552 2135 1595 2181 Π,
1612 2139 1645 2180 4,

212 2186 346 2232 10.⁷111,
368 2191 425 2231 53,
447 2191 526 2226 123.
586 2188 805 2226 Accusatius
828 2190 875 2226 de
904 2190 1135 2236 praedonum
1168 2191 1230 2227 illo
1262 2195 1429 2238 ternpore
1449 2191 1647 2229 insolentia

211 2244 288 2289 egit
310 2241 419 2279 Oros.
440 2244 502 2288 VI,
530 2247 567 2283 3.
623 2244 811 2290 Metellus,
836 2245 983 2282 Siciliae
1003 2251 1180 2295 praetor,
1208 2259 1319 2296 quum
1344 2247 1557 2295 foedissima
1583 2250 1646 2286 illa

211 2298 250 2335 0.
281 2297 408 2334 Verris
422 2303 605 2346 praetura
629 2301 789 2338 Siciliam
808 2302 987 2349 afflictam
1013 2305 1216 2351 mammet,
1235 2306 1395 2341 maxime
1412 2304 1649 2354 Pyryanionc

210 2354 441 2401 archipirata
461 2356 618 2403 nefariis
628 2358 786 2404 praedis
805 2363 840 2395 et
858 2359 1028 2396 caedibus
1048 2361 1285 2406 dilacerante,
1306 2362 1378 2408 mai,
1397 2362 1510 2409 pulsa
1529 2363 1648 2399 classe

209 2421 375 2455 romana,
397 2411 673 2458 Syracusanum
685 2418 835 2461 portum
854 2415 1066 2463 obtinuerat,
1086 2428 1192 2465 quem
1209 2428 1299 2454 mox
1319 2419 1445 2455 navali
1463 2420 1645 2456 terrestri-

205 2477 278 2513 que
289 2468 432 2558 dprioelio
449 2470 702 2506 comminutam
710 2469 834 2508 Sicilia
854 2472 1031 2510 decedere
1049 2474 1230 2522 compulit.
1241 2493 1295 2499 —
1307 2473 1422 2518 Quasi
1438 2475 1463 2511 i.
1484 2487 1519 2523 q.
1539 2475 1647 2523 fere:

211 2533 248 2559 v.
264 2534 287 2559 a
351 2551 360 2567 ‚
381 2525 441 2562 73.

320 2579 381 2615 Fr.
406 2583 462 2617 50.
493 2578 666 2628 [Οοῐμρ.
685 2584 766 2620 980.
789 2582 890 2620 Gerl.
913 2584 975 2620 ed.
995 2586 1083 2620 mai.
1097 2585 1161 2628 IV,
1186 2590 1217 2623 1.
1238 2585 1300 2620 ed.
1325 2585 1414 2622 min.
1434 2586 1499 2631 IV,
1519 2590 1578 2625 30.
1602 2599 1640 2633 p.

208 2637 290 2679 227,
310 2638 369 2673 28.
388 2635 497 2672 Debr.
519 2635 581 2680 lV,
601 2634 653 2684 4.]
690 2638 829 2675 Gellius
850 2639 929 2676 NN.
948 2638 1032 2677 AA‘.
1050 2640 1180 2685 XVIII,
1200 2644 1236 2679 4.
1269 2642 1394 2678 Verba
1413 2642 1497 2689 ipsa
1516 2654 1642 2689 quam-

208 2702 318 2738 quam
339 2692 430 2727 satis
450 2693 565 2738 plana
584 2696 681 2737 sunt,
702 2697 824 2730 tamen
844 2696 1032 2742 quomodo
1049 2708 1133 2733 cum
1154 2697 1289 2733 ceteris
1311 2698 1558 2742 cohaeserint,
1581 2702 1643 2734 aut

207 2758 280 2794 quo
302 2747 458 2784 consilio
480 2759 541 2784 res
563 2759 586 2784 a
607 2748 782 2786 Sallustio
805 2757 953 2789 narrata
975 2754 1106 2805 fuerit,
1127 2754 1226 2789 nullo
1245 2756 1355 2801 pacto
1379 2755 1551 2791 constitui
1575 2765 1641 2802 po-
