1774 3002
138 146 223 189 242
625 149 666 186 C.
697 151 932 190 SALLUSTI·
959 152 1111 191 CRISPI

277 277 346 320 65.
401 273 457 318 M.
493 273 715 320 Antonius
749 277 1004 336 perdundae
1041 279 1252 338 pecuniae
1289 279 1466 339 genitus
1503 295 1589 326 va-

139 373 340 421 cuusque
370 358 508 413 curis,
539 358 622 403 nisi
652 359 928 407 instantibus.

276 446 344 487 66.
402 441 463 487 Ibi
495 442 683 487 triennio
718 445 884 490 frustra
908 443 1024 489 trito.

142 600 253 634 quam
284 591 489 626 orationem
526 593 727 637 transtulit,
756 603 850 639 quae
880 592 981 638 apud
1012 591 1228 629 Sallustium
1262 594 1315 629 sic
1346 595 1585 641 legebantur:

140 645 299 692 Curetes,
321 649 406 694 quia
419 649 623 696 principes·
636 649 865 696 intelleyendi
883 650 1004 685 divina
1025 648 1189 695 fuerunt,
1210 653 1379 697 vetustas,
1399 655 1439 687 ut
1452 656 1585 695 cetera,

139 703 177 738 in
196 704 315 739 maius
336 714 568 752 commonens,
589 701 726 742 altores
747 705 846 742 Iovis
865 706 1069 742 celebravit.
1113 706 1214 742 Haec
1236 706 1449 744 Lactantius
1476 708 1584 744 docet

139 759 189 795 ita
211 770 233 795 a
255 758 432 797 Sallustio
453 761 641 809 disputata
660 763 790 807 fuisse,
815 767 852 798 ut
873 762 1100 806 ostenderet,
1123 761 1298 807 Curetum
1317 769 1443 811 partes
1473 766 1510 801 in
1530 777 1587 801 re-

140 826 229 852 cens
252 820 337 853 nato
359 818 450 854 Iove
471 819 623 864 tuendo,
646 819 783 867 quippe
805 820 866 866 qui
891 819 1022 855 tinnitu
1044 820 1141 855 aeris
1161 819 1414 866 prohiberent,
1444 833 1490 857 ne
1521 833 1586 859 va-

140 873 239 919 gitus
258 875 367 920 pueri
389 875 581 911 audiretur
611 878 668 921 (v.
692 876 803 913 Ovid.
833 876 934 912 Fast.
963 876 1026 921 IV,
1055 877 1124 914 207
1146 887 1228 924 sqq.
1259 875 1368 914 Serv.
1403 878 1450 914 ad
1477 878 1584 926 Virg.

139 930 234 966 Aen.
254 930 315 975 111,
336 934 416 969 104.
440 931 589 980 Scriptt.
614 944 686 969 rer.
711 932 867 980 mythic.
888 933 975 968 Vol.
999 933 1024 968 I.
1047 944 1086 980 p.
1105 935 1164 971 34.
1196 937 1231 977 §.
1255 936 1335 971 104.
1357 939 1392 970 et
1410 946 1450 982 p.
1472 937 1529 973 79.
1551 938 1584 977 §-

140 989 196 1024 16.
222 987 282 1023 ed.
303 987 463 1034 Bode.),
485 994 682 1036 poetarum
706 989 842 1026 sabulis
864 989 1010 1036 deberi,
1042 991 1253 1036 altoresque
1274 990 1374 1027 Iovis
1397 992 1480 1028 illos
1499 1002 1586 1041 pro-

138 1048 268 1088 pterea
290 1045 414 1091 potius
436 1046 554 1082 luisse
578 1045 711 1092 dictos,
740 1045 840 1094 quod
866 1046 975 1093 primi
1007 1056 1131 1082 rerum
1160 1046 1372 1084 divinarum
1406 1048 1584 1087 rationem

139 1100 399 1138 intellexerint.
438 1121 495 1127 —
541 1104 611 1138 Pro
638 1103 759 1139 divina
791 1103 827 1138 in
858 1103 981 1139 multis
1014 1103 1195 1139 Lactantii
1228 1102 1342 1140 codd.
1376 1108 1433 1140 est
1463 1105 1584 1149 divini,

139 1157 456 1204 quemadmodum
477 1160 888 1196 etiamBuenemannus
912 1159 1048 1204 edidit;
1072 1159 1140 1196 sect
1162 1161 1389 1208 singularem
1409 1162 1585 1207 (divinum

138 1228 195 1246 Ξ
223 1224 285 1250 res
314 1214 476 1262 divinae)
506 1216 739 1253 consuetudo
763 1218 947 1252 bonorum
979 1217 1201 1263 scriptorum
1234 1228 1392 1264 prorsus
1427 1219 1582 1266 respuit.

141 1291 190 1296 —
213 1269 380 1308 Vetustas
395 1273 456 1309 hie
479 1273 665 1320 significat
687 1277 823 1309 veteres
841 1273 1014 1317 homines,
1037 1274 1223 1309 abstracto
1242 1274 1318 1311 vim
1340 1270 1501 1310 concreti
1521 1277 1584 1311 ob-

140 1328 279 1364 tinente
292 1339 303 1373 ;
324 1329 373 1365 cf.
395 1329 545 1374 Quintil.
565 1330 599 1374 I,
623 1335 665 1374 5,
690 1331 746 1368 72.
767 1330 851 1377 „Ne
870 1330 998 1366 balare
1021 1329 1172 1376 quidem
1194 1323 1256 1366 aut
1277 1330 1424 1368 hinnire
1445 1332 1585 1367 sortiter

139 1382 365 1430 diceremus,
386 1387 459 1422 nisi
480 1380 619 1422 iudicio
638 1388 824 1423 vetustatis
841 1386 1082 1423 niterentur.“
1101 1386 1346 1433 Frequentius
1363 1389 1586 1436 antiquitatis

139 1453 215 1478 vox
234 1442 286 1478 ita
306 1447 530 1491 usurpatum
561 1444 610 1479 ct.
633 1442 709 1480 Cic.
731 1442 842 1479 Tuse.
862 1444 889 1488 Ι,
914 1447 970 1491 12,
991 1446 1049 1482 26.
1109 1442 1313 1491 Antiquitas
1341 1456 1412 1492 quo
1424 1437 1585 1493 propius

138 1497 270 1534 aberat
285 1498 332 1534 ab
351 1503 433 1536 ortu
453 1504 489 1536 et
505 1500 626 1536 divina
640 1501 830 1547 progenie,
859 1500 928 1536 hoc
947 1502 1074 1537 melius
1093 1510 1136 1535 ea
1155 1499 1330 1547 fortasse,
1359 1511 1455 1548 quae
1478 1505 1586 1538 erant

139 1564 240 1602 vera,
264 1556 449 1592 cernebat.
498 1555 672 1593 Ceterum
694 1561 878 1592 structura
902 1559 1114 1601 verborum,
1137 1559 1188 1592 tot
1209 1558 1437 1596 accusativis
1455 1559 1582 1605 paullo

138 1611 364 1659 impeditior,
393 1613 486 1649 haec
508 1618 576 1658 est,
608 1618 644 1649 ut
665 1617 871 1649 vetustatem
889 1615 1096 1650 subiectum
1117 1613 1185 1656 sit,
1216 1613 1366 1651 Curetes
1383 1615 1582 1661 obiectum,

137 1669 192 1704 uti
210 1672 333 1705 cetera
354 1670 582 1717 comparatio
608 1670 758 1714 obiecti,
779 1670 913 1706 altores
933 1670 1066 1707 obiecti
1097 1670 1321 1708 attributum.

251 1741 312 1777 Fr.
334 1744 393 1780 65.
417 1740 533 1786 [Cori.
550 1752 588 1789 p.
609 1742 690 1779 979.
714 1741 812 1777 Gerl.
831 1740 892 1776 ed.
914 1740 1003 1776 mai.
1022 1740 1082 1784 111,
1103 1743 1163 1779 39.
1186 1741 1246 1777 ed.
1266 1743 1354 1778 min.
1376 1742 1438 1786 111,
1460 1744 1520 1780 66.
1542 1753 1580 1788 p.

138 1800 220 1843 219,
241 1802 300 1837 25.
329 1797 441 1834 Debr.
461 1798 523 1841 IV,
539 1795 613 1846 31.]
664 1798 789 1834 Verba
810 1797 977 1834 servavit
998 1796 1355 1835 Pseudo-Asconius
1372 1797 1426 1834 ad
1447 1797 1522 1834 Cic.
1544 1799 1578 1833 in

143 1855 251 1891 Verr.
272 1855 299 1900 I,
325 1858 384 1900 23,
407 1858 466 1893 60.
495 1866 533 1900 p.
559 1856 640 1892 176.
663 1853 724 1890 ed.
755 1854 881 1901 Orell.‚
912 1863 1032 1899 neque
1059 1853 1230 1890 Historiis
1259 1866 1383 1901 neque
1407 1852 1490 1899 libri
1515 1865 1579 1890 nu·

137 1923 241 1947 mero
264 1911 440 1947 laudatis.
500 1910 579 1947 Sed
602 1910 649 1946 de
671 1915 827 1957 utroque
848 1909 1097 1946 testimonium
1120 1914 1240 1947 exstat
1259 1911 1439 1948 Arusiani
1459 1923 1494 1948 v.
1517 1921 1578 1958 ye-

138 1969 253 2013 nitus,
284 1980 322 2015 p.
342 1971 422 2006 232.
447 1967 509 2004 ed.
532 1966 662 2011 Lind.‚
688 1968 750 2014 qui
773 1978 819 2003 ex
840 1967 933 2003 Hist.
953 1966 1012 2001 ΙΙΙ.
1034 1966 1143 2002 affert
1158 1967 1376 2014 perdendae
1395 1969 1580 2014 pecuniae

135 2026 290 2071 yenitus.
349 2024 401 2060 De
426 2024 578 2060 Antonii
610 2025 647 2059 in
671 2024 812 2060 infinito
839 2022 996 2070 imperio
1019 2023 1089 2059 sibi
1117 2025 1252 2060 collato
1281 2024 1439 2061 avaritia
1461 2028 1498 2060 et
1516 2035 1579 2060 ne—

140 2082 255 2127 quitia
276 2092 312 2118 v.
334 2084 484 2127 praeter
504 2081 709 2117 Asconium
727 2081 751 2118 l.
772 2081 812 2125 l.‚
836 2080 899 2127 qui
919 2090 1003 2115 eum
1027 2079 1116 2116 dicit
1135 2080 1445 2117 dessolatissimffl
1466 2091 1577 2116 cura-

139 2141 253 2173 torem
279 2139 384 2174 totius
412 2147 503 2174 orae
522 2138 746 2181 maritimae,
777 2136 851 2173 Cic.
884 2138 924 2172 in
944 2136 1054 2172 Verr.
1075 2136 1134 2181 111,
1155 2139 1212 2181 91,
1232 2140 1331 2176 213:
1371 2137 1578 2181 Antonium,

138 2205 249 2240 quum
270 2194 380 2229 multa
405 2198 533 2230 contra
551 2195 734 2230 sociorum
758 2194 923 2238 satutem,
955 2193 1066 2228 multa
1085 2197 1215 2229 contra
1233 2195 1418 2230 utilitatem
1428 2195 1579 2240 pmvin—

139 2251 284 2286 ciarum
304 2253 339 2285 et
355 2249 502 2296 faceret
527 2254 563 2286 et
580 2251 768 2296 coqitaret,
794 2251 834 2285 in
853 2249 980 2284 mediis
1002 2250 1145 2286 iniuriis
1169 2251 1247 2286 eius
1274 2254 1309 2286 et
1326 2250 1581 2297 cupiditatibus

138 2315 239 2343 mors
260 2307 453 2353 oppressit.
495 2305 551 2341 Id.
571 2306 733 2345 Divinat.
754 2306 792 2341 in
813 2306 856 2350 Q.
879 2305 989 2342 Caec.
1010 2317 1041 2341 c.
1064 2308 1120 2350 17,
1142 2310 1199 2344 55.
1227 2307 1282 2342 Ab
1298 2307 1462 2354 Ayonide
1479 2306 1578 2353 Lity-

140 2363 297 2403 baetana
315 2361 534 2409 praefectus
564 2363 711 2398 Antonii
733 2363 898 2408 ,quidam
921 2361 1201 2409 symphoniacos
1229 2373 1356 2399 servos
1382 2362 1582 2399 abducebat

132 2427 208 2465 per
236 2420 421 2463 iniuriam,
449 2418 577 2464 quibus
598 2429 638 2454 se
664 2421 703 2454 in
731 2419 849 2454 classe
869 2420 923 2455 uti
941 2419 1031 2454 velle
1058 2419 1210 2456 dicebat.
1239 2420 1287 2456 cs.
1318 2419 1429 2455 etiam
1451 2418 1499 2455 ad
1517 2419 1577 2454 Fr.

138 2476 197 2521 ΙΙΙ,
219 2479 277 2516 59.
299 2479 336 2512 et
355 2478 413 2514 66.

252 2533 312 2569 Fr.
334 2534 393 2571 66.
426 2529 543 2576 [Cort.
569 2542 606 2576 p.
625 2533 708 2569 999.
738 2530 835 2567 Gerl.
857 2531 918 2567 ed.
941 2531 1027 2569 mai.
1049 2531 1124 2567 Ine.
1148 2535 1203 2570 16.
1226 2531 1287 2568 ed.
1310 2533 1398 2568 min.
1421 2531 1499 2567 Inc.
1520 2533 1577 2568 12.

141 2600 178 2635 p.
198 2591 280 2634 237,
301 2592 335 2627 9.
359 2587 470 2623 Debr.
494 2587 536 2632 II,
554 2587 631 2631 92.]
691 2586 799 2623 Serv.
821 2588 868 2622 ad
891 2588 998 2634 Virg.
1021 2588 1117 2623 Aen.
1137 2588 1201 2632 IV,
1222 2590 1302 2626 271.
1359 2587 1399 2622 In
1433 2597 1578 2623 summa

140 2646 320 2682 brevitate
342 2649 377 2680 et
398 2643 668 2680 enunciationis
696 2643 896 2689 primariae
925 2643 1074 2679 defectu
1110 2643 1262 2681 difficile
1288 2647 1347 2679 est
1372 2653 1501 2678 verum
1532 2654 1578 2678 ex

140 2700 200 2738 his
229 2712 374 2737 eruere.
435 2699 510 2736 Sed
534 2710 647 2746 quum
668 2699 823 2736 Servius
847 2701 868 2735 t.
890 2701 911 2735 l.
933 2700 1181 2746 virgilianum
1208 2700 1297 2736 teri-s·
1313 2700 1386 2735 otia
1419 2699 1579 2745 explicet

141 2768 234 2804 „per
257 2756 523 2803 negligentiam
541 2760 708 2803 tempora
730 2756 960 2801 eonsumis“,
981 2755 1168 2803 adstatque
1193 2758 1256 2800 „et
1278 2758 1335 2791 est
1353 2754 1508 2791 verbum
1529 2754 1579 2791 ad
