1774 3002
484 165 812 207 msromAmm
840 166 1151 204 FRAGMENTA.
1209 167 1297 204 Lm.
1324 165 1386 203 1v.
1566 158 1653 206 353

347 296 417 338 62.
475 291 664 339 Crassus
695 292 944 338 obtrectans
978 291 1127 351 potius
1152 290 1366 352 collegae,
1393 305 1523 352 quam
1550 290 1651 337 boni

209 378 285 419 aut
310 374 410 420 mali
445 376 605 435 publici
640 374 794 437 gravis
825 377 990 420 auctor.

342 461 412 504 63.
469 457 803 519 Suspectusque
824 457 927 514 fuit,
958 457 1170 502 incertum
1203 468 1333 510 vero,
1365 470 1421 501 an
1455 470 1536 516 per
1565 470 1649 502 ne-

207 541 501 602 glegentiam,
539 542 793 588 societatem
823 541 1085 601 praedarum
1122 554 1220 585 cum
1255 538 1497 584 latronibus
1522 553 1650 584 com-

206 638 426 683 posuisse.

314 783 375 819 Fr.
393 786 454 822 61.
499 781 626 832 [Deest
654 784 755 830 apud
784 783 898 827 Cort.,
929 783 1029 819 Gerl.
1055 782 1117 818 ed.
1145 783 1233 820 mai.
1256 786 1293 818 et
1319 781 1430 818 Debr.
1457 801 1515 807 —-
1544 782 1644 819 Gerl.

206 838 268 875 ed.
285 840 374 876 min.
398 840 462 884 IV,
484 841 541 878 74.
561 851 596 887 p.
616 842 697 885 230,
719 839 793 889 10.]
840 839 918 875 Hoc
939 850 1086 886 quoque
1106 839 1254 886 Fragm.
1272 838 1427 875 debetur
1446 838 1532 874 cod.
1549 839 1645 878 Gud.

206 895 385 932 Arusiani
407 907 444 932 v.
468 898 663 942 paciscor,
691 908 730 944 p.
762 900 843 934 251.
870 895 931 931 ed.
963 895 1130 931 Lindem.
1171 895 1285 931 Gaius
1313 895 1399 931 Piso
1433 896 1592 932 sortasse
1612 896 1645 932 is

205 955 274 998 est,
294 953 357 999 qui
377 963 413 989 a.
431 954 491 991 67.
512 963 548 990 a.
571 952 656 990 Chr.
674 964 709 989 n.
727 953 856 989 consul
878 953 965 997 ruit;
986 953 1070 999 quis
1088 962 1179 988 vero
1202 953 1248 988 ab
1274 962 1319 987 eo
1340 952 1527 999 pepigerit
1553 956 1644 989 sest.

205 1008 343 1054 tricies,
364 1009 444 1045 erui
466 1011 604 1056 nequit.

313 1065 375 1100 Fr.
391 1067 452 1103 62.
486 1063 615 1114 [Deest
632 1064 735 1112 apud
754 1063 866 1110 Cort.‚
886 1065 986 1101 Gerl.
1006 1065 1067 1101 ed.
1088 1065 1177 1100 mai.
1199 1068 1236 1100 et
1256 1064 1366 1101 Debr.
1386 1084 1443 1090 -
1461 1064 1560 1101 Gerl.
1581 1064 1644 1102 ed.

204 1121 291 1157 min.
310 1121 375 1166 IV,
402 1123 462 1161 73.
489 1133 526 1169 p.
547 1125 630 1166 230,
649 1123 704 1166 8.]
753 1121 878 1159 Verba
899 1121 1026 1158 itidem
1049 1121 1217 1158 servavit
1238 1120 1324 1157 cod.
1345 1120 1441 1157 Gud.
1463 1121 1643 1159 Arusiani

203 1188 241 1213 v.
270 1177 493 1223 obtrectans,
523 1189 561 1225 p.
582 1181 663 1216 250.
684 1177 855 1214 Lindem.
893 1179 947 1214 De
968 1179 1215 1215 simultatibus
1238 1178 1300 1225 agi
1320 1178 1358 1214 in
1376 1182 1551 1225 promptu
1570 1183 1642 1224 est,

202 1244 298 1280 quae
330 1233 466 1271 Crasso
498 1246 581 1270 cum
611 1235 788 1281 Pompeio
817 1235 854 1270 in
878 1236 1076 1271 consulatu
1104 1234 1405 1279 intercedebant,
1438 1235 1486 1270 de
1506 1245 1581 1282 qua
1600 1247 1640 1272 re

201 1290 249 1325 cs.
270 1290 420 1326 Plutia
442 1289 568 1327 Crass.
590 1302 624 1326 c.
646 1294 703 1328 12.
745 1283 807 1328 013
824 1282 906 1340 μὴν
924 1288 1081 1353 ἔμειναν
1101 1292 1172 1334 (sc.
1192 1290 1350 1327 Crassus
1370 1295 1408 1326 et
1422 1292 1642 1338 Pompeius)

202 1341 266 1381 ἐπὶ
294 1357 436 1394 ταντης
465 1346 535 1395 τῆς
551 1339 861 1412 φιλοφροσύνης
890 1344 944 1391 εἰς
981 1339 1055 1396 τὴν
1086 1337 1213 1395 ἀρχὴν
1246 1339 1526 1395 καταστάντες,
1554 1339 1640 1384 ἄλλ’

201 1392 339 1464 ‹iuyov
366 1399 452 1438 δεῖν
458 1398 564 1469 περὶ
590 1395 751 1439 πάντων
778 1396 1053 1467 διαφερόμενοι
1080 1415 1149 1439 ιιαι
1166 1397 1300 1440 πάντα
1319 1400 1641 1449 δυσκολαίνοντες

201 1448 385 1522 ἀλλήλοις
403 1453 471 1495 και
490 1458 803 1522 φιλονεικοῦντες
821 1451 1075 1496 ἆπολίέευτον
1093 1471 1160 1496 και
1187 1451 1391 1509 ἀπρακτον
1410 1452 1546 1505 αὑτοῖς
1566 1453 1641 1510 τὴν

199 1506 388 1551 ὑπατείαν
404 1509 605 1563 ἐποίησαν.
645 1515 700 1551 ld.
722 1515 760 1550 in
779 1516 908 1580 Pomp.
930 1527 962 1554 c.
976 1520 1034 1554 22.
1070 1508 1426 1579 Ἀποδειχθέντες
1400 1527 1543 1554 υπατοι
1562 1519 1637 1563 (sc.

202 1569 360 1607 Crassus
376 1575 413 1607 et
424 1571 572 1618 Pomp.)
593 1567 816 1622 διεφέροντο
830 1583 974 1636 mvsa,
988 1584 1055 1608 και
1073 1568 1339 1621 προςὲκρουον
1352 1563 1547 1635 ἀλλήλοις·
1570 1569 1638 1610 καὶ

201 1621 245 1663 ἐν
268 1637 342 1674 μεν
360 1626 409 1678 τῇ
434 1625 559 1690 βουλῇ
577 1625 766 1692 μᾶλλον”
744 1636 876 1677 ισχυεν
893 1620 915 1665 ὁ
937 1623 1128 1679 Κράσσος,
1148 1624 1191 1665 ἐν
1209 1624 1254 1665 δὲ
1271 1628 1327 1680 τῷ
1346 1621 1459 1682 δὴμφ
1475 1626 1576 1680 μέγα
1592 1622 1636 1667 τὸ

200 1681 414 1731 Iloua-'flou
431 1676 573 1733 κράτος
591 1672 656 1732 ἦν.

311 1739 373 1775 Fr.
391 1742 452 1778 63.
492 1740 608 1785 [Cort.
639 1752 678 1787 p.
705 1743 788 1779 990.
830 1741 928 1777 Gerl.
957 1740 1019 1777 ed.
1047 1741 1136 1777 mai.
1155 1741 1217 1784 IV,
1243 1744 1302 1780 18
1316 1741 1380 1777 ed.
1403 1744 1494 1778 min.
1513 1743 1576 1788 IV,
1596 1746 1634 1783 7.

199 1807 239 1843 p.
262 1799 341 1841 225,
372 1798 434 1834 13.
449 1796 562 1832 Debr.
581 1797 644 1841 IV,
667 1795 743 1845 33.]
785 1798 899 1844 Apud
926 1798 1086 1833 Nonium
1117 1797 1181 1841 IV,
1202 1799 1262 1835 62.
1284 1809 1322 1844 p.
1341 1801 1423 1843 260,
1445 1802 1507 1837 31.
1536 1799 1633 1835 haec

202 1853 252 1888 ita
279 1855 447 1896 exstant,
476 1857 515 1887 ut
547 1864 615 1899 pro
647 1864 706 1888 an
729 1863 804 1899 per
830 1865 868 1890 n.
901 1855 1047 1900 legatur
1066 1863 1120 1889 ac
1135 1863 1211 1900 per
1228 1865 1279 1898 n.‚
1301 1865 1370 1900 pro
1390 1857 1634 1901 composuisse

202 1912 326 1943 autem
349 1910 606 1954 composuisset
625 1909 802 1954 scriptum
824 1910 891 1954 sit,
918 1920 1014 1955 quae
1041 1909 1131 1945 vitia
1152 1909 1315 1945 editores
1346 1910 1487 1946 dudum
1511 1916 1634 1948 sustu-

201 1964 333 1999 lerunt.
385 1963 422 1998 A
448 1963 649 2000 Debrossio
678 1965 716 1999 in
743 1975 908 2000 errorem
937 1964 1109 2001 inductus
1138 1965 1375 2005 Drumannus
1401 1967 1495 2003 Hist.
1522 1967 1632 2005 Rom.

202 2019 288 2055 Vol.
308 2018 334 2055 1.
355 2029 390 2065 p.
411 2021 471 2057 63.
511 2019 775 2066 Fragmentum
807 2020 854 2055 de
880 2021 931 2056 M.
959 2021 1122 2056 Antonio
1146 2022 1318 2069 intelligit
1345 2024 1481 2063 bellum
1502 2029 1632 2061 contra

200 2075 341 2122 piratas
360 2079 397 2110 et
414 2073 611 2112 Cretenses
634 2075 926 2121 administrante,
951 2078 1013 2113 cui
1037 2078 1275 2124 explicationi
1294 2078 1366 2114 hoc
1386 2080 1547 2116 maxime
1566 2082 1631 2118 ob-

202 2135 273 2178 est,
293 2130 394 2177 quod
410 2130 510 2167 San.
522 2131 569 2167 de
588 2132 651 2168 illo
670 2133 767 2168 bello
792 2135 895 2170 tertio
915 2133 1008 2169 libro
1028 2135 1201 2180 absolvit,
1220 2135 1268 2170 ct'.
1289 2135 1350 2173 Fr.
1369 2135 1430 2180 111,
1449 2139 1629 2176 59—66.

202 2186 419 2223 Gerlachius
442 2187 480 2222 ln
509 2188 570 2224 ed.
594 2189 698 2233 min.‚
725 2193 900 2235 quantum
926 2189 1078 2236 quidem
1106 2201 1156 2226 ex
1181 2191 1496 2239 locoTragmemi
1526 2195 1630 2230 colli-

201 2244 317 2290 gitur,
338 2244 455 2279 verba
479 2244 527 2280 ad
548 2243 767 2292 Spartacum
787 2246 919 2290 refert,
942 2251 1174 2294 repugnante
1193 2257 1269 2283 non
1288 2248 1410 2284 solum
1429 2251 1628 2287 verborum

201 2309 328 2343 sensu,
348 2298 568 2345 (Spartacus
587 2301 685 2337 enim
705 2301 767 2348 qui
788 2311 862 2349 per
880 2303 1137 2350 neqleqenfiam
1156 2308 1347 2351 suspectus
1363 2314 1443 2341 esse
1464 2307 1585 2353 potuit
1593 2305 1629 2350 ἲ)

200 2355 270 2391 sed
288 2355 400 2391 etiam
419 2355 494 2391 fide
512 2356 710 2402 historiae,
729 2358 913 2404 siquidem
930 2359 991 2395 ille
1006 2370 1083 2395 non
1097 2359 1147 2396 ad
1158 2360 1382 2408 praedarum
1399 2363 1627 2407 societatem,

202 2410 272 2447 sed
308 2410 358 2447 ad
391 2412 583 2449 traiectum
611 2413 648 2448 in
675 2413 841 2451 Siciliam
869 2415 1139 2462 perficiendum
1167 2417 1326 2453 consilia
1356 2428 1440 2453 cum
1465 2419 1627 2466 praedo-

198 2468 309 2504 nibus
329 2468 492 2513 contulit,
518 2479 558 2504 v.
581 2480 696 2516 supra
714 2470 775 2506 Fr.
799 2473 974 2510 29—31.
1029 2472 1120 2508 Mihi
1148 2472 1301 2509 dubium
1329 2483 1404 2509 non
1430 2479 1506 2520 est,
1537 2475 1626 2522 quin

199 2523 293 2560 haec
314 2523 361 2559 de
382 2522 423 2559 C.
443 2524 562 2560 Verre
578 2525 819 2572 intelligenda
841 2527 927 2574 sint,
947 2539 970 2564 a
989 2527 1167 2564 Cicerone
1187 2533 1382 2573 accusato,
1412 2541 1524 2576 quam
1545 2541 1624 2567 rem

199 2580 237 2615 in
255 2583 355 2616 tanta
373 2580 472 2615 illius
494 2583 882 2619 caussaecelebritate
910 2595 984 2620 non
1003 2583 1181 2622 credibile
1200 2589 1259 2621 cst
1279 2596 1302 2621 a
1321 2584 1498 2622 Sallustio
1517 2597 1626 2634 prae·

198 2637 410 2673 tei-missam
430 2636 567 2683 fuisse,
587 2647 699 2684 quum
719 2638 817 2675 illius
837 2640 924 2677 anni
946 2638 1009 2676 res
1030 2642 1193 2677 urbanas
1209 2646 1426 2687 exponeret.
1466 2643 1624 2678 Videtur

200 2691 323 2728 autem
351 2696 478 2729 auctor
506 2692 651 2737 omnia,
680 2704 775 2740 quae
795 2695 906 2732 Verri
924 2707 972 2732 ex
990 2701 1166 2743 praetura
1184 2695 1371 2734 Siciliensi
1390 2698 1534 2734 crimini
1558 2697 1623 2734 da-

198 2751 340 2794 rentur,
370 2749 406 2784 in
426 2759 538 2785 unum
558 2750 836 2797 composuisse,
869 2753 906 2788 in
924 2753 1044 2799 iisque
1065 2753 1176 2789 etiam
1193 2752 1279 2798 hoc,
1299 2754 1401 2800 quod
1423 2757 1622 2802 suspectus

312 2830 478 2856 smusri
506 2830 642 2855 sucu.
1303 2819 1358 2861 23
