1774 3002
129 177 213 219 294
604 185 652 222 C.
685 185 917 224 SALLUSTI
948 185 1097 224 CRISPI

764 366 852 398 UAP.
881 366 952 399 VII.

224 431 427 474 Fragmenta
454 444 592 476 prorsus
624 435 767 467 obscura
793 442 849 467 ant
880 437 1095 479 paucissimis
1129 436 1241 468 verbis
1280 437 1479 480 composita.
1524 436 1577 470 Fr.

130 491 300 526 86—99.

269 647 337 689 86.
395 645 522 699 Quod
562 645 631 690 ubi
670 647 835 693 frustra
869 650 1082 694 tentatum
1117 650 1207 704 est,
1246 648 1477 694 socordius
1515 649 1578 695 ire

131 806 213 848 216,
234 805 270 841 4.
294 803 405 840 Debr.
426 805 468 848 11,
492 806 548 843 74.
576 807 639 851 IV,
661 809 737 853 9o.]
795 808 1079 856 Fragmentum,
1117 810 1162 844 ab
1185 808 1299 844 Arus.
1328 819 1364 844 v.
1398 811 1521 857 qratia
1545 822 1580 858 p.

130 863 213 901 232.
233 860 295 898 ed.
316 861 425 898 Lind.
451 867 653 908 servatum,
675 875 785 911 quam
804 866 1021 902 sententiam
1041 866 1188 910 habeat,
1208 875 1364 912 prorsus
1379 867 1580 903 obscurum

133 921 200 962 est,
219 917 291 953 nisi
313 917 415 965 quod
439 917 599 956 dubitari
620 922 758 967 nequit,
780 922 869 969 quin
892 922 940 958 ad
959 923 1082 958 locum
1100 922 1332 969 pertinuerit,
1353 934 1427 970 quo
1452 927 1581 959 auctor

133 973 180 1011 de
205 973 507 1013 dissensionibus
539 977 748 1024 studiisque
777 979 950 1016 civilibus
981 984 1198 1025 exponeret.
1259 978 1425 1016 Gratiam
1451 979 1582 1027 facere

131 1030 286 1071 alienans
301 1032 360 1068 rei
386 1032 574 1080 significat
591 1035 733 1070 veniam
755 1035 848 1071 clare
869 1035 951 1072 sive
971 1038 1159 1082 ignoscere
1171 1051 1182 1076 ;
1202 1036 1250 1071 ef.
1275 1034 1379 1072 Catil.
1401 1048 1434 1072 e.
1453 1036 1581 1081 L11,=s.

133 1085 206 1133 Qui
221 1087 311 1125 mvii
327 1088 463 1125 nullius
491 1101 654 1138 unquam
682 1091 803 1127 delicti
827 1094 1032 1139 qratiam
1058 1092 1300 1139 fecissem.
1330 1092 1411 1140 lug.
1434 1091 1526 1137 CIV,
1547 1098 1582 1131 5.

134 1143 294 1182 Senatus
317 1144 468 1182 Boccho
491 1146 613 1183 delicti
632 1150 844 1195 qratiam
861 1149 997 1196 facit.
1051 1147 1222 1185 Ceterum
1244 1149 1442 1196 respicitur
1461 1149 1510 1185 ad
1531 1150 1584 1186 le·

132 1212 218 1249 gem
240 1202 421 1238 Plautiam
443 1203 526 1239 sive
538 1204 693 1240 Plotiam
710 1205 755 1241 de
776 1205 1193 1253 redituLepiclanorum‚
1217 1205 1263 1240 de
1284 1217 1359 1252 qua
1375 1204 1583 1243 v-Sueton.

133 1258 197 1296 vit.
221 1257 332 1295 Caes.
355 1271 387 1295 e.
406 1264 443 1298 5.
489 1260 532 1297 L.
551 1260 708 1306 Cinnae,
730 1263 862 1298 uxoris
879 1262 1010 1309 fratri,
1039 1266 1074 1298 et
1092 1263 1156 1309 qui
1173 1272 1255 1298 cum
1272 1272 1314 1298 eo
1331 1262 1429 1298 civili
1446 1262 1584 1299 diocor-

133 1314 195 1352 dia
211 1314 392 1362 Lepidum
412 1318 529 1353 secuti
538 1322 627 1364 post
638 1328 763 1354 necem
783 1319 944 1355 consulis
957 1320 1008 1356 ad
1025 1318 1229 1355 Sertorium
1245 1317 1502 1366 eonfnqerani,
1523 1329 1581 1355 re-

133 1371 244 1410 ditum
269 1373 307 1408 in
334 1373 510 1409 eivt'latem
548 1377 804 1422 royacione
842 1376 1002 1412 Plotia
1034 1375 1209 1423 confecit,
1247 1375 1505 1423 habuitque
1543 1380 1587 1412 et

133 1429 238 1479 ipse
257 1438 404 1477 super
423 1439 476 1466 ea
496 1432 766 1469 contionem.
810 1432 903 1469 Geli.
927 1433 1097 1469 NN.AA.
1117 1432 1212 1477 XIII,
1234 1435 1268 1471 3.
1307 1431 1452 1479 Reperi
1466 1435 1586 1470 tamen

134 1486 354 1525 inor-atione
374 1485 411 1523 0.
435 1486 619 1532 Caesaris,
641 1499 730 1535 qua
752 1490 990 1525 Plautiam
1014 1490 1314 1537 roqationem
1332 1490 1503 1533 suasit,
1524 1499 1586 1526 ne·

134 1543 336 1582 casitatem
357 1542 490 1580 dictam
503 1556 581 1591 pro
600 1546 876 1591 necessitudine,
896 1547 934 1582 id
952 1550 1006 1582 est
1026 1548 1108 1582 iure
1125 1545 1330 1593 affinitatis.
1356 1546 1406 1582 ef.
1427 1545 1527 1583 Non.
1547 1558 1584 1594 p.

134 1600 216 1644 354,
235 1602 273 1639 8.
295 1599 358 1636 ed.
379 1599 536 1637 Mereer.
595 1601 649 1636 De
673 1602 755 1638 eius
777 1603 873 1638 latae
893 1607 1060 1649 tempore
1085 1603 1258 1639 notabilis
1281 1606 1338 1639 est
1362 1613 1466 1638 error
1494 1602 1587 1640 Dru-

135 1656 259 1693 manni
281 1656 374 1693 Hist.
398 1656 506 1693 Rom.
532 1658 616 1695 Vol.
642 1658 699 1693 111.
721 1670 763 1704 p.-
782 1662 858 1697 139.
870 1664 947 1695 not.
969 1663 1041 1703 29„
1063 1659 1125 1705 qui
1151 1663 1263 1695 totam
1285 1670 1362 1695 rem
1382 1658 1431 1695 ad
1448 1669 1585 1696 annum

134 1714 192 1752 70.
217 1723 252 1749 a.
276 1711 363 1750 Chr.
383 1723 420 1748 n.
440 1714 565 1758 refert,
594 1725 666 1760 quo
694 1725 791 1750 anno
814 1714 1003 1751 Sertorius
1026 1717 1097 1751 iam
1118 1716 1309 1751 biennium
1329 1726 1479 1760 caesuS‚
1505 1717 1586 1752 eius

133 1770 271 1807 benum
297 1771 558 1818 compositum,
580 1770 780 1818 Pompeius
804 1773 933 1807 consul
962 1772 1079 1807 sactus
1103 1772 1181 1807 suit.
1235 1770 1312 1808 Sed
1333 1775 1372 1807 ut
1391 1777 1587 1808 consenta-

134 1837 244 1864 neum
275 1830 333 1868 est
359 1826 462 1863 finito
492 1826 623 1874 Lepidi
654 1828 772 1874 bello,
803 1839 925 1875 neque
948 1833 1091 1875 septem
1115 1828 1223 1863 annis
1253 1831 1352 1874 post,
1383 1829 1586 1874 nonnullis,

135 1882 196 1930 qui
219 1884 301 1920 eius
340 1894 514 1920 caussam
546 1885 662 1920 sec-uti
685 1890 807 1931 erant,
838 1885 1022 1921 redeundi
1055 1885 1204 1922 veniam
1233 1895 1318 1920 esse
1351 1884 1498 1930 datam,
1534 1886 1586 1922 ita

135 1943 264 1987 aperte
283 1944 385 1987 patet
415 1951 464 1976 ex
489 1939 657 1977 Suetonii
681 1943 704 1977 1.
727 1943 749 1978 l.
786 1953 821 1978 a.
837 1944 895 1981 77.
919 1940 1121 1978 Caesarem
1154 1941 1325 1978 suasisse
1351 1942 1586 1988 rogationem

134 1997 329 2042 Plautiam,
352 2008 464 2044 quum
486 2008 533 2033 ex
554 1999 858 2045 peregrinatione
880 1999 1047 2036 Asiatica
1067 2009 1247 2034 reversus
1277 1999 1498 2034 tribunatum
1520 1999 1587 2035 mi-

135 2054 238 2090 litum
260 2052 420 2100 adeptus
442 2059 558 2091 esset.
583 2055 686 2100 Quae
708 2055 928 2092 Gerlaehius
951 2056 1038 2092 Vol.
1056 2055 1119 2091 111.
1142 2067 1180 2102 p.
1199 2057 1255 2093 14.
1275 2054 1321 2091 de
1343 2056 1426 2102 lege
1446 2055 1590 2092 Plautia

136 2122 159 2146 ιι
181 2110 310 2147 Catulo
330 2112 486 2158 repetita
507 2109 600 2156 (?!)
625 2112 820 2156 fabulatur,
854 2123 981 2148 merae
1004 2122 1127 2159 nugae
1159 2116 1266 2157 sunt,
1296 2117 1334 2147 et
1363 2122 1439 2148 non
1465 2113 1587 2159 magis

136 2166 255 2214 turpis
277 2166 461 2214 inscitiae,
483 2179 593 2215 quam
628 2169 768 2215 ingenii
793 2169 842 2205 ad
863 2168 1107 2204 iudicandum
1129 2168 1305 2204 inhabilis
1336 2168 1503 2215 insignia
1522 2168 1589 2204 do·

136 2227 323 2260 eumenia.
574 2251 581 2255 .

249 2279 310 2316 Fr.
325 2281 383 2317 86.
409 2279 525 2325 [Cor-t.
537 2292 573 2327 p.
584 2283 668 2319 979.
690 2282 788 2318 Gerl.
800 2281 860 2317 ed.
884 2282 970 2317 mai.
982 2281 1041 2325 111,
1055 2284 1115 2319 35.
1133 2281 1193 2317 ed.
1210 2282 1300 2317 mIn.
1317 2280 1378 2326 111,
1390 2283 1588 2328 99,p.224,

66 2365 69 2368 Α
138 2339 193 2377 14.
225 2335 338 2373 Debr.
360 2336 422 2381 IV,
443 2338 491 2382 6.]
553 2338 666 2383 Apud
687 2338 861 2387 Nonium,
895 2339 956 2385 qui
985 2339 1101 2375 verba
1120 2338 1186 2384 IV,
1214 2340 1252 2375 3.
1280 2349 1317 2384 p.
1341 2340 1426 2382 235,
1448 2341 1503 2376 14.
1526 2338 1587 2374 ed.

136 2394 252 2431 Merc.
272 2391 396 2438 affert,
424 2403 493 2440 pro
515 2394 706 2430 socordius
735 2396 789 2431 ire
822 2396 948 2431 milites
970 2404 1170 2441 occoepere
1193 2395 1229 2430 in
1251 2393 1365 2431 codd.
1387 2398 1445 2430 est
1461 2404 1584 2430 socer-

135 2450 218 2489 dim
242 2451 300 2486 ire
330 2450 434 2487 mices
465 2449 662 2497 obeepere,
693 2450 795 2497 quod
827 2451 989 2487 correxit
1015 2451 1220 2487 Mei-cerus.
1277 2451 1476 2486 Praeterea
1498 2450 1586 2489 edd.

137 2507 248 2544 Nonii
268 2517 337 2554 pro
363 2516 564 2553 occoepere
583 2507 723 2543 habent
742 2508 932 2556 obrepere,
953 2509 1064 2554 plane
1092 2508 1185 2543 rutili
1209 2507 1413 2552 sententia;
1447 2507 1483 2543 in
1507 2505 1587 2543 Sal·

136 2564 240 2601 Iustii
258 2568 382 2600 autem
400 2562 487 2599 edd.
514 2569 600 2600 ante
622 2565 768 2600 laxiore
794 2565 972 2600 insertum
997 2565 1129 2611 legitur
1149 2569 1203 2608 et,
1240 2563 1342 2611 quod
1363 2573 1587 2610 quamquam

139 2619 243 2658 haud
262 2620 540 2657 incommodum
561 2625 630 2666 est,
647 2625 782 2666 tamen,
804 2632 916 2668 quum
935 2621 982 2657 de
1001 2621 1145 2668 integra
1164 2620 1320 2668 periodo
1341 2630 1416 2655 non
1431 2622 1586 2665 constet,

139 2678 241 2715 nullo
264 2682 375 2725 pacto
396 2682 521 2724 potest
540 2678 736 2724 praestari.
797 2677 895 2722 Quid
916 2689 936 2714 a
953 2677 1129 2715 Sallustio
1153 2681 1322 2713 narretur
1342 2677 1480 2712 frustra
1508 2679 1588 2711 ten-

141 2739 258 2771 tatum
277 2745 378 2779 esse,
400 2738 462 2770 aut
492 2745 514 2770 a
542 2734 690 2782 quibus,
710 2745 834 2781 quove
861 2735 943 2770 loco
974 2740 1083 2781 atque
1106 2739 1284 2780 tempore,
1315 2732 1395 2769 erui
1424 2742 1497 2768 non
1517 2743 1585 2778 po-

139 2796 224 2842 test,
245 2791 318 2829 nisi
338 2791 411 2832 hoe
433 2792 519 2829 licet
541 2791 740 2836 conficere,
762 2791 808 2827 de
831 2791 1011 2828 seditioso
1028 2791 1152 2837 aliquo
1177 2790 1238 2837 agi
1260 2789 1437 2835 exercitu,
1458 2789 1494 2825 in
1515 2799 1588 2836 quo
