<?xml version="1.0" encoding="UTF-8"?>
<!DOCTYPE html PUBLIC "-//W3C//DTD XHTML 1.0 Transitional//EN"
    "http://www.w3.org/TR/xhtml1/DTD/xhtml1-transitional.dtd">
<html xmlns="http://www.w3.org/1999/xhtml" xml:lang="en" lang="en">
 <head>
  <title>
</title>
<meta http-equiv="Content-Type" content="text/html;charset=utf-8" />
  <meta name='ocr-system' content='tesseract 3.04.00' />
  <meta name='ocr-capabilities' content='ocr_page ocr_carea ocr_par ocr_line ocrx_word'/>
</head>
<body>
  <div class='ocr_page' id='page_1' title='image "./operaquaesupersu03salluoft_0110.png"; bbox 0 0 1774 3002; ppageno 0'>
   <div class='ocr_carea' id='block_1_1' title="bbox 118 162 1089 218">
    <p class='ocr_par' dir='ltr' id='par_1_1' title="bbox 118 162 1089 218">
     <span class='ocr_line' id='line_1_1' title="bbox 118 162 1089 218; baseline 0.002 -2"><span class='ocrx_word' id='word_1_1' title='bbox 118 174 176 216; x_wconf 84' lang='lat'><strong>60</strong></span> <span class='ocrx_word' id='word_1_2' title='bbox 520 162 522 164; x_wconf 73' lang='grc'>’</span> <span class='ocrx_word' id='word_1_3' title='bbox 609 179 648 217; x_wconf 86' lang='lat' dir='ltr'><strong>c.</strong></span> <span class='ocrx_word' id='word_1_4' title='bbox 676 178 909 217; x_wconf 82' lang='lat' dir='ltr'>SALLUSTI</span> <span class='ocrx_word' id='word_1_5' title='bbox 939 178 1089 218; x_wconf 74' lang='lat' dir='ltr'><strong>cmsm</strong></span> 
     </span>
    </p>
   </div>
   <div class='ocr_carea' id='block_1_2' title="bbox 121 303 1633 704">
    <p class='ocr_par' dir='ltr' id='par_1_2' title="bbox 121 303 1633 704">
     <span class='ocr_line' id='line_1_2' title="bbox 121 303 1573 367; baseline 0 -15"><span class='ocrx_word' id='word_1_6' title='bbox 121 305 322 367; x_wconf 86' lang='lat' dir='ltr'><strong>publicae</strong></span> <span class='ocrx_word' id='word_1_7' title='bbox 357 307 490 367; x_wconf 87' lang='lat' dir='ltr'><strong>atque</strong></span> <span class='ocrx_word' id='word_1_8' title='bbox 504 303 651 357; x_wconf 11' lang='lat' dir='ltr'><strong>,exitia</strong></span> <span class='ocrx_word' id='word_1_9' title='bbox 684 306 889 366; x_wconf 90' lang='lat' dir='ltr'><strong>probate,</strong></span> <span class='ocrx_word' id='word_1_10' title='bbox 923 306 1100 353; x_wconf 81' lang='lat' dir='ltr'>annuite</span> <span class='ocrx_word' id='word_1_11' title='bbox 1134 305 1309 367; x_wconf 87' lang='lat' dir='ltr'><strong>legibus</strong></span> <span class='ocrx_word' id='word_1_12' title='bbox 1343 305 1573 366; x_wconf 85' lang='lat' dir='ltr'><strong>impositis,</strong></span> 
     </span>
     <span class='ocr_line' id='line_1_3' title="bbox 123 389 1576 451; baseline 0 -15"><span class='ocrx_word' id='word_1_13' title='bbox 123 389 306 450; x_wconf 89' lang='lat' dir='ltr'><strong>accipite</strong></span> <span class='ocrx_word' id='word_1_14' title='bbox 334 389 472 435; x_wconf 91' lang='lat' dir='ltr'><strong>otium</strong></span> <span class='ocrx_word' id='word_1_15' title='bbox 499 405 599 436; x_wconf 89' lang='lat' dir='ltr'><strong>cum</strong></span> <span class='ocrx_word' id='word_1_16' title='bbox 623 389 827 447; x_wconf 87' lang='lat' dir='ltr'><strong>servitio,</strong></span> <span class='ocrx_word' id='word_1_17' title='bbox 857 393 901 438; x_wconf 91' lang='lat' dir='ltr'><strong>et</strong></span> <span class='ocrx_word' id='word_1_18' title='bbox 927 391 1083 438; x_wconf 80' lang='lat' dir='ltr'><strong>tradite</strong></span> <span class='ocrx_word' id='word_1_19' title='bbox 1108 391 1359 451; x_wconf 86' lang='lat' dir='ltr'><strong>exemplum</strong></span> <span class='ocrx_word' id='word_1_20' title='bbox 1383 390 1576 451; x_wconf 84' lang='lat' dir='ltr'><strong>posteris</strong></span> 
     </span>
     <span class='ocr_line' id='line_1_4' title="bbox 125 474 1574 538; baseline -0.001 -17"><span class='ocrx_word' id='word_1_21' title='bbox 125 476 181 521; x_wconf 90' lang='lat' dir='ltr'><strong>ad</strong></span> <span class='ocrx_word' id='word_1_22' title='bbox 205 474 420 535; x_wconf 83' lang='lat' dir='ltr'><strong>populum</strong></span> <span class='ocrx_word' id='word_1_23' title='bbox 443 474 691 521; x_wconf 87' lang='lat' dir='ltr'><strong>Romanum</strong></span> <span class='ocrx_word' id='word_1_24' title='bbox 712 475 883 522; x_wconf 87' lang='lat' dir='ltr'><strong>suimet.</strong></span> <span class='ocrx_word' id='word_1_25' title='bbox 900 475 1132 538; x_wconf 83' lang='lat' dir='ltr'><strong>sanguinis</strong></span> <span class='ocrx_word' id='word_1_26' title='bbox 1158 476 1360 521; x_wconf 84' lang='lat' dir='ltr'><strong>mercede</strong></span> <span class='ocrx_word' id='word_1_27' title='bbox 1382 474 1574 521; x_wconf 87' lang='lat' dir='ltr'><strong>circum-</strong></span> 
     </span>
     <span class='ocr_line' id='line_1_5' title="bbox 122 558 1633 621; baseline -0.003 -15"><span class='ocrx_word' id='word_1_28' title='bbox 122 558 406 606; x_wconf 86' lang='lat' dir='ltr'><strong>veniundum.</strong></span> <span class='ocrx_word' id='word_1_29' title='bbox 449 558 581 620; x_wconf 82' lang='lat' dir='ltr'><strong>Mihi,</strong></span> <span class='ocrx_word' id='word_1_30' title='bbox 605 574 870 621; x_wconf 88' lang='lat' dir='ltr'><strong>quamquam</strong></span> <span class='ocrx_word' id='word_1_31' title='bbox 893 574 974 620; x_wconf 88' lang='lat' dir='ltr'><strong>per</strong></span> <span class='ocrx_word' id='word_1_32' title='bbox 994 560 1079 606; x_wconf 89' lang='lat' dir='ltr'><strong>hoc</strong></span> <span class='ocrx_word' id='word_1_33' title='bbox 1102 573 1322 605; x_wconf 89' lang='lat' dir='ltr'><strong>summum</strong></span> <span class='ocrx_word' id='word_1_34' title='bbox 1349 559 1577 619; x_wconf 91' lang='lat' dir='ltr'><strong>imperium</strong></span> <span class='ocrx_word' id='word_1_35' title='bbox 1586 566 1633 603; x_wconf 82' lang='lat'><strong>26</strong></span> 
     </span>
     <span class='ocr_line' id='line_1_6' title="bbox 122 641 1578 704; baseline -0.001 -13"><span class='ocrx_word' id='word_1_36' title='bbox 122 641 500 704; x_wconf 87' lang='lat' dir='ltr'><strong>satisquaesitum</strong></span> <span class='ocrx_word' id='word_1_37' title='bbox 520 644 615 690; x_wconf 86' lang='lat' dir='ltr'><strong>erat</strong></span> <span class='ocrx_word' id='word_1_38' title='bbox 631 642 795 689; x_wconf 93' lang='lat' dir='ltr'><strong>nomini</strong></span> <span class='ocrx_word' id='word_1_39' title='bbox 814 642 1041 699; x_wconf 86' lang='lat' dir='ltr'><strong>maiorum,</strong></span> <span class='ocrx_word' id='word_1_40' title='bbox 1061 642 1278 704; x_wconf 84' lang='lat' dir='ltr'><strong>dignitati,</strong></span> <span class='ocrx_word' id='word_1_41' title='bbox 1298 645 1430 704; x_wconf 88' lang='lat' dir='ltr'><strong>atque</strong></span> <span class='ocrx_word' id='word_1_42' title='bbox 1448 643 1578 689; x_wconf 89' lang='lat' dir='ltr'><strong>etiam</strong></span> 
     </span>
    </p>
   </div>
   <div class='ocr_carea' id='block_1_3' title="bbox 122 795 1590 2829">
    <p class='ocr_par' dir='ltr' id='par_1_3' title="bbox 122 795 1590 2829">
     <span class='ocr_line' id='line_1_7' title="bbox 123 795 1579 844; baseline -0.001 -9"><span class='ocrx_word' id='word_1_43' title='bbox 123 809 260 835; x_wconf 86' lang='lat' dir='ltr'><strong>vocem</strong></span> <span class='ocrx_word' id='word_1_44' title='bbox 281 795 517 832; x_wconf 84' lang='lat' dir='ltr'><strong>retinendam</strong></span> <span class='ocrx_word' id='word_1_45' title='bbox 536 796 776 843; x_wconf 87' lang='lat' dir='ltr'><strong>putavimus,</strong></span> <span class='ocrx_word' id='word_1_46' title='bbox 799 806 843 831; x_wconf 90' lang='lat' dir='ltr'><strong>eo</strong></span> <span class='ocrx_word' id='word_1_47' title='bbox 864 795 968 832; x_wconf 91' lang='lat' dir='ltr'><strong>haud</strong></span> <span class='ocrx_word' id='word_1_48' title='bbox 988 806 1121 843; x_wconf 86' lang='lat' dir='ltr'><strong>parum</strong></span> <span class='ocrx_word' id='word_1_49' title='bbox 1145 796 1455 841; x_wconf 88' lang='lat' dir='ltr'><strong>commendatam,</strong></span> <span class='ocrx_word' id='word_1_50' title='bbox 1478 798 1579 844; x_wconf 91' lang='lat' dir='ltr'><strong>quod</strong></span> 
     </span>
     <span class='ocr_line' id='line_1_8' title="bbox 125 851 1577 903; baseline 0 -13"><span class='ocrx_word' id='word_1_51' title='bbox 125 855 175 890; x_wconf 87' lang='lat' dir='ltr'><strong>ita</strong></span> <span class='ocrx_word' id='word_1_52' title='bbox 195 865 279 890; x_wconf 90' lang='lat' dir='ltr'><strong>cum</strong></span> <span class='ocrx_word' id='word_1_53' title='bbox 303 854 441 889; x_wconf 88' lang='lat' dir='ltr'><strong>acerba</strong></span> <span class='ocrx_word' id='word_1_54' title='bbox 460 852 582 888; x_wconf 90' lang='lat' dir='ltr'><strong>ironia</strong></span> <span class='ocrx_word' id='word_1_55' title='bbox 604 852 652 889; x_wconf 88' lang='lat' dir='ltr'><strong>ad</strong></span> <span class='ocrx_word' id='word_1_56' title='bbox 674 853 909 899; x_wconf 87' lang='lat' dir='ltr'><strong>superiorem</strong></span> <span class='ocrx_word' id='word_1_57' title='bbox 931 853 1153 889; x_wconf 84' lang='lat' dir='ltr'><strong>sententiam</strong></span> <span class='ocrx_word' id='word_1_58' title='bbox 1168 881 1178 896; x_wconf 88' lang='lat'>‚</span> <span class='ocrx_word' id='word_1_59' title='bbox 1201 851 1328 889; x_wconf 79' lang='lat' dir='ltr'><strong>Sullae</strong></span> <span class='ocrx_word' id='word_1_60' title='bbox 1352 853 1577 903; x_wconf 81' lang='lat' dir='ltr'><strong>attributam,</strong></span> 
     </span>
     <span class='ocr_line' id='line_1_9' title="bbox 122 908 1581 959; baseline 0 -12"><span class='ocrx_word' id='word_1_61' title='bbox 122 911 346 959; x_wconf 80' lang='lat' dir='ltr'><strong>respicitur3</strong></span> <span class='ocrx_word' id='word_1_62' title='bbox 368 920 408 945; x_wconf 88' lang='lat' dir='ltr'><strong>v.</strong></span> <span class='ocrx_word' id='word_1_63' title='bbox 434 909 480 945; x_wconf 89' lang='lat' dir='ltr'><strong>ad</strong></span> <span class='ocrx_word' id='word_1_64' title='bbox 505 910 566 945; x_wconf 87' lang='lat' dir='ltr'><strong>Fr.</strong></span> <span class='ocrx_word' id='word_1_65' title='bbox 589 909 617 953; x_wconf 92' lang='lat' dir='ltr'><strong>I,</strong></span> <span class='ocrx_word' id='word_1_66' title='bbox 637 912 696 953; x_wconf 86' lang='lat'><strong>51,</strong></span> <span class='ocrx_word' id='word_1_67' title='bbox 722 912 780 947; x_wconf 83' lang='lat'><strong>13.</strong></span> <span class='ocrx_word' id='word_1_68' title='bbox 825 908 953 946; x_wconf 85' lang='lat' dir='ltr'><strong>Totius</strong></span> <span class='ocrx_word' id='word_1_69' title='bbox 975 910 1048 946; x_wconf 91' lang='lat' dir='ltr'><strong>loci</strong></span> <span class='ocrx_word' id='word_1_70' title='bbox 1071 919 1206 945; x_wconf 86' lang='lat' dir='ltr'><strong>sensus</strong></span> <span class='ocrx_word' id='word_1_71' title='bbox 1226 908 1288 945; x_wconf 91' lang='lat' dir='ltr'><strong>hic</strong></span> <span class='ocrx_word' id='word_1_72' title='bbox 1306 913 1382 946; x_wconf 82' lang='lat' dir='ltr'><strong>est:</strong></span> <span class='ocrx_word' id='word_1_73' title='bbox 1409 921 1503 957; x_wconf 87' lang='lat' dir='ltr'><strong>quas</strong></span> <span class='ocrx_word' id='word_1_74' title='bbox 1527 911 1581 947; x_wconf 92' lang='lat' dir='ltr'><strong>in—</strong></span> 
     </span>
     <span class='ocr_line' id='line_1_10' title="bbox 125 958 1581 1014; baseline -0.001 -10"><span class='ocrx_word' id='word_1_75' title='bbox 125 969 241 1004; x_wconf 88' lang='lat' dir='ltr'><strong>iurias</strong></span> <span class='ocrx_word' id='word_1_76' title='bbox 266 970 302 1003; x_wconf 86' lang='lat' dir='ltr'><strong>et</strong></span> <span class='ocrx_word' id='word_1_77' title='bbox 322 965 496 1002; x_wconf 85' lang='lat' dir='ltr'><strong>miserias</strong></span> <span class='ocrx_word' id='word_1_78' title='bbox 518 966 549 1002; x_wconf 88' lang='lat' dir='ltr'><strong>si</strong></span> <span class='ocrx_word' id='word_1_79' title='bbox 572 977 705 1012; x_wconf 85' lang='lat' dir='ltr'><strong>pacem</strong></span> <span class='ocrx_word' id='word_1_80' title='bbox 728 969 764 1001; x_wconf 88' lang='lat' dir='ltr'><strong>et</strong></span> <span class='ocrx_word' id='word_1_81' title='bbox 786 966 1029 1002; x_wconf 84' lang='lat' dir='ltr'><strong>concordiam</strong></span> <span class='ocrx_word' id='word_1_82' title='bbox 1058 975 1137 1002; x_wconf 84' lang='lat' dir='ltr'><strong>esse</strong></span> <span class='ocrx_word' id='word_1_83' title='bbox 1155 958 1320 1013; x_wconf 79' lang='lat' dir='ltr'><strong>putatis,-</strong></span> <span class='ocrx_word' id='word_1_84' title='bbox 1361 966 1462 1014; x_wconf 90' lang='lat' dir='ltr'><strong>quod</strong></span> <span class='ocrx_word' id='word_1_85' title='bbox 1497 962 1581 1014; x_wconf 76' lang='lat' dir='ltr'><strong>ger-</strong></span> 
     </span>
     <span class='ocr_line' id='line_1_11' title="bbox 124 1020 1579 1061; baseline -0.001 -1"><span class='ocrx_word' id='word_1_86' title='bbox 124 1025 271 1060; x_wconf 87' lang='lat' dir='ltr'><strong>manice</strong></span> <span class='ocrx_word' id='word_1_87' title='bbox 295 1027 373 1059; x_wconf 88' lang='lat' dir='ltr'><strong>est:</strong></span> <span class='ocrx_word' id='word_1_88' title='bbox 410 1033 523 1058; x_wconf 89' lang='lat' dir='ltr'><strong>wenn</strong></span> <span class='ocrx_word' id='word_1_89' title='bbox 549 1023 606 1058; x_wconf 86' lang='lat' dir='ltr'><strong>ihr</strong></span> <span class='ocrx_word' id='word_1_90' title='bbox 639 1023 721 1058; x_wconf 87' lang='lat' dir='ltr'><strong>dies</strong></span> <span class='ocrx_word' id='word_1_91' title='bbox 742 1026 850 1058; x_wconf 86' lang='lat' dir='ltr'><strong>unter</strong></span> <span class='ocrx_word' id='word_1_92' title='bbox 871 1023 1033 1058; x_wconf 91' lang='lat' dir='ltr'><strong>Frieden</strong></span> <span class='ocrx_word' id='word_1_93' title='bbox 1062 1022 1139 1058; x_wconf 86' lang='lat' dir='ltr'><strong>und</strong></span> <span class='ocrx_word' id='word_1_94' title='bbox 1166 1022 1359 1059; x_wconf 87' lang='lat' dir='ltr'><strong>Eintracht</strong></span> <span class='ocrx_word' id='word_1_95' title='bbox 1389 1020 1579 1061; x_wconf 71' lang='lat' dir='ltr'><strong>versieket.</strong></span> 
     </span>
     <span class='ocr_line' id='line_1_12' title="bbox 124 1078 1579 1130; baseline -0.002 -12"><span class='ocrx_word' id='word_1_96' title='bbox 124 1082 208 1118; x_wconf 91' lang='lat' dir='ltr'><strong>Non</strong></span> <span class='ocrx_word' id='word_1_97' title='bbox 237 1090 421 1127; x_wconf 81' lang='lat' dir='ltr'><strong>assequor</strong></span> <span class='ocrx_word' id='word_1_98' title='bbox 450 1079 583 1126; x_wconf 85' lang='lat' dir='ltr'><strong>igitur,</strong></span> <span class='ocrx_word' id='word_1_99' title='bbox 615 1078 706 1126; x_wconf 90' lang='lat' dir='ltr'><strong>quid</strong></span> <span class='ocrx_word' id='word_1_100' title='bbox 739 1079 809 1115; x_wconf 87' lang='lat' dir='ltr'><strong>sibi</strong></span> <span class='ocrx_word' id='word_1_101' title='bbox 835 1080 996 1115; x_wconf 85' lang='lat' dir='ltr'><strong>voluerit</strong></span> <span class='ocrx_word' id='word_1_102' title='bbox 1018 1078 1345 1121; x_wconf 17' lang='lat' dir='ltr'><strong>Gerlachiustol.</strong></span> <span class='ocrx_word' id='word_1_103' title='bbox 1366 1079 1427 1130; x_wconf 89' lang='grc' dir='ltr'><strong>ΙΙΙ.</strong></span> <span class='ocrx_word' id='word_1_104' title='bbox 1460 1091 1497 1126; x_wconf 89' lang='lat' dir='ltr'><strong>p.</strong></span> <span class='ocrx_word' id='word_1_105' title='bbox 1519 1083 1579 1119; x_wconf 83' lang='lat'><strong>63.</strong></span> 
     </span>
     <span class='ocr_line' id='line_1_13' title="bbox 123 1135 1580 1183; baseline -0.002 -8"><span class='ocrx_word' id='word_1_106' title='bbox 123 1138 221 1175; x_wconf 85' lang='lat' dir='ltr'><strong>haec</strong></span> <span class='ocrx_word' id='word_1_107' title='bbox 249 1141 455 1173; x_wconf 83' lang='lat' dir='ltr'><strong>annotans:</strong></span> <span class='ocrx_word' id='word_1_108' title='bbox 501 1136 688 1183; x_wconf 72' lang='lat' dir='ltr'><strong>„intelliyi</strong></span> <span class='ocrx_word' id='word_1_109' title='bbox 714 1146 788 1171; x_wconf 92' lang='lat' dir='ltr'><strong>non</strong></span> <span class='ocrx_word' id='word_1_110' title='bbox 815 1139 956 1171; x_wconf 84' lang='lat' dir='ltr'><strong>tanturn</strong></span> <span class='ocrx_word' id='word_1_111' title='bbox 985 1140 1041 1172; x_wconf 86' lang='lat' dir='ltr'><strong>est</strong></span> <span class='ocrx_word' id='word_1_112' title='bbox 1061 1135 1209 1179; x_wconf 75' lang='lat' dir='ltr'><strong>haberi,</strong></span> <span class='ocrx_word' id='word_1_113' title='bbox 1251 1135 1320 1171; x_wconf 90' lang='lat' dir='ltr'><strong>sed</strong></span> <span class='ocrx_word' id='word_1_114' title='bbox 1341 1135 1415 1172; x_wconf 91' lang='lat' dir='ltr'><strong>hoc</strong></span> <span class='ocrx_word' id='word_1_115' title='bbox 1437 1137 1580 1183; x_wconf 87' lang='lat' dir='ltr'><strong>quaerit</strong></span> 
     </span>
     <span class='ocr_line' id='line_1_14' title="bbox 126 1190 1581 1240; baseline -0.001 -9"><span class='ocrx_word' id='word_1_116' title='bbox 126 1200 266 1239; x_wconf 82' lang='lat' dir='ltr'><strong>orator,</strong></span> <span class='ocrx_word' id='word_1_117' title='bbox 292 1205 380 1230; x_wconf 91' lang='lat' dir='ltr'><strong>num</strong></span> <span class='ocrx_word' id='word_1_118' title='bbox 401 1204 441 1228; x_wconf 89' lang='lat' dir='ltr'><strong>re</strong></span> <span class='ocrx_word' id='word_1_119' title='bbox 467 1193 679 1229; x_wconf 86' lang='lat' dir='ltr'><strong>accuratius</strong></span> <span class='ocrx_word' id='word_1_120' title='bbox 699 1190 911 1228; x_wconf 80' lang='lat' dir='ltr'><strong>examinata</strong></span> <span class='ocrx_word' id='word_1_121' title='bbox 927 1203 970 1228; x_wconf 87' lang='lat' dir='ltr'><strong>ac</strong></span> <span class='ocrx_word' id='word_1_122' title='bbox 993 1191 1320 1240; x_wconf 53' lang='lat' dir='ltr'><strong>perpensa,‚haee</strong></span> <span class='ocrx_word' id='word_1_123' title='bbox 1340 1192 1475 1228; x_wconf 89' lang='lat' dir='ltr'><strong>eadem</strong></span> <span class='ocrx_word' id='word_1_124' title='bbox 1495 1204 1581 1230; x_wconf 86' lang='lat' dir='ltr'><strong>esse</strong></span> 
     </span>
     <span class='ocr_line' id='line_1_15' title="bbox 127 1247 1583 1297; baseline -0.001 -9"><span class='ocrx_word' id='word_1_125' title='bbox 127 1251 327 1288; x_wconf 89' lang='lat' dir='ltr'><strong>iudicaturi</strong></span> <span class='ocrx_word' id='word_1_126' title='bbox 351 1247 476 1286; x_wconf 87' lang='lat' dir='ltr'><strong>sint?“</strong></span> <span class='ocrx_word' id='word_1_127' title='bbox 501 1270 558 1275; x_wconf 85' lang='lat'><strong>—-</strong></span> <span class='ocrx_word' id='word_1_128' title='bbox 571 1248 702 1286; x_wconf 73' lang='lat' dir='ltr'><strong>Exitia</strong></span> <span class='ocrx_word' id='word_1_129' title='bbox 722 1260 796 1284; x_wconf 91' lang='lat' dir='ltr'><strong>non</strong></span> <span class='ocrx_word' id='word_1_130' title='bbox 819 1249 1032 1296; x_wconf 85' lang='lat' dir='ltr'><strong>significant</strong></span> <span class='ocrx_word' id='word_1_131' title='bbox 1050 1259 1106 1294; x_wconf 85' lang='lat' dir='ltr'><strong>ea,</strong></span> <span class='ocrx_word' id='word_1_132' title='bbox 1126 1257 1220 1295; x_wconf 84' lang='lat' dir='ltr'><strong>quae</strong></span> <span class='ocrx_word' id='word_1_133' title='bbox 1235 1250 1386 1285; x_wconf 81' lang='lat' dir='ltr'><strong>exilium</strong></span> <span class='ocrx_word' id='word_1_134' title='bbox 1405 1249 1583 1297; x_wconf 81' lang='lat' dir='ltr'><strong>afferunt,</strong></span> 
     </span>
     <span class='ocr_line' id='line_1_16' title="bbox 126 1302 1581 1354; baseline -0.001 -10"><span class='ocrx_word' id='word_1_135' title='bbox 126 1312 166 1344; x_wconf 88' lang='lat' dir='ltr'><strong>ut</strong></span> <span class='ocrx_word' id='word_1_136' title='bbox 186 1302 407 1344; x_wconf 86' lang='lat' dir='ltr'><strong>Gerlachius</strong></span> <span class='ocrx_word' id='word_1_137' title='bbox 434 1307 717 1353; x_wconf 86' lang='lat' dir='ltr'><strong>interpretatur,</strong></span> <span class='ocrx_word' id='word_1_138' title='bbox 750 1306 819 1342; x_wconf 91' lang='lat' dir='ltr'><strong>sed</strong></span> <span class='ocrx_word' id='word_1_139' title='bbox 841 1306 962 1343; x_wconf 90' lang='lat' dir='ltr'><strong>omnis</strong></span> <span class='ocrx_word' id='word_1_140' title='bbox 983 1306 1135 1354; x_wconf 87' lang='lat' dir='ltr'><strong>generis</strong></span> <span class='ocrx_word' id='word_1_141' title='bbox 1156 1305 1383 1342; x_wconf 78' lang='lat' dir='ltr'><strong>calamitates</strong></span> <span class='ocrx_word' id='word_1_142' title='bbox 1412 1309 1448 1342; x_wconf 90' lang='lat' dir='ltr'><strong>et</strong></span> <span class='ocrx_word' id='word_1_143' title='bbox 1474 1307 1581 1349; x_wconf 84' lang='lat' dir='ltr'><strong>mise—</strong></span> 
     </span>
     <span class='ocr_line' id='line_1_17' title="bbox 126 1356 1581 1411; baseline -0.001 -10"><span class='ocrx_word' id='word_1_144' title='bbox 126 1366 217 1410; x_wconf 84' lang='lat' dir='ltr'><strong>rias,</strong></span> <span class='ocrx_word' id='word_1_145' title='bbox 241 1365 315 1401; x_wconf 84' lang='lat' dir='ltr'><strong>sive</strong></span> <span class='ocrx_word' id='word_1_146' title='bbox 335 1365 410 1399; x_wconf 86' lang='lat' dir='ltr'><strong>iam</strong></span> <span class='ocrx_word' id='word_1_147' title='bbox 432 1368 580 1408; x_wconf 86' lang='lat' dir='ltr'><strong>assunt,</strong></span> <span class='ocrx_word' id='word_1_148' title='bbox 603 1363 677 1399; x_wconf 83' lang='lat' dir='ltr'><strong>sive</strong></span> <span class='ocrx_word' id='word_1_149' title='bbox 703 1364 842 1398; x_wconf 84' lang='lat' dir='ltr'><strong>instant</strong></span> <span class='ocrx_word' id='word_1_150' title='bbox 848 1378 860 1404; x_wconf 77' lang='lat'><strong><em>;</em></strong></span> <span class='ocrx_word' id='word_1_151' title='bbox 889 1363 935 1400; x_wconf 83' lang='lat' dir='ltr'><strong>cs.</strong></span> <span class='ocrx_word' id='word_1_152' title='bbox 956 1356 1058 1411; x_wconf 84' lang='lat' dir='ltr'><strong>Aug.</strong></span> <span class='ocrx_word' id='word_1_153' title='bbox 1077 1361 1252 1402; x_wconf 83' lang='lat' dir='ltr'><strong>Matthias</strong></span> <span class='ocrx_word' id='word_1_154' title='bbox 1276 1361 1325 1398; x_wconf 89' lang='lat' dir='ltr'><strong>ad</strong></span> <span class='ocrx_word' id='word_1_155' title='bbox 1346 1361 1422 1398; x_wconf 89' lang='lat' dir='ltr'><strong>Cic.</strong></span> <span class='ocrx_word' id='word_1_156' title='bbox 1443 1374 1482 1409; x_wconf 92' lang='lat' dir='ltr'><strong>p.</strong></span> <span class='ocrx_word' id='word_1_157' title='bbox 1504 1363 1581 1399; x_wconf 86' lang='lat' dir='ltr'><strong>Mil.</strong></span> 
     </span>
     <span class='ocr_line' id='line_1_18' title="bbox 128 1418 1582 1470; baseline -0.001 -13"><span class='ocrx_word' id='word_1_158' title='bbox 128 1433 159 1458; x_wconf 89' lang='lat' dir='ltr'><strong>c.</strong></span> <span class='ocrx_word' id='word_1_159' title='bbox 192 1421 244 1466; x_wconf 90' lang='grc' dir='ltr'><strong>ΙΙ,</strong></span> <span class='ocrx_word' id='word_1_160' title='bbox 278 1425 314 1460; x_wconf 88' lang='grc'><strong>5.</strong></span> <span class='ocrx_word' id='word_1_161' title='bbox 350 1426 411 1446; x_wconf 78' lang='grc'><strong>·-</strong></span> <span class='ocrx_word' id='word_1_162' title='bbox 448 1420 624 1456; x_wconf 85' lang='lat' dir='ltr'><strong>Annuere</strong></span> <span class='ocrx_word' id='word_1_163' title='bbox 642 1419 750 1455; x_wconf 84' lang='lat' dir='ltr'><strong>verbi</strong></span> <span class='ocrx_word' id='word_1_164' title='bbox 782 1431 866 1455; x_wconf 90' lang='lat' dir='ltr'><strong>cum</strong></span> <span class='ocrx_word' id='word_1_165' title='bbox 889 1419 1016 1456; x_wconf 88' lang='lat' dir='ltr'><strong>dativo</strong></span> <span class='ocrx_word' id='word_1_166' title='bbox 1037 1421 1095 1456; x_wconf 88' lang='lat' dir='ltr'><strong>rei</strong></span> <span class='ocrx_word' id='word_1_167' title='bbox 1121 1418 1323 1470; x_wconf 84' lang='lat' dir='ltr'><strong>constructi</strong></span> <span class='ocrx_word' id='word_1_168' title='bbox 1347 1418 1468 1455; x_wconf 88' lang='lat' dir='ltr'><strong>Faber</strong></span> <span class='ocrx_word' id='word_1_169' title='bbox 1486 1419 1582 1455; x_wconf 86' lang='lat' dir='ltr'><strong>haec</strong></span> 
     </span>
     <span class='ocr_line' id='line_1_19' title="bbox 128 1474 1585 1525; baseline -0.001 -11"><span class='ocrx_word' id='word_1_170' title='bbox 128 1478 304 1525; x_wconf 82' lang='lat' dir='ltr'><strong>exempla</strong></span> <span class='ocrx_word' id='word_1_171' title='bbox 325 1476 517 1514; x_wconf 82' lang='lat' dir='ltr'><strong>laudavit:</strong></span> <span class='ocrx_word' id='word_1_172' title='bbox 545 1475 661 1512; x_wconf 87' lang='lat' dir='ltr'><strong>Tacit.</strong></span> <span class='ocrx_word' id='word_1_173' title='bbox 685 1475 782 1513; x_wconf 89' lang='lat' dir='ltr'><strong>Ann.</strong></span> <span class='ocrx_word' id='word_1_174' title='bbox 808 1475 886 1520; x_wconf 87' lang='grc' dir='ltr'>ΧΙΙ,</span> <span class='ocrx_word' id='word_1_175' title='bbox 908 1478 966 1520; x_wconf 85' lang='grc'>48,</span> <span class='ocrx_word' id='word_1_176' title='bbox 988 1479 1023 1514; x_wconf 89' lang='grc'><strong>3.</strong></span> <span class='ocrx_word' id='word_1_177' title='bbox 1081 1475 1140 1512; x_wconf 87' lang='lat' dir='ltr'><strong>Ne</strong></span> <span class='ocrx_word' id='word_1_178' title='bbox 1166 1475 1342 1512; x_wconf 74' lang='lat' dir='ltr'><strong>annuisse</strong></span> <span class='ocrx_word' id='word_1_179' title='bbox 1361 1474 1585 1522; x_wconf 78' lang='lat' dir='ltr'><strong>facinori</strong></span> 
     </span>
     <span class='ocr_line' id='line_1_20' title="bbox 128 1531 1581 1580; baseline -0.001 -9"><span class='ocrx_word' id='word_1_180' title='bbox 128 1535 351 1572; x_wconf 82' lang='lat' dir='ltr'><strong>viderentur.</strong></span> <span class='ocrx_word' id='word_1_181' title='bbox 411 1533 494 1577; x_wconf 90' lang='lat' dir='ltr'><strong>XV,</strong></span> <span class='ocrx_word' id='word_1_182' title='bbox 530 1535 600 1580; x_wconf 80' lang='lat'><strong>16,</strong></span> <span class='ocrx_word' id='word_1_183' title='bbox 625 1535 659 1569; x_wconf 95' lang='lat'><strong>1.</strong></span> <span class='ocrx_word' id='word_1_184' title='bbox 719 1532 909 1569; x_wconf 84' lang='lat' dir='ltr'><strong>Neminem</strong></span> <span class='ocrx_word' id='word_1_185' title='bbox 928 1532 1183 1570; x_wconf 86' lang='lat' dir='ltr'><strong>Romanorum</strong></span> <span class='ocrx_word' id='word_1_186' title='bbox 1203 1531 1418 1568; x_wconf 80' lang='lat' dir='ltr'><strong>Armeniam</strong></span> <span class='ocrx_word' id='word_1_187' title='bbox 1437 1533 1581 1580; x_wconf 64' lang='lat' dir='ltr'><strong>ingres—</strong></span> 
     </span>
     <span class='ocr_line' id='line_1_21' title="bbox 125 1589 1583 1638; baseline -0.001 -10"><span class='ocrx_word' id='word_1_188' title='bbox 125 1595 276 1637; x_wconf 86' lang='lat' dir='ltr'><strong>surum,</strong></span> <span class='ocrx_word' id='word_1_189' title='bbox 306 1591 422 1627; x_wconf 83' lang='lat' dir='ltr'><strong>donee</strong></span> <span class='ocrx_word' id='word_1_190' title='bbox 448 1589 686 1638; x_wconf 82' lang='lat' dir='ltr'><strong>reserrentur</strong></span> <span class='ocrx_word' id='word_1_191' title='bbox 721 1590 864 1625; x_wconf 82' lang='lat' dir='ltr'><strong>litterae</strong></span> <span class='ocrx_word' id='word_1_192' title='bbox 892 1589 1071 1636; x_wconf 83' lang='lat' dir='ltr'><strong>Neronis,</strong></span> <span class='ocrx_word' id='word_1_193' title='bbox 1099 1599 1150 1625; x_wconf 91' lang='lat' dir='ltr'><strong>an</strong></span> <span class='ocrx_word' id='word_1_194' title='bbox 1174 1589 1291 1635; x_wconf 82' lang='lat' dir='ltr'><strong>pari</strong></span> <span class='ocrx_word' id='word_1_195' title='bbox 1307 1593 1497 1627; x_wconf 84' lang='lat' dir='ltr'><strong>annueret.</strong></span> <span class='ocrx_word' id='word_1_196' title='bbox 1526 1609 1583 1615; x_wconf 89' lang='lat'>—</span> 
     </span>
     <span class='ocr_line' id='line_1_22' title="bbox 127 1644 1582 1695; baseline -0.001 -11"><span class='ocrx_word' id='word_1_197' title='bbox 127 1650 198 1684; x_wconf 90' lang='lat' dir='ltr'><strong>Pro</strong></span> <span class='ocrx_word' id='word_1_198' title='bbox 227 1647 410 1695; x_wconf 79' lang='lat' dir='ltr'><strong>populum</strong></span> <span class='ocrx_word' id='word_1_199' title='bbox 440 1645 666 1690; x_wconf 87' lang='lat' dir='ltr'><strong>Romanum,</strong></span> <span class='ocrx_word' id='word_1_200' title='bbox 713 1645 1030 1692; x_wconf 88' lang='lat' dir='ltr'><strong>quemadmodum</strong></span> <span class='ocrx_word' id='word_1_201' title='bbox 1056 1657 1140 1682; x_wconf 89' lang='lat' dir='ltr'><strong>cum</strong></span> <span class='ocrx_word' id='word_1_202' title='bbox 1167 1644 1289 1681; x_wconf 88' lang='lat' dir='ltr'><strong>Cortio</strong></span> <span class='ocrx_word' id='word_1_203' title='bbox 1319 1649 1356 1681; x_wconf 89' lang='lat' dir='ltr'><strong>et</strong></span> <span class='ocrx_word' id='word_1_204' title='bbox 1383 1645 1582 1690; x_wconf 83' lang='lat' dir='ltr'><strong>Gerlachio</strong></span> 
     </span>
     <span class='ocr_line' id='line_1_23' title="bbox 129 1700 1582 1749; baseline -0.003 -7"><span class='ocrx_word' id='word_1_205' title='bbox 129 1704 332 1747; x_wconf 87' lang='lat' dir='ltr'><strong>edidimus,</strong></span> <span class='ocrx_word' id='word_1_206' title='bbox 356 1702 516 1740; x_wconf 87' lang='lat' dir='ltr'><strong>Orellius</strong></span> <span class='ocrx_word' id='word_1_207' title='bbox 539 1701 691 1748; x_wconf 83' lang='lat' dir='ltr'><strong>scripsit</strong></span> <span class='ocrx_word' id='word_1_208' title='bbox 706 1712 785 1738; x_wconf 89' lang='lat' dir='ltr'><strong>rem</strong></span> <span class='ocrx_word' id='word_1_209' title='bbox 800 1702 999 1749; x_wconf 81' lang='lat' dir='ltr'><strong>publicam.</strong></span> <span class='ocrx_word' id='word_1_210' title='bbox 1058 1702 1103 1738; x_wconf 91' lang='lat' dir='ltr'><strong>Et</strong></span> <span class='ocrx_word' id='word_1_211' title='bbox 1123 1700 1173 1736; x_wconf 81' lang='lat' dir='ltr'><strong>ita</strong></span> <span class='ocrx_word' id='word_1_212' title='bbox 1190 1712 1282 1737; x_wconf 90' lang='lat' dir='ltr'><strong>sane</strong></span> <span class='ocrx_word' id='word_1_213' title='bbox 1304 1705 1362 1737; x_wconf 89' lang='lat' dir='ltr'><strong>est</strong></span> <span class='ocrx_word' id='word_1_214' title='bbox 1382 1702 1421 1737; x_wconf 88' lang='lat' dir='ltr'><strong>in</strong></span> <span class='ocrx_word' id='word_1_215' title='bbox 1440 1702 1525 1741; x_wconf 83' lang='lat' dir='ltr'><strong>Vat.</strong></span> <span class='ocrx_word' id='word_1_216' title='bbox 1548 1706 1582 1741; x_wconf 92' lang='lat'><strong>1.</strong></span> 
     </span>
     <span class='ocr_line' id='line_1_24' title="bbox 127 1758 1584 1805; baseline -0.002 -8"><span class='ocrx_word' id='word_1_217' title='bbox 127 1765 164 1800; x_wconf 78' lang='lat'><strong>2.</strong></span> <span class='ocrx_word' id='word_1_218' title='bbox 181 1764 218 1800; x_wconf 90' lang='grc'><strong>3.</strong></span> <span class='ocrx_word' id='word_1_219' title='bbox 245 1763 282 1796; x_wconf 87' lang='lat' dir='ltr'><strong>et</strong></span> <span class='ocrx_word' id='word_1_220' title='bbox 299 1760 406 1805; x_wconf 89' lang='lat' dir='ltr'><strong>Urs.;</strong></span> <span class='ocrx_word' id='word_1_221' title='bbox 441 1758 511 1795; x_wconf 90' lang='lat' dir='ltr'><strong>sed</strong></span> <span class='ocrx_word' id='word_1_222' title='bbox 533 1758 732 1805; x_wconf 90' lang='lat' dir='ltr'><strong>quominus</strong></span> <span class='ocrx_word' id='word_1_223' title='bbox 754 1759 862 1794; x_wconf 90' lang='lat' dir='ltr'><strong>istam</strong></span> <span class='ocrx_word' id='word_1_224' title='bbox 886 1759 1110 1805; x_wconf 83' lang='lat' dir='ltr'><strong>scripturam</strong></span> <span class='ocrx_word' id='word_1_225' title='bbox 1132 1768 1263 1794; x_wconf 87' lang='lat' dir='ltr'><strong>veram</strong></span> <span class='ocrx_word' id='word_1_226' title='bbox 1282 1761 1475 1804; x_wconf 89' lang='lat' dir='ltr'><strong>putemus,</strong></span> <span class='ocrx_word' id='word_1_227' title='bbox 1499 1769 1584 1794; x_wconf 89' lang='lat' dir='ltr'><strong>sen-</strong></span> 
     </span>
     <span class='ocr_line' id='line_1_25' title="bbox 128 1813 1581 1863; baseline -0.001 -9"><span class='ocrx_word' id='word_1_228' title='bbox 128 1818 265 1854; x_wconf 90' lang='lat' dir='ltr'><strong>tentiae</strong></span> <span class='ocrx_word' id='word_1_229' title='bbox 286 1816 519 1863; x_wconf 87' lang='lat' dir='ltr'><strong>perversitas</strong></span> <span class='ocrx_word' id='word_1_230' title='bbox 542 1817 677 1851; x_wconf 87' lang='lat' dir='ltr'><strong>obstat.</strong></span> <span class='ocrx_word' id='word_1_231' title='bbox 717 1814 831 1851; x_wconf 88' lang='lat' dir='ltr'><strong>Recte</strong></span> <span class='ocrx_word' id='word_1_232' title='bbox 853 1815 951 1850; x_wconf 89' lang='lat' dir='ltr'><strong>enim</strong></span> <span class='ocrx_word' id='word_1_233' title='bbox 975 1813 1194 1851; x_wconf 87' lang='lat' dir='ltr'><strong>Gerlachius</strong></span> <span class='ocrx_word' id='word_1_234' title='bbox 1216 1813 1253 1849; x_wconf 93' lang='lat' dir='ltr'><strong>in</strong></span> <span class='ocrx_word' id='word_1_235' title='bbox 1269 1815 1398 1850; x_wconf 65' lang='lat' dir='ltr'><strong>Praeti</strong></span> <span class='ocrx_word' id='word_1_236' title='bbox 1413 1814 1473 1851; x_wconf 90' lang='lat' dir='ltr'><strong>ed.</strong></span> <span class='ocrx_word' id='word_1_237' title='bbox 1492 1815 1581 1852; x_wconf 87' lang='lat' dir='ltr'><strong>min.</strong></span> 
     </span>
     <span class='ocr_line' id='line_1_26' title="bbox 128 1869 1582 1923; baseline -0.003 -12"><span class='ocrx_word' id='word_1_238' title='bbox 128 1887 167 1923; x_wconf 88' lang='lat' dir='ltr'><strong>p.</strong></span> <span class='ocrx_word' id='word_1_239' title='bbox 191 1872 376 1919; x_wconf 78' lang='lat' dir='ltr'>XXXVII.</span> <span class='ocrx_word' id='word_1_240' title='bbox 413 1871 622 1918; x_wconf 84' lang='lat' dir='ltr'><strong>„Quamvis</strong></span> <span class='ocrx_word' id='word_1_241' title='bbox 635 1899 644 1915; x_wconf 97' lang='lat'><strong>,</strong></span> <span class='ocrx_word' id='word_1_242' title='bbox 667 1871 805 1918; x_wconf 84' lang='lat' dir='ltr'><strong>inquit,</strong></span> <span class='ocrx_word' id='word_1_243' title='bbox 828 1872 909 1918; x_wconf 90' lang='lat' dir='ltr'><strong>ipse</strong></span> <span class='ocrx_word' id='word_1_244' title='bbox 935 1869 1064 1907; x_wconf 87' lang='lat' dir='ltr'><strong>Cicero</strong></span> <span class='ocrx_word' id='word_1_245' title='bbox 1083 1870 1183 1906; x_wconf 83' lang='lat' dir='ltr'><strong>dicat</strong></span> <span class='ocrx_word' id='word_1_246' title='bbox 1202 1870 1298 1917; x_wconf 88' lang='lat' dir='ltr'><strong>Epp.</strong></span> <span class='ocrx_word' id='word_1_247' title='bbox 1315 1871 1365 1907; x_wconf 88' lang='lat' dir='ltr'><strong>ad</strong></span> <span class='ocrx_word' id='word_1_248' title='bbox 1385 1871 1498 1907; x_wconf 76' lang='lat' dir='ltr'><strong>Attio.</strong></span> <span class='ocrx_word' id='word_1_249' title='bbox 1519 1871 1582 1916; x_wconf 89' lang='lat' dir='ltr'><strong>IV,</strong></span> 
     </span>
     <span class='ocr_line' id='line_1_27' title="bbox 131 1928 1583 1977; baseline -0.001 -11"><span class='ocrx_word' id='word_1_250' title='bbox 131 1935 187 1977; x_wconf 89' lang='lat'><strong>16,</strong></span> <span class='ocrx_word' id='word_1_251' title='bbox 213 1929 314 1966; x_wconf 89' lang='lat' dir='ltr'><strong>med.</strong></span> <span class='ocrx_word' id='word_1_252' title='bbox 342 1930 530 1965; x_wconf 84' lang='lat' dir='ltr'><strong>amisimus</strong></span> <span class='ocrx_word' id='word_1_253' title='bbox 558 1937 700 1966; x_wconf 90' lang='lat' dir='ltr'><strong>omnem</strong></span> <span class='ocrx_word' id='word_1_254' title='bbox 727 1938 931 1964; x_wconf 84' lang='lat' dir='ltr'><strong>succum</strong></span> <span class='ocrx_word' id='word_1_255' title='bbox 960 1938 1019 1964; x_wconf 86' lang='lat' dir='ltr'><strong>ac</strong></span> <span class='ocrx_word' id='word_1_256' title='bbox 1043 1928 1324 1975; x_wconf 70' lang='lat' dir='ltr'><strong>sanquinem</strong></span> <span class='ocrx_word' id='word_1_257' title='bbox 1342 1928 1583 1973; x_wconf 84' lang='lat' dir='ltr'><strong>civitatis,</strong></span> 
     </span>
     <span class='ocr_line' id='line_1_28' title="bbox 129 1983 1582 2034; baseline -0.003 -10"><span class='ocrx_word' id='word_1_258' title='bbox 129 1993 256 2025; x_wconf 87' lang='lat' dir='ltr'><strong>tamen</strong></span> <span class='ocrx_word' id='word_1_259' title='bbox 283 1986 548 2034; x_wconf 80' lang='lat' dir='ltr'><strong>rempublicam</strong></span> <span class='ocrx_word' id='word_1_260' title='bbox 567 1986 628 2021; x_wconf 89' lang='lat' dir='ltr'><strong>sui</strong></span> <span class='ocrx_word' id='word_1_261' title='bbox 650 1985 824 2033; x_wconf 73' lang='lat' dir='ltr'><strong>sanysu&#39;i</strong></span> <span class='ocrx_word' id='word_1_262' title='bbox 829 1986 875 2020; x_wconf 86' lang='lat' dir='ltr'><strong>ni</strong></span> <span class='ocrx_word' id='word_1_263' title='bbox 881 1995 900 2020; x_wconf 84' lang='lat' dir='ltr'><strong>s</strong></span> <span class='ocrx_word' id='word_1_264' title='bbox 934 1985 1102 2021; x_wconf 82' lang='lat' dir='ltr'><strong>mercede</strong></span> <span class='ocrx_word' id='word_1_265' title='bbox 1129 1984 1395 2022; x_wconf 85' lang='lat' dir='ltr'><strong>circumvenire</strong></span> <span class='ocrx_word' id='word_1_266' title='bbox 1415 1983 1481 2022; x_wconf 82' lang='lat' dir='ltr'><strong>vix</strong></span> <span class='ocrx_word' id='word_1_267' title='bbox 1507 1983 1582 2020; x_wconf 89' lang='lat' dir='ltr'><strong>dici</strong></span> 
     </span>
     <span class='ocr_line' id='line_1_29' title="bbox 130 2034 1583 2092; baseline -0.003 -11"><span class='ocrx_word' id='word_1_268' title='bbox 130 2055 247 2092; x_wconf 89' lang='lat' dir='ltr'><strong>posse</strong></span> <span class='ocrx_word' id='word_1_269' title='bbox 270 2043 458 2080; x_wconf 88' lang='lat' dir='ltr'><strong>videtur.“</strong></span> <span class='ocrx_word' id='word_1_270' title='bbox 520 2042 703 2079; x_wconf 81' lang='lat' dir='ltr'><strong>Nimirum</strong></span> <span class='ocrx_word' id='word_1_271' title='bbox 734 2041 907 2089; x_wconf 71' lang='lat' dir='ltr'><strong>sanquis,</strong></span> <span class='ocrx_word' id='word_1_272' title='bbox 946 2053 1019 2089; x_wconf 91' lang='lat' dir='ltr'><strong>quo</strong></span> <span class='ocrx_word' id='word_1_273' title='bbox 1051 2040 1229 2077; x_wconf 79' lang='lat' dir='ltr'><strong>translate</strong></span> <span class='ocrx_word' id='word_1_274' title='bbox 1255 2041 1369 2077; x_wconf 89' lang='lat' dir='ltr'><strong>robur</strong></span> <span class='ocrx_word' id='word_1_275' title='bbox 1399 2051 1444 2076; x_wconf 81' lang='lat' dir='ltr'><strong>ae</strong></span> <span class='ocrx_word' id='word_1_276' title='bbox 1473 2034 1583 2088; x_wconf 50' lang='lat' dir='ltr'><strong>uigor</strong></span> 
     </span>
     <span class='ocr_line' id='line_1_30' title="bbox 134 2095 1583 2148; baseline -0.004 -10"><span class='ocrx_word' id='word_1_277' title='bbox 134 2099 388 2148; x_wconf 82' lang='lat' dir='ltr'><strong>significatur,</strong></span> <span class='ocrx_word' id='word_1_278' title='bbox 419 2100 584 2148; x_wconf 80' lang='lat' dir='ltr'><strong>propria</strong></span> <span class='ocrx_word' id='word_1_279' title='bbox 614 2100 651 2135; x_wconf 84' lang='lat' dir='ltr'><strong>vi</strong></span> <span class='ocrx_word' id='word_1_280' title='bbox 669 2095 803 2135; x_wconf 61' lang='lat' dir='ltr'><strong>‘dictus</strong></span> <span class='ocrx_word' id='word_1_281' title='bbox 832 2098 1059 2146; x_wconf 89' lang='lat' dir='ltr'><strong>reipublicae</strong></span> <span class='ocrx_word' id='word_1_282' title='bbox 1090 2097 1213 2133; x_wconf 84' lang='lat' dir='ltr'><strong>nulius</strong></span> <span class='ocrx_word' id='word_1_283' title='bbox 1245 2099 1325 2142; x_wconf 85' lang='lat' dir='ltr'><strong>est;</strong></span> <span class='ocrx_word' id='word_1_284' title='bbox 1366 2099 1404 2133; x_wconf 86' lang='lat' dir='ltr'><strong>at</strong></span> <span class='ocrx_word' id='word_1_285' title='bbox 1431 2097 1583 2145; x_wconf 84' lang='lat' dir='ltr'><strong>proprie</strong></span> 
     </span>
     <span class='ocr_line' id='line_1_31' title="bbox 134 2153 1583 2203; baseline -0.002 -10"><span class='ocrx_word' id='word_1_286' title='bbox 134 2157 228 2194; x_wconf 85' lang='lat' dir='ltr'><strong>dixit</strong></span> <span class='ocrx_word' id='word_1_287' title='bbox 247 2155 472 2202; x_wconf 83' lang='lat' dir='ltr'><strong>Sallustius3</strong></span> <span class='ocrx_word' id='word_1_288' title='bbox 514 2165 629 2203; x_wconf 89' lang='lat' dir='ltr'><strong>quare</strong></span> <span class='ocrx_word' id='word_1_289' title='bbox 650 2155 880 2203; x_wconf 85' lang='lat' dir='ltr'><strong>reipublicae</strong></span> <span class='ocrx_word' id='word_1_290' title='bbox 909 2154 970 2191; x_wconf 91' lang='lat' dir='ltr'><strong>hic</strong></span> <span class='ocrx_word' id='word_1_291' title='bbox 993 2155 1099 2190; x_wconf 88' lang='lat' dir='ltr'><strong>locus</strong></span> <span class='ocrx_word' id='word_1_292' title='bbox 1121 2163 1208 2189; x_wconf 91' lang='lat' dir='ltr'><strong>esse</strong></span> <span class='ocrx_word' id='word_1_293' title='bbox 1236 2153 1376 2200; x_wconf 84' lang='lat' dir='ltr'><strong>nequit.</strong></span> <span class='ocrx_word' id='word_1_294' title='bbox 1434 2153 1511 2190; x_wconf 89' lang='lat' dir='ltr'><strong>Iam</strong></span> <span class='ocrx_word' id='word_1_295' title='bbox 1552 2154 1583 2190; x_wconf 90' lang='lat' dir='ltr'><strong>si</strong></span> 
     </span>
     <span class='ocr_line' id='line_1_32' title="bbox 134 2209 1584 2261; baseline -0.003 -11"><span class='ocrx_word' id='word_1_296' title='bbox 134 2212 369 2260; x_wconf 88' lang='lat' dir='ltr'><strong>reputaveris</strong></span> <span class='ocrx_word' id='word_1_297' title='bbox 393 2223 504 2259; x_wconf 86' lang='lat' dir='ltr'><strong>quam</strong></span> <span class='ocrx_word' id='word_1_298' title='bbox 527 2222 642 2259; x_wconf 81' lang='lat' dir='ltr'><strong>saepe</strong></span> <span class='ocrx_word' id='word_1_299' title='bbox 664 2211 701 2247; x_wconf 91' lang='lat' dir='ltr'><strong>in</strong></span> <span class='ocrx_word' id='word_1_300' title='bbox 724 2211 837 2248; x_wconf 87' lang='lat' dir='ltr'><strong>codd.</strong></span> <span class='ocrx_word' id='word_1_301' title='bbox 861 2211 980 2261; x_wconf 61' lang='lat' dir='ltr'><strong>RB.</strong></span> <span class='ocrx_word' id='word_1_302' title='bbox 1001 2210 1025 2245; x_wconf 89' lang='lat' dir='ltr'><strong>i.</strong></span> <span class='ocrx_word' id='word_1_303' title='bbox 1048 2220 1083 2245; x_wconf 89' lang='lat' dir='ltr'><strong>e.</strong></span> <span class='ocrx_word' id='word_1_304' title='bbox 1103 2209 1265 2256; x_wconf 87' lang='lat' dir='ltr'><strong>populus</strong></span> <span class='ocrx_word' id='word_1_305' title='bbox 1287 2209 1479 2247; x_wconf 89' lang='lat' dir='ltr'><strong>Romanus</strong></span> <span class='ocrx_word' id='word_1_306' title='bbox 1500 2221 1584 2247; x_wconf 90' lang='lat' dir='ltr'><strong>cum</strong></span> 
     </span>
     <span class='ocr_line' id='line_1_33' title="bbox 135 2265 1584 2315; baseline -0.003 -9"><span class='ocrx_word' id='word_1_307' title='bbox 135 2270 186 2307; x_wconf 87' lang='lat' dir='ltr'><strong>R.</strong></span> <span class='ocrx_word' id='word_1_308' title='bbox 198 2269 242 2306; x_wconf 90' lang='lat' dir='ltr'><strong>P.</strong></span> <span class='ocrx_word' id='word_1_309' title='bbox 254 2268 277 2304; x_wconf 92' lang='lat' dir='ltr'><strong>i.</strong></span> <span class='ocrx_word' id='word_1_310' title='bbox 295 2279 327 2304; x_wconf 88' lang='lat' dir='ltr'><strong>e.</strong></span> <span class='ocrx_word' id='word_1_311' title='bbox 352 2269 564 2315; x_wconf 71' lang='lat' dir='ltr'><strong>respublica</strong></span> <span class='ocrx_word' id='word_1_312' title='bbox 584 2268 831 2303; x_wconf 78' lang='lat' dir='ltr'><strong>confundatur</strong></span> <span class='ocrx_word' id='word_1_313' title='bbox 847 2268 902 2311; x_wconf 90' lang='lat' dir='ltr'><strong>(v.</strong></span> <span class='ocrx_word' id='word_1_314' title='bbox 913 2265 1196 2303; x_wconf 84' lang='lat' dir='ltr'><strong>Drakenborch.</strong></span> <span class='ocrx_word' id='word_1_315' title='bbox 1213 2265 1262 2302; x_wconf 88' lang='lat' dir='ltr'><strong>ad</strong></span> <span class='ocrx_word' id='word_1_316' title='bbox 1274 2265 1352 2304; x_wconf 91' lang='lat' dir='ltr'><strong>Liv.</strong></span> <span class='ocrx_word' id='word_1_317' title='bbox 1374 2266 1436 2312; x_wconf 87' lang='lat'><strong>111,</strong></span> <span class='ocrx_word' id='word_1_318' title='bbox 1457 2270 1515 2313; x_wconf 85' lang='lat'><strong>56,</strong></span> <span class='ocrx_word' id='word_1_319' title='bbox 1528 2270 1584 2306; x_wconf 89' lang='grc'><strong>10.</strong></span> 
     </span>
     <span class='ocr_line' id='line_1_34' title="bbox 133 2322 1585 2370; baseline -0.001 -10"><span class='ocrx_word' id='word_1_320' title='bbox 133 2326 253 2370; x_wconf 85' lang='lat' dir='ltr'><strong>XXV,</strong></span> <span class='ocrx_word' id='word_1_321' title='bbox 274 2327 340 2370; x_wconf 87' lang='grc'><strong>31,</strong></span> <span class='ocrx_word' id='word_1_322' title='bbox 365 2326 401 2361; x_wconf 84' lang='grc'><strong>4.</strong></span> <span class='ocrx_word' id='word_1_323' title='bbox 430 2322 573 2368; x_wconf 83' lang='lat' dir='ltr'><strong>XXXI,</strong></span> <span class='ocrx_word' id='word_1_324' title='bbox 595 2326 638 2368; x_wconf 83' lang='lat'><strong>4,</strong></span> <span class='ocrx_word' id='word_1_325' title='bbox 657 2325 730 2367; x_wconf 75' lang='grc'>2.),</span> <span class='ocrx_word' id='word_1_326' title='bbox 752 2324 921 2370; x_wconf 80' lang='lat' dir='ltr'><strong>profecto</strong></span> <span class='ocrx_word' id='word_1_327' title='bbox 940 2334 1015 2359; x_wconf 91' lang='lat' dir='ltr'><strong>non</strong></span> <span class='ocrx_word' id='word_1_328' title='bbox 1036 2322 1220 2359; x_wconf 87' lang='lat' dir='ltr'><strong>dubitabis</strong></span> <span class='ocrx_word' id='word_1_329' title='bbox 1234 2351 1243 2366; x_wconf 93' lang='lat'><strong>,</strong></span> <span class='ocrx_word' id='word_1_330' title='bbox 1275 2323 1363 2369; x_wconf 91' lang='lat' dir='ltr'><strong>quin</strong></span> <span class='ocrx_word' id='word_1_331' title='bbox 1385 2323 1585 2366; x_wconf 73' lang='lat' dir='ltr'><strong>verissime</strong></span> 
     </span>
     <span class='ocr_line' id='line_1_35' title="bbox 135 2378 1586 2428; baseline -0.003 -9"><span class='ocrx_word' id='word_1_332' title='bbox 135 2386 346 2420; x_wconf 86' lang='lat' dir='ltr'><strong>correctum</strong></span> <span class='ocrx_word' id='word_1_333' title='bbox 367 2381 414 2417; x_wconf 90' lang='lat' dir='ltr'><strong>sit</strong></span> <span class='ocrx_word' id='word_1_334' title='bbox 426 2381 607 2428; x_wconf 81' lang='lat' dir='ltr'><strong>populum</strong></span> <span class='ocrx_word' id='word_1_335' title='bbox 628 2378 746 2423; x_wconf 68' lang='lat' dir='ltr'><strong>Rom„</strong></span> <span class='ocrx_word' id='word_1_336' title='bbox 766 2380 989 2426; x_wconf 88' lang='lat' dir='ltr'><strong>praesertim</strong></span> <span class='ocrx_word' id='word_1_337' title='bbox 1009 2390 1121 2426; x_wconf 87' lang='lat' dir='ltr'><strong>quum</strong></span> <span class='ocrx_word' id='word_1_338' title='bbox 1144 2378 1180 2413; x_wconf 90' lang='lat' dir='ltr'><strong>in</strong></span> <span class='ocrx_word' id='word_1_339' title='bbox 1189 2378 1275 2414; x_wconf 84' lang='lat' dir='ltr'><strong>Vat.</strong></span> <span class='ocrx_word' id='word_1_340' title='bbox 1298 2383 1330 2417; x_wconf 91' lang='lat'><strong>1.</strong></span> <span class='ocrx_word' id='word_1_341' title='bbox 1353 2383 1390 2415; x_wconf 89' lang='lat' dir='ltr'><strong>et</strong></span> <span class='ocrx_word' id='word_1_342' title='bbox 1408 2382 1441 2417; x_wconf 76' lang='lat'><strong>2.</strong></span> <span class='ocrx_word' id='word_1_343' title='bbox 1461 2378 1586 2416; x_wconf 86' lang='lat' dir='ltr'><strong>adhuc</strong></span> 
     </span>
     <span class='ocr_line' id='line_1_36' title="bbox 137 2434 1588 2476; baseline -0.003 -1"><span class='ocrx_word' id='word_1_344' title='bbox 137 2442 259 2476; x_wconf 82' lang='lat' dir='ltr'><strong>exstet</strong></span> <span class='ocrx_word' id='word_1_345' title='bbox 278 2438 550 2474; x_wconf 86' lang='lat' dir='ltr'><strong>circumveniun</strong></span> <span class='ocrx_word' id='word_1_346' title='bbox 560 2436 616 2472; x_wconf 84' lang='lat' dir='ltr'><strong>du</strong></span> <span class='ocrx_word' id='word_1_347' title='bbox 629 2447 676 2471; x_wconf 84' lang='lat' dir='ltr'><strong>m.</strong></span> <span class='ocrx_word' id='word_1_348' title='bbox 701 2456 759 2461; x_wconf 93' lang='lat'><strong>——</strong></span> <span class='ocrx_word' id='word_1_349' title='bbox 787 2434 963 2472; x_wconf 85' lang='lat' dir='ltr'><strong>Mercede</strong></span> <span class='ocrx_word' id='word_1_350' title='bbox 991 2435 1028 2471; x_wconf 88' lang='lat' dir='ltr'><strong>in</strong></span> <span class='ocrx_word' id='word_1_351' title='bbox 1051 2435 1239 2472; x_wconf 89' lang='lat' dir='ltr'><strong>Carrionis</strong></span> <span class='ocrx_word' id='word_1_352' title='bbox 1273 2439 1309 2472; x_wconf 86' lang='lat' dir='ltr'><strong>et</strong></span> <span class='ocrx_word' id='word_1_353' title='bbox 1332 2435 1477 2472; x_wconf 88' lang='lat' dir='ltr'><strong>Gruteri</strong></span> <span class='ocrx_word' id='word_1_354' title='bbox 1500 2434 1588 2471; x_wconf 89' lang='lat' dir='ltr'><strong>edd.</strong></span> 
     </span>
     <span class='ocr_line' id='line_1_37' title="bbox 137 2491 1586 2543; baseline -0.003 -11"><span class='ocrx_word' id='word_1_355' title='bbox 137 2498 352 2543; x_wconf 82' lang='lat' dir='ltr'><strong>corruptum</strong></span> <span class='ocrx_word' id='word_1_356' title='bbox 375 2494 411 2530; x_wconf 82' lang='lat' dir='ltr'><strong>ln</strong></span> <span class='ocrx_word' id='word_1_357' title='bbox 427 2494 550 2539; x_wconf 79' lang='lat' dir='ltr'><strong>caede,</strong></span> <span class='ocrx_word' id='word_1_358' title='bbox 575 2503 686 2540; x_wconf 91' lang='lat' dir='ltr'><strong>quam</strong></span> <span class='ocrx_word' id='word_1_359' title='bbox 710 2492 1019 2539; x_wconf 89' lang='lat' dir='ltr'><strong>depravationem</strong></span> <span class='ocrx_word' id='word_1_360' title='bbox 1041 2491 1219 2528; x_wconf 87' lang='lat' dir='ltr'><strong>Wassius</strong></span> <span class='ocrx_word' id='word_1_361' title='bbox 1239 2491 1352 2529; x_wconf 86' lang='lat' dir='ltr'><strong>valde</strong></span> <span class='ocrx_word' id='word_1_362' title='bbox 1372 2491 1498 2538; x_wconf 89' lang='lat' dir='ltr'><strong>inepte</strong></span> <span class='ocrx_word' id='word_1_363' title='bbox 1520 2491 1586 2527; x_wconf 90' lang='lat' dir='ltr'><strong>de-</strong></span> 
     </span>
     <span class='ocr_line' id='line_1_38' title="bbox 138 2548 1586 2596; baseline -0.004 -7"><span class='ocrx_word' id='word_1_364' title='bbox 138 2551 268 2596; x_wconf 81' lang='lat' dir='ltr'><strong>fendit,</strong></span> <span class='ocrx_word' id='word_1_365' title='bbox 286 2550 503 2587; x_wconf 87' lang='lat' dir='ltr'><strong>miseranda</strong></span> <span class='ocrx_word' id='word_1_366' title='bbox 527 2550 695 2586; x_wconf 88' lang='lat' dir='ltr'><strong>doctrina</strong></span> <span class='ocrx_word' id='word_1_367' title='bbox 716 2548 917 2585; x_wconf 86' lang='lat' dir='ltr'><strong>ostendere</strong></span> <span class='ocrx_word' id='word_1_368' title='bbox 941 2552 1097 2585; x_wconf 86' lang='lat' dir='ltr'><strong>conatus</strong></span> <span class='ocrx_word' id='word_1_369' title='bbox 1113 2549 1327 2595; x_wconf 72' lang='lat' dir='ltr'><strong>sanquinem</strong></span> <span class='ocrx_word' id='word_1_370' title='bbox 1345 2558 1412 2595; x_wconf 86' lang='lat' dir='ltr'><strong>per</strong></span> <span class='ocrx_word' id='word_1_371' title='bbox 1428 2559 1469 2584; x_wconf 89' lang='lat' dir='ltr'><strong>se</strong></span> <span class='ocrx_word' id='word_1_372' title='bbox 1487 2548 1586 2584; x_wconf 88' lang='lat' dir='ltr'><strong>idem</strong></span> 
     </span>
     <span class='ocr_line' id='line_1_39' title="bbox 139 2598 1587 2655; baseline -0.004 -9"><span class='ocrx_word' id='word_1_373' title='bbox 139 2619 226 2646; x_wconf 88' lang='lat' dir='ltr'><strong>esse</strong></span> <span class='ocrx_word' id='word_1_374' title='bbox 248 2611 358 2654; x_wconf 89' lang='lat' dir='ltr'><strong>atque</strong></span> <span class='ocrx_word' id='word_1_375' title='bbox 383 2598 686 2655; x_wconf 72' lang='lat' dir='ltr'><strong>consanquineos.</strong></span> <span class='ocrx_word' id='word_1_376' title='bbox 746 2606 834 2642; x_wconf 88' lang='lat' dir='ltr'><strong>Loci</strong></span> <span class='ocrx_word' id='word_1_377' title='bbox 858 2616 993 2642; x_wconf 86' lang='lat' dir='ltr'><strong>sensus</strong></span> <span class='ocrx_word' id='word_1_378' title='bbox 1017 2608 1094 2641; x_wconf 89' lang='lat' dir='ltr'><strong>est:</strong></span> <span class='ocrx_word' id='word_1_379' title='bbox 1122 2604 1257 2641; x_wconf 85' lang='lat' dir='ltr'><strong>tradite</strong></span> <span class='ocrx_word' id='word_1_380' title='bbox 1284 2605 1494 2651; x_wconf 85' lang='lat' dir='ltr'><strong>exemplum</strong></span> <span class='ocrx_word' id='word_1_381' title='bbox 1519 2615 1587 2652; x_wconf 92' lang='lat' dir='ltr'><strong>po-</strong></span> 
     </span>
     <span class='ocr_line' id='line_1_40' title="bbox 139 2660 1590 2711; baseline -0.004 -9"><span class='ocrx_word' id='word_1_382' title='bbox 139 2665 250 2703; x_wconf 87' lang='lat' dir='ltr'><strong>steris</strong></span> <span class='ocrx_word' id='word_1_383' title='bbox 282 2662 331 2700; x_wconf 88' lang='lat' dir='ltr'><strong>ad</strong></span> <span class='ocrx_word' id='word_1_384' title='bbox 352 2663 533 2711; x_wconf 90' lang='lat' dir='ltr'><strong>populum</strong></span> <span class='ocrx_word' id='word_1_385' title='bbox 552 2663 761 2699; x_wconf 90' lang='lat' dir='ltr'><strong>Romanum</strong></span> <span class='ocrx_word' id='word_1_386' title='bbox 792 2662 842 2697; x_wconf 90' lang='lat' dir='ltr'><strong>ita</strong></span> <span class='ocrx_word' id='word_1_387' title='bbox 864 2660 1172 2709; x_wconf 89' lang='lat' dir='ltr'><strong>opprimendum,</strong></span> <span class='ocrx_word' id='word_1_388' title='bbox 1212 2663 1254 2697; x_wconf 84' lang='lat' dir='ltr'><strong>ut</strong></span> <span class='ocrx_word' id='word_1_389' title='bbox 1288 2660 1380 2697; x_wconf 87' lang='lat' dir='ltr'><strong>adeo</strong></span> <span class='ocrx_word' id='word_1_390' title='bbox 1411 2664 1590 2697; x_wconf 77' lang='lat' dir='ltr'><strong>suammet</strong></span> 
     </span>
     <span class='ocr_line' id='line_1_41' title="bbox 139 2716 1588 2771; baseline -0.005 -12"><span class='ocrx_word' id='word_1_391' title='bbox 139 2721 355 2771; x_wconf 66' lang='lat' dir='ltr'><strong>sanquinem</strong></span> <span class='ocrx_word' id='word_1_392' title='bbox 367 2731 444 2769; x_wconf 82' lang='lat' dir='ltr'><strong>pro</strong></span> <span class='ocrx_word' id='word_1_393' title='bbox 463 2720 632 2757; x_wconf 77' lang='lat' dir='ltr'><strong>servitute</strong></span> <span class='ocrx_word' id='word_1_394' title='bbox 645 2716 860 2768; x_wconf 74' lang='lat' dir='ltr'><strong>profundat</strong></span> <span class='ocrx_word' id='word_1_395' title='bbox 878 2723 912 2755; x_wconf 89' lang='lat' dir='ltr'><strong>et</strong></span> <span class='ocrx_word' id='word_1_396' title='bbox 931 2720 1040 2766; x_wconf 84' lang='lat' dir='ltr'><strong>quasi</strong></span> <span class='ocrx_word' id='word_1_397' title='bbox 1055 2716 1289 2765; x_wconf 82' lang='lat' dir='ltr'><strong>mercedis</strong></span> <span class='ocrx_word' id='word_1_398' title='bbox 1308 2716 1405 2753; x_wconf 86' lang='lat' dir='ltr'><strong>loco</strong></span> <span class='ocrx_word' id='word_1_399' title='bbox 1423 2720 1588 2765; x_wconf 80' lang='lat' dir='ltr'><strong>tyran-</strong></span> 
     </span>
     <span class='ocr_line' id='line_1_42' title="bbox 142 2770 1588 2829; baseline -0.004 -11"><span class='ocrx_word' id='word_1_400' title='bbox 142 2779 215 2818; x_wconf 79' lang='lat' dir='ltr'><strong>nis</strong></span> <span class='ocrx_word' id='word_1_401' title='bbox 234 2777 490 2829; x_wconf 78' lang='lat' dir='ltr'><strong>praebeat.</strong></span> <span class='ocrx_word' id='word_1_402' title='bbox 550 2776 670 2814; x_wconf 81' lang='lat' dir='ltr'><strong>Aliter</strong></span> <span class='ocrx_word' id='word_1_403' title='bbox 686 2770 920 2815; x_wconf 82' lang='lat' dir='ltr'><strong>&#39;Gerlachius</strong></span> <span class='ocrx_word' id='word_1_404' title='bbox 943 2776 1029 2811; x_wconf 91' lang='lat' dir='ltr'><strong>Vol.</strong></span> <span class='ocrx_word' id='word_1_405' title='bbox 1050 2774 1119 2819; x_wconf 86' lang='lat'><strong>111,</strong></span> <span class='ocrx_word' id='word_1_406' title='bbox 1150 2785 1186 2823; x_wconf 90' lang='lat' dir='ltr'><strong>p.</strong></span> <span class='ocrx_word' id='word_1_407' title='bbox 1208 2775 1267 2812; x_wconf 83' lang='grc'><strong>63.</strong></span> <span class='ocrx_word' id='word_1_408' title='bbox 1298 2774 1512 2823; x_wconf 71' lang='lat' dir='ltr'><strong>sanquinem</strong></span> <span class='ocrx_word' id='word_1_409' title='bbox 1532 2773 1588 2812; x_wconf 83' lang='lat' dir='ltr'><strong>in-</strong></span> 
     </span>
    </p>
   </div>
  </div>
 </body>
</html>
