1774 3002
137 122 221 165 248
451 137 454 140 ’
611 125 652 162 C.
683 124 913 163 SALLUSTI
945 126 1097 164 CRISPI

137 251 432 299 necessariam
468 250 585 297 haud
612 250 749 297 multo
780 266 910 297 secus
946 267 1073 314 quam
1112 254 1230 299 ferro
1266 254 1415 301 noceri
1450 257 1583 316 pote-

136 406 321 443 omnibus.
380 406 422 442 In
444 408 544 441 textu
558 405 586 440 F
589 407 773 452 ragmenti
798 405 1010 442 exhibendo
1032 407 1249 443 lacunarum
1272 407 1406 454 spatia,
1436 419 1482 443 ne
1507 409 1582 443 ete-

135 464 284 511 gantiae
302 461 600 510 typographicae
618 462 868 509 osficeremus,
886 474 960 498 non
976 463 1088 510 plene
1111 458 1382 509 indicavimus3
1404 476 1499 511 quae
1522 466 1583 512 qui

136 530 368 568 cognoscere
390 519 530 568 volent,
551 519 632 554 eius
653 520 706 555 rei
723 521 869 567 copiam
884 520 1072 556 habebunt
1091 532 1138 556 ex
1160 521 1283 557 tabula
1299 521 1584 569 lithographica‚

137 579 174 613 in
208 578 311 612 calce
331 576 444 612 huius
466 575 641 612 editionis
667 575 826 620 adiecta,
853 577 890 612 in
911 588 984 623 qua
1006 578 1220 624 exemplum
1243 577 1386 614 codicis
1413 578 1584 615 Vaticani

136 633 419 670 accuratissime
441 631 732 669 describendum
753 634 984 670 curavimus.
1224 679 1231 682 ἠ

247 689 472 725 Particulam
488 689 668 725 historiae
686 691 773 726 belli
791 690 1208 737 SpartaciiFragmento
1226 691 1407 727 contineri
1423 701 1486 726 res
1501 691 1585 738 ipsa

136 748 310 794 loquitur.
370 744 432 782 Ad
453 746 596 782 tertium
619 751 742 782 autem
773 748 906 782 librum
931 754 1015 782 eam
1043 748 1232 794 pertinere
1261 752 1300 784 ut
1328 759 1404 783 non
1431 747 1584 794 difficile

135 809 193 840 est
212 803 362 847 videre,
393 802 476 839 aliis
499 813 648 849 quoque
675 803 848 839 eiusdem
870 804 1079 850 argumenti
1101 804 1130 840 F
1133 804 1339 851 ragmentis
1373 815 1422 840 ex
1449 804 1585 840 eodem

135 862 229 898 libro
253 859 428 904 servatis,
449 860 500 895 ita
521 860 735 896 testimonio
761 860 871 895 Nonii
894 860 1155 905 confirmatur,
1188 861 1250 907 qui
1283 861 1345 906 VI,
1363 863 1423 899 44.
1444 871 1480 908 p.
1500 864 1582 905 456,

135 921 193 956 15.
218 918 335 953 Mero.
356 917 475 952 verba
493 920 527 960 §⁴
554 921 613 954 15.
640 917 696 952 Ac
714 918 835 952 statim
851 916 996 964 fuyitivi
1015 921 1086 952 etc.
1108 928 1156 952 ex
1177 918 1241 953 lib.
1261 917 1320 954 ΙΙΙ.
1341 917 1480 954 Histor.
1505 919 1584 961 lau—

136 974 213 1010 dat.
271 974 324 1009 De
349 973 469 1019 primo
491 976 613 1009 autem
634 974 734 1009 iltius
754 974 840 1010 belli
862 978 1028 1020 tempore
1049 973 1120 1010 hoc
1145 974 1172 1009 F
1175 978 1368 1022 ragmento
1391 975 1453 1021 agi
1471 986 1518 1010 ex
1539 986 1584 1011 eo

134 1035 248 1078 patet,
279 1029 381 1076 quod
402 1030 600 1073 Vatinius,
630 1031 755 1066 statim
774 1034 860 1077 post
884 1029 1053 1066 Clodium
1083 1035 1211 1066 contra
1241 1031 1420 1077 fugitivos
1445 1031 1585 1067 missus

135 1090 192 1133 (v.
209 1085 395 1123 Plutarch.
426 1086 464 1121 in
495 1085 623 1122 Crass.
650 1098 684 1122 c.
712 1084 747 1130 9,
778 1086 919 1133 med.),
950 1086 1172 1133 Spartacum
1204 1087 1378 1123 obsidere
1401 1092 1583 1131 narratur,

134 1149 211 1180 tum
234 1142 336 1190 quod
346 1142 495 1187 Crixus,
517 1143 706 1188 aliquanto
727 1147 812 1190 post
833 1154 855 1178 a
877 1143 994 1178 Gellio
1015 1154 1166 1187 caesus,
1187 1143 1248 1179 hic
1273 1143 1397 1180 adhuc
1419 1137 1456 1179 in
1473 1143 1585 1190 Spar-

135 1201 207 1238 taci
228 1200 362 1236 castris
389 1204 459 1246 est,
482 1199 644 1246 denique
668 1199 770 1246 quod
790 1199 937 1246 fugitivi
960 1199 1083 1235 adhuc
1107 1200 1143 1234 in
1165 1198 1368 1247 Campania
1396 1204 1583 1236 morantes

133 1268 202 1304 per
223 1258 312 1304 iuga
338 1256 531 1292 Picentina
551 1256 588 1291 in
607 1256 810 1292 Lucaniam
838 1258 1059 1303 prorupisse
1082 1256 1288 1302 traduntur,
1309 1268 1422 1304 quam
1447 1256 1583 1292 deinde

135 1314 275 1350 diutius
306 1314 496 1349 vexabant
522 1323 565 1348 ac
593 1312 932 1360 depraedabantur.
992 1313 1058 1349 His
1089 1312 1135 1348 de
1168 1315 1315 1350 caussis
1346 1315 1470 1350 locum
1498 1313 1584 1350 huic

133 1372 161 1408 F
165 1374 359 1418 ragmento
381 1381 403 1405 a
424 1369 532 1406 nobis
553 1369 787 1417 assignatum
817 1370 969 1405 minime
995 1369 1148 1405 dubium
1173 1373 1362 1416 putamus.

248 1430 284 1470 §-
305 1431 340 1465 1.
371 1427 448 1473 iqni
466 1429 621 1472 torrere,
645 1426 791 1473 quibus)
835 1427 1010 1462 Portenta
1040 1427 1246 1473 scripturae
1274 1428 1439 1473 priorum
1469 1427 1586 1463 edito-

134 1496 237 1529 rum,
273 1482 439 1520 Bimardi
469 1482 518 1519 NI
547 1482 758 1519 IORRERE
791 1482 922 1527 QU1T3
944 1502 1001 1521 —,—
1024 1482 1174 1519 Dousae
1201 1495 1238 1519 m
1265 1494 1309 1520 or
1334 1483 1510 1531 Trequtj;
1531 1503 1584 1509 -——

135 1540 300 1578 Putschii
321 1551 356 1575 m
377 1551 422 1576 or
441 1540 591 1586 trequii3
620 1558 679 1565 —
709 1538 896 1575 Gerlachii
922 1539 982 1575 ed.
1012 1540 1100 1575 mai.
1120 1551 1201 1576 mor
1229 1540 1388 1588 Trequit}
1412 1540 1586 1577 concide-

133 1601 218 1636 runt
238 1597 390 1644 cognita
410 1596 569 1632 lectione
591 1595 735 1632 codicis
753 1597 838 1632 Vat.
859 1595 1121 1632 N1TOR÷ERE
1136 1596 1263 1641 QUIB.
1288 1596 1585 1645 Inde—Kreyssi—

135 1655 219 1702 gius
242 1653 403 1689 coniecit
433 1653 531 1688 nitor
551 1662 651 1697 aere,
671 1653 812 1699 quihus,
840 1652 913 1688 hoc
942 1651 1194 1698 significatum
1215 1654 1332 1689 ruisse
1351 1657 1500 1700 putans,
1530 1655 1585 1690 su-

134 1711 273 1759 gitivos
293 1709 412 1747 hastis
433 1709 512 1745 suis
535 1709 574 1744 in
594 1709 680 1744 ferri
702 1709 829 1755 inopia
849 1709 1004 1744 nitorem
1029 1718 1119 1744 aere
1140 1708 1351 1746 addidisse.
1381 1709 1458 1746 Sed
1477 1710 1529 1755 id,
1551 1711 1583 1747 si

134 1766 398 1804 condicionem
423 1776 621 1805 servorum
647 1769 819 1812 spectas,
849 1764 963 1801 valde
989 1768 1068 1800 erat
1094 1765 1248 1810 inutile3
1279 1776 1403 1812 neque
1431 1766 1585 1803 residua

133 1824 318 1873 particula
348 1823 470 1858 lineae
492 1821 657 1858 directae
683 1822 777 1858 inter
794 1821 826 1857 R
847 1825 883 1857 et
902 1822 932 1857 E
950 1824 1074 1868 potest
1092 1833 1162 1869 pro
1193 1822 1354 1870 vestigio
1381 1822 1416 1859 A
1435 1823 1580 1861 litterae

134 1881 277 1918 haberi.
315 1879 440 1924 Quare
460 1878 603 1914 omissa
629 1883 664 1914 et
683 1878 769 1922 hac,
793 1882 828 1914 et
842 1882 975 1914 'nostra
995 1878 1223 1924 coniectura,
1241 1879 1327 1915 olim
1347 1879 1386 1914 in
1406 1878 1583 1916 Seebodii

134 1938 231 1975 Bibl.
255 1937 336 1973 crit.
359 1946 393 1973 a.
418 1937 523 1974 1830.
546 1934 632 1970 Vol.
657 1935 702 1971 ΙΙ.
722 1946 760 1981 p.
779 1937 860 1973 503.
881 1934 1077 1981 proposita
1098 1935 1275 1982 yerebant
1298 1937 1381 1982 pila
1404 1946 1583 1982 praemu-

134 1996 236 2031 nita
255 2003 388 2037 aere,
415 1991 544 2039 quibus
565 1994 635 2027 etc.
648 2020 656 2035 ‚
687 1992 796 2028 unice
821 2002 953 2028 verum
968 1995 1147 2038 vputamus
1166 1993 1243 2038 iqm'
1261 1995 1423 2038 torrere,
1441 1994 1583 2040 quibus,

135 2063 208 2099 quo
234 2049 336 2086 ducit
365 2053 442 2084 tum
461 2047 628 2084 Bimardi
653 2049 784 2093 lectio,
815 2052 891 2084 tum
910 2049 1034 2095 ipsum
1054 2047 1140 2083 eod.
1162 2048 1248 2085 Vat.
1271 2049 1485 2096 vestigium.
1525 2051 1584 2086 .In

134 2108 236 2144 idem
266 2105 450 2142 inciderat
469 2106 553 2140 iam·
571 2104 810 2149 Debrossius‚
831 2115 1056 2152 quamquam
1073 2116 1225 2141 sensum
1244 2105 1317 2142 loci
1338 2117 1414 2142 non
1433 2117 1586 2143 assecu-

133 2169 216 2208 tus3
239 2173 359 2209 neque
380 2173 421 2198 se
441 2162 735 2207 improbaturum
755 2162 872 2198 fuisse
894 2161 1122 2208 significavit
1139 2162 1386 2209 Kreyssigius
1405 2173 1444 2209 p.
1459 2166 1534 2208 31„
1552 2164 1583 2200 si

134 2219 248 2257 modo
270 2217 464 2254 commode
485 2218 664 2264 explicari
687 2221 722 2254 et
749 2229 833 2254 eum
854 2217 1096 2264 sequentibus
1121 2222 1206 2264 apte
1234 2219 1410 2266 coniungi
1440 2223 1582 2266 posset.

133 2279 226 2314 Puto
247 2285 377 2323 posse.
436 2274 478 2309 In
511 2273 819 2311 antecedentibus
845 2275 943 2310 enim
962 2274 1036 2311 hoc
1058 2275 1137 2317 sere
1159 2279 1222 2311 aut
1242 2275 1363 2311 simile
1388 2275 1479 2322 quid
1494 2277 1582 2314 suit:

82 2366 83 2369 ,
137 2333 345 2381 Spartacus
364 2340 445 2374 eos,
479 2331 542 2376 qm·
560 2331 654 2366 iusta
673 2342 783 2367 arma
802 2341 875 2367 non
897 2331 1084 2376 haberent,
1100 2332 1204 2367 iussit
1221 2332 1332 2368 sudes
1349 2333 1393 2377 (i.
1414 2342 1448 2369 e.
1469 2332 1583 2369 rudes

135 2391 267 2427 hastas
290 2388 337 2424 de
371 2385 481 2424 viridi
506 2387 640 2422 arbore
672 2384 815 2431 sectas)
843 2388 944 2435 iyni
972 2391 1178 2424 torrere.
1240 2388 1349 2433 Quod
1377 2399 1423 2423 ne
1450 2394 1583 2436 parum

135 2447 248 2483 latine
271 2445 409 2481 dictum
430 2446 552 2490 putes,
573 2446 612 2478 ut
630 2443 851 2490 Kreyssigio
876 2445 1012 2488 visum,
1035 2445 1163 2479 confer
1184 2444 1289 2492 Virg.
1306 2444 1404 2482 Aen.
1426 2445 1580 2490 IX,743.

134 2502 205 2540 Ille
227 2502 388 2538 rudem
409 2499 511 2536 nobis
533 2501 568 2535 et
585 2501 766 2535 cortice
793 2501 937 2536 crudo
964 2500 1157 2547 Interque!
1179 2503 1328 2537 summis
1348 2501 1510 2538 admkcus
1528 2501 1579 2536 υἱ-

133 2559 237 2595 ribus
257 2558 462 2598 hastam:
483 2555 532 2592 ad
546 2566 656 2602 quem
672 2556 795 2591 locum
816 2555 993 2593 Servius:
1019 2558 1179 2602 „cortice
1201 2558 1328 2604 crudo,
1353 2558 1482 2603 inquit,
1507 2557 1532 2592 i.
1546 2567 1580 2593 e.

136 2614 271 2658 viridi;
294 2624 380 2649 nam
401 2613 532 2649 hastae
551 2613 628 2660 iyni
644 2613 863 2659 plerumque
888 2613 1115 2650 torrentur-ff

245 2671 402 2717 speciem
422 2669 510 2705 bello
532 2669 798 2713 necessariam)
834 2668 1033 2705 Bimardus
1053 2669 1168 2705 habet
1195 2669 1221 2706 S
1239 2695 1249 2704 .
1267 2697 1276 2706 .
1291 2667 1403 2705 CIEM
1426 2669 1576 2705 BELLO

133 2724 456 2770 NECESSAR103
479 2725 606 2762 Dousa
623 2726 754 2762 swiem
773 2724 862 2762 bello
879 2726 1130 2762 necessariam
1139 2741 1151 2767 ,-
1181 2725 1377 2761 Putschius
1396 2735 1415 2761 s
1434 2737 1456 2762 r
1484 2727 1579 2762 ciem
