1774 3002
433 175 435 177 ·
478 174 808 215 msToRlARUM
837 173 1150 213 FRAGMENTA.
1207 173 1298 210 L1B.
1328 174 1389 210 111.
1561 170 1642 215 197

202 302 437 350 scribundo
466 300 766 361 mittundoque
790 300 966 361 legatos
996 298 1137 344 omnis
1164 312 1274 359 opes
1293 300 1337 344 et
1363 313 1468 359 spes
1489 298 1644 369 [πίνει-

201 389 271 433 tas
296 399 417 432 meas
438 384 711 444 consumpsi,
739 398 872 446 quum
898 382 1068 430 interim
1098 398 1125 444 a
1151 383 1293 442 vobis·
1307 397 1388 443 per
1408 382 1640 430 triennium

165 470 280 516 3'vix
319 483 492 515 annuus
531 470 732 528 sumptus
780 468 909 514 datus
954 468 1034 512 est.
1104 466 1190 513 Per
1227 465 1337 511 deos
1372 464 1642 523 immortaliS,

204 554 349 598 utrum
375 552 563 598 censetis
588 566 657 597 me
688 551 828 596 vicem
856 550 996 596 aerari
1034 551 1282 610 praestare,
1316 564 1374 594 an
1404 548 1643 597 exercitum

165 634 307 697 *tsine
324 635 543 681 frumento
570 636 614 679 et
634 633 851 693 stipendio
879 633 1038 679 habere
1064 632 1231 693 posse?
1263 631 1478 693 Equidem
1503 634 1646 681 fateor

203 733 272 764 me
292 718 348 764 ad
371 717 455 763 hoc
472 715 633 762 bellum
653 717 816 762 maiore
835 716 981 761 studio
1008 730 1138 776 quam
1162 715 1347 761 consilio
1373 714 1643 776 proseetum3

204 854 313 900 Quod
335 864 445 901 quam
472 853 586 898 falso,
615 826 825 899 quantaque
855 853 1054 888 insolentia
1078 853 1215 890 dictum
1237 853 1304 898 sit,
1335 853 1574 900 cognoscitur
1596 866 1644 891 ex

204 909 403 947 Plutarcho
430 911 557 975 l‘omp.
579 919 611 944 e.
637 911 692 953 17,
721 912 814 944 extr.
882 899 993 972 Πρὸς
1020 908 1143 946 ταῦτα
1169 902 1380 959 Πομπήϊος
1405 906 1528 958 ἔχων
1555 901 1647 960 τὴν

206 957 442 1029 στρατιὰν
460 957 534 1012 ὑφ’
559 959 718 1015 ἐαυτῷ
742 958 1068 1028 διεπράττετο
1088 961 1278 1018 Μετέλλῳ
1294 964 1532 1028 πεμφθῆναι
1549 964 1645 1016 βοη-

207 1015 294 1087 θός.
325 1019 394 1060 και
414 1014 576 1060 Κάτλου
597 1016 821 1085 κελεύοντος
839 1033 894 1058 ου
915 1016 1123 1082 διέλυεν,
1146 1012 1243 1058 ἀλλ’
1251 1004 1318 1059 ἐν
1335 1021 1441 1067 τοῖς
1468 1014 1648 1069 ὅπλοις

205 1067 267 1143 ἦν
284 1075 396 1143 περὶ
415 1069 507 1142 τὴν
523 1070 669 1114 πόλιν
690 1068 754 1113 ἆεί
770 1089 877 1122 τινας
897 1070 1129 1126 ποιούμενος
1146 1071 1377 1128 προφάσεις,
1397 1073 1470 1124 ἕως
1491 1075 1649 1117 ἔδωκαν

206 1127 313 1186 αὐτῷ
330 1127 404 1183 τὴν
422 1125 559 1184 ἀρχήν.
581 1133 695 1170 ——In
718 1134 988 1171 cervicibus—
1005 1137 1154 1182 ayentis,
1176 1136 1199 1170 i.
1214 1146 1249 1171 e.
1268 1146 1388 1182 prope
1407 1136 1645 1173 imminentes

205 1196 241 1227 et
261 1191 310 1228 ad
329 1191 607 1238 irrumpendum
627 1194 820 1238 promptos
843 1194 1095 1238 paratosque;
1116 1193 1164 1228 cf.
1183 1192 1262 1227 Liv.
1283 1191 1398 1235 XXII,
1418 1195 1478 1236 33,
1500 1196 1537 1232 6.
1567 1193 1650 1230 Etsi

205 1248 333 1285 bellum
359 1250 487 1296 myens
514 1249 561 1284 in
589 1247 864 1283 cervicibus
891 1251 1014 1292 erat,
1044 1249 1178 1285 nullius
1207 1258 1362 1295 usquam
1380 1252 1570 1286 tem-arum
1591 1252 1651 1286 rei

205 1315 299 1341 cura
322 1304 509 1341 Romanos
530 1303 736 1351 effugiebat.
795 1303 851 1339 Id.
873 1303 1000 1347 XLIV,
1020 1307 1078 1348 39,
1105 1307 1139 1342 7.
1201 1304 1343 1348 Quanto
1365 1304 1517 1352 facilius
1544 1306 1648 1342 abire

203 1361 295 1409 suit,
324 1371 435 1407 quum
454 1360 594 1406 procul
618 1360 845 1404 abessemus,
878 1371 987 1407 quam
1014 1371 1132 1404 nunc,
1170 1372 1281 1408 quum
1308 1362 1349 1396 in
1376 1362 1647 1399 cervicibus

205 1419 387 1453 samus?
445 1415 521 1454 Cic.
545 1428 583 1463 p.
604 1416 699 1452 Mur.
721 1418 780 1460 37,
807 1417 866 1454 79.
929 1416 1002 1453 Nec
1024 1419 1097 1452 tam
1119 1417 1296 1453 timendus
1324 1421 1378 1453 est
1406 1428 1505 1454 nunc
1532 1429 1645 1456 exer·

206 1475 297 1509 cim
314 1472 356 1509 L.
378 1473 564 1516 Catilinae,
585 1483 694 1520 quam
714 1474 783 1516 isti,
804 1473 870 1519 qui
889 1493 937 1498 —
966 1474 1005 1507 in
1023 1475 1143 1520 capite
1160 1477 1269 1520 atque
1301 1474 1348 1509 in
1375 1475 1648 1511 cervicibus

206 1531 341 1565 nostr-13·
361 1530 583 1566 restiterunt.
622 1528 742 1565 Simili
764 1530 945 1564 sententia
969 1528 1104 1566 dicitur
1121 1539 1241 1577 supra
1258 1533 1373 1577 caput
1389 1539 1480 1576 esse,
1504 1531 1551 1567 de
1573 1543 1647 1579 quo

208 1597 246 1621 v.
276 1585 326 1621 ad
347 1585 452 1621 Catil.
474 1597 509 1622 c.
530 1585 600 1629 LII,
622 1588 682 1623 24.
700 1597 739 1632 p.
759 1587 842 1624 274.
902 1585 1010 1630 Quod
1040 1585 1198 1622 adrem
1219 1586 1340 1632 ipsam
1360 1587 1510 1632 attinet,
1540 1589 1647 1624 Pom-

206 1642 314 1689 peius
335 1641 397 1689 hie
417 1651 564 1689 quoque
586 1653 700 1688 supra
720 1641 872 1677 modum
903 1643 1014 1677 rebus
1045 1654 1067 1678 a
1091 1654 1132 1679 se
1163 1644 1281 1689 gestis
1303 1642 1502 1689 gloriatur,
1534 1645 1649 1691 siqui-

208 1698 296 1734 dem
314 1697 435 1735 hostes
450 1699 489 1734 in
502 1697 701 1734 cervicibus
718 1699 792 1734 iam
812 1697 943 1734 Italiae
957 1702 1104 1746 ayentes
1122 1710 1196 1735 non
1213 1699 1274 1735 alii
1295 1703 1391 1743 sunt,
1412 1711 1524 1746 quam
1544 1711 1658 1737 mon*

209 1758 316 1790 tanae
336 1754 521 1801 quaedam
548 1758 702 1802 gentes,
731 1754 777 1790 de
804 1756 990 1790 montibus
1014 1756 1051 1790 in
1081 1759 1332 1792 transeuntem
1352 1757 1557 1793 exercitum
1586 1757 1647 1794 hie

209 1811 283 1847 illie
305 1811 482 1857 impetum
502 1811 680 1847 facientes
697 1812 851 1857 eiusque
872 1812 940 1846 iter
956 1811 1139 1848 interdurn
1162 1815 1372 1857 morantes3
1394 1825 1430 1848 v.
1444 1812 1648 1850 Drumanni

209 1867 304 1902 Hist.
325 1866 432 1902 Rom.
456 1867 543 1902 Vol.
565 1867 630 1902 IV.
649 1878 686 1913 p.
706 1869 789 1905 362.
818 1887 872 1892 —
909 1866 988 1903 Iler
1006 1868 1109 1904 aliud
1127 1872 1234 1915 atque
1256 1868 1302 1903 ab
1322 1867 1531 1904 Hannibale
1540 1873 1650 1916 pale-

208 1922 348 1969 facium
366 1922 428 1957 ubi
448 1923 567 1966 fuerit,
589 1922 740 1958 difficile
764 1922 864 1958 dictu
885 1926 955 1958 est.
975 1924 1044 1958 Per
1055 1923 1193 1960 Cottias
1204 1924 1333 1970 Alpes,
1355 1935 1450 1971 quae
1461 1926 1651 1963 suntinsra

212 1978 426 2014 Hannibalis
443 1978 511 2013 iter
519 1987 619 2013 mare
631 1978 858 2024 Ligusticum
868 1989 1015 2022 versuS,
1026 1979 1142 2017 ivisse
1153 1980 1371 2026 Pompeium
1380 1980 1500 2017 Faber
1508 1987 1651 2019 censet.

214 2033 291 2071 Sed
310 2033 398 2069 huie
421 2034 622 2068 sententiae
643 2038 826 2081 repugnat
848 2034 1011 2096 Appiani
1034 2036 1299 2081 testimonium,
1316 2037 1379 2083 qui
1394 2036 1439 2072 Β.
1461 2036 1502 2073 C.
1522 2039 1549 2083 Ι,
1571 2043 1650 2078 109.

212 2090 307 2125 haee
329 2090 460 2124 refert:
455 2082 686 2152 Πομπήϊος
707 2084 749 2126 δὲ
767 2085 805 2134 ἐς
821 2081 870 2125 τὰ
886 2084 1128 2141 ’Ἁλπειαορη
1146 2082 1242 2140 μετὰ
1261 2085 1511 2156 φρονήματος
1524 2086 1651 2157 ἀνῄει,

214 2136 262 2182 οὗ
295 2136 395 2182 κατὰ
424 2135 496 2193 τὴν
519 2136 701 2194 Ἀννίβου
728 2143 1035 2212 μεγαλουργίαν,
1058 2143 1212 2215 ξτέραν
1242 2140 1276 2185 δ’
1279 2141 1491 2213 ἕχαρασσεν
1522 2141 1653 2199 ἀμφὶ

214 2201 317 2246 ταῖς
336 2201 520 2266 πηγαῖς
537 2201 623 2237 τοῦ
656 2213 704 2238 τε
729 2195 966 2239 Ροδανοῦ
985 2199 1070 2240 καὶ
1085 2195 1369 2269 Ἠριδανοῦ,
1391 2202 1431 2242 οἳ
1449 2197 1652 2255 ἀνίσχουσι

214 2252 286 2306 μὲν
306 2252 348 2293 ἐκ
367 2255 446 2293 τῶν
467 2249 698 2294 Ἀλπείων’
679 2257 803 2324 opcfiv’
810 2249 866 2294 ου
893 2251 1092 2323 μακρὰν
1119 2251 1191 2297 ἄπ’
1217 2251 1465 2324 ἀλλήλων·
1478 2259 1560 2324 ῥεῖ
1580 2255 1652 2301 δ’ὁ

215 2308 287 2377 μὲν
309 2303 375 2349 δια
397 2311 553 2349 Κελτῶν
573 2312 652 2350 τῶν
673 2305 772 2364 ὑπὲρ
791 2304 942 2360 Ἀλπεῖς
970 2312 1023 2360 εἰς
1050 2307 1124 2365 τὴν
1151 2309 1403 2382 Τυρῤηνικὴν
1429 2311 1652 2381 θάλασσαν,

216 2361 237 2405 ὃ
261 2364 304 2406 δὲ
330 2364 496 2405 ἔνδοθεν
520 2367 599 2406 τῶν
622 2359 811 2407 Ἀλπείων
836 2366 899 2408 ἐπὶ
926 2362 970 2409 τὸ
989 2363 1147 2422 Ἰόνιον,
1176 2368 1316 2418 Πάδος
1335 2366 1423 2411 ἆντι
1439 2365 1653 2425 Ἠριδανοῦ

214 2422 528 2474 μετονομασθείς.
565 2425 622 2460 Ex
640 2426 699 2462 his
731 2427 872 2474 liquido
891 2432 992 2476 patet
1022 2441 1096 2465 non
1125 2431 1222 2466 infra
1240 2431 1457 2467 Hannibalis
1479 2433 1559 2477 iter,
1582 2433 1652 2469 sed

217 2493 331 2528 supra
352 2480 391 2516 id
410 2480 633 2517 Rhodanum
653 2493 788 2520 versus
809 2495 945 2521 novam
964 2485 1065 2522 viam
1086 2487 1323 2533 quaesivisse
1343 2488 1574 2534 Pompeium,
1602 2490 1653 2525 ita

216 2541 255 2573 ut
273 2539 335 2574 vel
356 2548 424 2584 per
442 2537 603 2573 Graecas
624 2538 753 2585 Alpes,
775 2542 836 2576 vel
851 2541 976 2578 media
995 2542 1091 2578 inter
1107 2543 1270 2579 Graecas
1295 2548 1330 2579 ot
1343 2544 1531 2581 Penninas
1545 2550 1651 2592 parte

217 2594 333 2631 ivisse
354 2593 536 2630 videatur.
569 2592 646 2630 Sed
667 2596 840 2641 quoniam
860 2597 953 2633 Padi
978 2599 1110 2644 fontes,
1145 2610 1239 2645 quos
1257 2600 1454 2647 Appianus
1473 2612 1605 2651 parum
1630 2613 1653 2637 a

217 2649 389 2686 Rhodani
420 2649 558 2686 distare
580 2649 680 2694 dicit,
694 2652 791 2688 satis
814 2653 931 2700 longe
961 2656 1105 2699 absunt,
1138 2655 1333 2692 Gerlachio
1354 2658 1559 2700 assentior,
1588 2658 1650 2704 qui

220 2705 394 2751 Ticinum,
417 2716 524 2753 quem
543 2706 737 2753 Appianus
757 2710 948 2746 nominare
969 2710 1138 2756 debebat,
1163 2723 1247 2748 eum
1266 2711 1383 2757 Pado,
1406 2713 1443 2748 in
1468 2723 1576 2760 quem
1600 2714 1652 2749 in

219 2760 309 2805 fluit,
330 2763 525 2800 confusum
549 2773 634 2799 esse
659 2764 820 2801 coniicit.
