1774 3002
146 171 231 213 214
645 175 685 212 C.
716 174 947 214 SALLUSTI
977 173 1128 213 CRISPI

287 304 355 345 22.
413 300 569 346 Manus
594 302 764 347 ferreas
788 302 832 347 et
859 300 944 346 alia
967 315 1144 347 annexu
1169 301 1328 347 idonea
1356 300 1545 346 iniicere.

288 386 356 428 23.
411 383 620 445 Saxaque
645 386 838 447 ingentia
871 387 915 430 et
942 385 1073 431 orbes
1100 401 1186 430 axe
1215 385 1347 430 iuncti
1375 397 1456 444 per
1490 379 1602 443 pre-

154 481 259 512 num
291 466 598 525 incitabantur,
647 469 894 531 axibusque
932 468 1179 515 eminebant
1210 469 1251 515 in
1288 467 1465 514 modum
1500 464 1603 511 erici

155 550 351 597 militaris
387 554 543 598 veruta
580 551 727 599 binum
761 553 936 613 pedum.

155 690 246 725 turri
268 689 429 726 navibus
447 689 622 736 imposita
640 702 738 737 pons
759 692 796 726 in
818 701 965 727 murum
987 689 1117 752 oppidi
1138 689 1351 736 prosiliret;
1372 688 1423 723 cs.
1445 686 1606 734 Appian.

156 746 282 782 Mithr.
305 758 336 781 c.
357 747 423 790 73,
446 751 538 782 extr.
564 739 678 783 Κατὰ
698 742 740 784 δὲ
763 759 854 791 τους
880 742 1039 795 λιμένας
1066 738 1139 783 δύο
1146 737 1366 810 πεντήρεις
1385 739 1609 806 ἐζευγμέναι

156 795 312 852 πύργον
343 796 476 864 ἕτερον
508 798 671 853 ἔφερον,
708 799 757 850 ἐξ
792 815 846 840 ου
889 799 1108 853 γέφυρα,
1141 793 1290 839 ὁπότε
1325 792 1609 851 προσπελά-

157 867 304 895 σειαν
330 853 377 903 ἐς
404 850 455 895 τὰ
485 859 663 908 τεῖχος,
692 851 787 904 ὑπὸ
818 859 1044 923 μηχανῆς
1070 851 1315 907 ἐξήλλετο.
1336 857 1391 921 Id.
1416 857 1464 893 ib.
1486 869 1520 893 c.
1549 858 1608 895 74.

157 916 209 951 in.
237 907 282 952 Ὁ
310 910 352 952 δὲ
381 909 645 980 Μιθριδάτης
668 912 786 967 ἐπῆγε
806 908 880 965 τὴν
907 912 972 953 ἐπὶ
994 915 1075 953 τῶν
1102 914 1204 952 νεῶν
1220 907 1413 964 μηχανήν.
1435 905 1552 949 καὶ”
1526 925 1555 962 η
1571 923 1611 950 τε

157 967 353 1035 γέφυρα
377 967 426 1016 ἐς
447 965 499 1008 τὸ
530 973 693 1022 τεῖχος
721 966 973 1023 ἐξήλατο’
957 966 1097 1021 ἄφνω,
1125 967 1194 1008 καὶ
1214 967 1396 1020 τέσσαρες
1425 959 1501 1006 ἄπ’
1538 960 1609 1005 ἀὖ-

160 1027 230 1076 τῆς
249 1020 391 1078 ανδρες
410 1023 636 1079 ἐξέδραμον.
659 1031 764 1075 Quae
778 1032 977 1067 verborum
995 1029 1248 1077 interpretatio
1270 1027 1302 1064 si
1322 1038 1414 1065 vera
1435 1031 1504 1071 est,
1516 1026 1613 1063 unde

161 1086 322 1121 refertur
342 1084 392 1121 ad
410 1086 541 1122 turrim
559 1087 695 1123 iunctis
717 1087 863 1124 duabus
885 1087 1218 1133 quinqueremibus
1242 1085 1469 1132 impositam,
1491 1093 1610 1130 neque

162 1142 262 1178 male
285 1153 372 1178 eum
402 1153 542 1189 graeco
563 1135 796 1189 ἐξάλλεσθαι
816 1145 992 1180 convenit
1020 1143 1210 1191 explicari
1232 1142 1408 1185 verbum,
1434 1139 1535 1187 quod
1564 1139 1611 1175 de

160 1202 276 1246 ponte
291 1203 473 1235 consueto
497 1199 612 1236 medo
634 1199 730 1237 duas
755 1200 931 1237 diversas
952 1205 1078 1248 partes
1099 1202 1268 1247 iunqeme
1288 1197 1362 1235 dici
1382 1207 1457 1233 non
1476 1200 1611 1243 potest.

161 1255 317 1302 Aliquid
339 1267 431 1292 sane
453 1255 675 1293 offensionis
696 1257 810 1294 habet
834 1268 1020 1305 praesens
1041 1257 1167 1300 verbi,
1190 1257 1253 1292 tali
1281 1254 1486 1291 narrationi
1510 1252 1613 1289 hand

162 1313 411 1350 conveniens.
451 1313 578 1357 Quare
598 1313 702 1350 haud
729 1316 808 1350 seio
831 1325 880 1350 an
899 1325 967 1361 pro
991 1325 1036 1350 eo
1060 1314 1269 1361 explicatus
1288 1311 1398 1348 ruerit
1422 1311 1614 1357 scriptum,

165 1369 343 1405 adiuncto
364 1370 484 1406 verbo
499 1370 707 1417 prosiliret,
731 1372 795 1407 vel
819 1371 944 1407 simili.

276 1426 339 1462 Fr.
357 1429 417 1464 22.
445 1426 576 1471 [Deest
597 1438 659 1474 ap.
681 1427 779 1464 Cort.
793 1456 802 1472 ‚
837 1429 937 1464 Gerl.
959 1427 1022 1463 ed.
1045 1427 1133 1462 mai.
1153 1430 1191 1461 et
1210 1425 1324 1461 Debr.
1345 1439 1401 1452 -ι-
1426 1423 1524 1460 Gerl.
1550 1423 1614 1458 ed.

165 1483 592 1532 min-111‚96.p.224,
616 1488 671 1522 11.
677 1485 691 1529 ]
710 1485 999 1532 Fragmentum,
1030 1483 1132 1530 quod
1162 1494 1210 1518 ex
1230 1482 1343 1518 Arus.
1365 1492 1405 1518 v.
1435 1479 1615 1524 idoneum,

164 1551 201 1587 p.
220 1541 302 1578 242.
319 1539 381 1576 ed.
399 1539 507 1575 Lind.
530 1551 665 1577 recens
687 1541 853 1586 aceedit,
888 1542 998 1577 simul
1029 1551 1113 1577 eum
1143 1542 1322 1586 sequente
1352 1537 1402 1575 ad
1429 1541 1617 1573 strenuam

112 1617 114 1619 >
164 1597 482 1643 fortissimamque
505 1596 780 1644 Cyzicenorum
801 1598 1062 1634 defensionem
1092 1599 1223 1632 contra
1243 1595 1449 1633 acerrimos
1477 1593 1618 1629 Mithri-

166 1652 265 1689 datis
268 1654 445 1715 impetus
466 1654 638 1701 pertinet.
665 1656 712 1690 cs.
736 1655 899 1702 Appian.
922 1654 1046 1690 Mithr.
1070 1664 1100 1688 c.
1124 1654 1188 1696 74,
1213 1652 1312 1688 med.
1341 1642 1527 1713 Τοὺς-μὲν
1545 1660 1620 1686 ουν

167 1720 306 1760 κριους
329 1706 463 1754 λίθοις
492 1702 777 1758 ἄπεκαύλιζον,
812 1703 840 1759 ἢ
875 1703 1080 1759 βρόχοις
1112 1699 1359 1755 ἀνέκλων,
1390 1697 1418 1755 ἢ
1452 1705 1620 1769 φορμοῖς

168 1762 286 1830 ἐρίων
305 1764 375 1815 τῆς
393 1762 483 1815 βιας
503 1761 672 1830 ἐξέλυον,
691 1765 771 1803 τῶν
792 1762 836 1804 δὲ
854 1765 983 1816 βελῶν
998 1765 1080 1810 τοῖς
1098 1760 1170 1813 μὲν
1191 1757 1413 1827 πυρφόροις
1431 1755 1619 1810 υπήντων

168 1815 286 1860 ὕδατι
300 1818 368 1859 καὶ
382 1816 482 1871 ὄξει,
508 1814 558 1860 τὰ
577 1815 620 1860 δ’
651 1817 752 1860 ἄλλα
777 1822 994 1889 προβολαῖς
1023 1812 1231 1885 ἱματίων
1211 1813 1239 1870 η’
1268 1814 1435 1864 ὀθόναις
1455 1817 1618 1880 κεχαλα-

169 1874 330 1928 σμέναὶς
350 1879 420 1929 τῆς
439 1879 568 1930 φορᾶς
586 1870 767 1917 ἆνέλυον.
806 1874 929 1925 ολως
957 1890 1005 1916 τε
1036 1868 1187 1915 οὐδὲν
1213 1872 1505 1927 προθυμίας
1531 1865 1618 1916 ἆν-

171 1931 248 1986 δρὶ
266 1933 490 1986 δυνατῆς
512 1932 755 1983 ἐξέλιπον.
794 1936 955 1975 Iniieere
975 1935 1086 1984 igitur
1111 1933 1161 1971 ad
1181 1934 1378 1972 machinas
1405 1933 1559 1971 bellicas
1583 1935 1620 1967 et

173 1994 310 2030 arietes
331 1998 390 2030 est
408 1994 660 2030 referendum.

283 2051 345 2087 Fr.
375 2054 432 2089 23.
463 2050 579 2097 [Cort.
605 2062 644 2098 p.
668 2053 751 2090 979.
772 2050 873 2087 Gerl.
894 2049 955 2086 ed.
978 2049 1065 2085 mai.
1090 2048 1157 2093 ΙΙΙ,
1183 2050 1242 2086 41.
1266 2046 1329 2083 ed.
1352 2046 1441 2082 min.
1461 2045 1530 2091 111,
1558 2046 1618 2083 5⁷.

172 2119 211 2154 p.
231 2109 323 2152 219,
343 2110 380 2146 8.
403 2108 515 2144 Debr.
538 2108 591 2153 11,
608 2105 680 2156 90.]
704 2108 801 2144 Non.
821 2106 960 2152 xvm,
985 2109 1041 2144 16.
1064 2117 1101 2153 p.
1132 2106 1222 2149 554,
1250 2106 1312 2143 33·
1342 2103 1456 2139 Mero·
1495 2103 1566 2138 Pro
1587 2104 1623 2138 et

173 2163 280 2200 orbes
299 2173 377 2200 axe
394 2166 509 2201 auecta·
533 2166 571 2200 in
601 2165 792 2212 plerisque
820 2163 934 2200 codd.
960 2162 1073 2199 valde
1106 2164 1279 2208 corrupte
1309 2160 1444 2207 legitur
1472 2158 1619 2196 usn-bae-

171 2230 294 2256 saoeae
322 2221 454 2265 iuncti,
484 2222 521 2256 in
545 2222 665 2269 Paris.
687 2221 735 2257 A.
757 2220 861 2257 turbe
886 2229 985 2257 saxe
1013 2219 1128 2265 elicii,
1157 2216 1368 2265 quae-vv,
1398 2216 1471 2252 DD.
1503 2215 1620 2251 inteli-

175 2277 340 2314 cissimis
373 2278 599 2314 coniecturis
626 2281 823 2313 tentarunt.
868 2277 909 2312 In
928 2276 989 2312 ed.
1022 2275 1111 2311 Ald.
1136 2275 1236 2310 enim
1267 2278 1304 2309 et
1324 2273 1420 2309 Iunii
1447 2272 1568 2309 editur
1587 2275 1623 2307 ei

176 2343 252 2371 ame
274 2334 420 2371 &metae
444 2334 586 2380 trabes,
609 2334 709 2370 unde
739 2333 845 2370 fluxit
873 2334 947 2369 levi
979 2333 1184 2368 mutatione
1215 2332 1312 2367 saeta
1345 2331 1501 2377 vulgata
1531 2327 1618 2364 edd.

177 2390 345 2429 Sallustii
363 2390 472 2426 lectio
492 2395 527 2426 et
548 2400 623 2427 axe
649 2392 791 2427 vinctae
813 2390 947 2435 trabes,
966 2390 1003 2425 in
1026 2400 1100 2435 qua
1121 2399 1253 2424 omnes
1273 2391 1448 2434 tanquam
1467 2385 1622 2422 verissi-

177 2458 240 2484 ma
258 2447 542 2495 acquieverunt.
582 2447 626 2483 Et
643 2451 767 2483 tamen
789 2447 872 2483 talis
892 2450 970 2491 est,
986 2450 1025 2482 ut
1046 2456 1166 2493 neque
1187 2445 1421 2491 corruptelae
1438 2442 1620 2490 originem

179 2504 375 2549 ostendat,
404 2506 547 2541 turbato
567 2515 614 2540 ex
636 2504 789 2540 libidine
812 2505 1013 2541 verborum
1037 2502 1169 2538 ordine
1194 2504 1408 2548 mutatoque
1435 2499 1620 2546 participii

180 2571 340 2610 genere,
366 2565 402 2597 et
429 2560 479 2598 ad
497 2561 570 2598 hoe
600 2561 825 2597 sententiam
852 2559 987 2597 habeat
1014 2571 1170 2607 prorsus
1200 2559 1374 2605 ineptam.
1413 2555 1509 2591 Nam
1535 2556 1621 2591 axis

181 2629 296 2666 quum
314 2629 384 2666 per
405 2629 446 2654 se
465 2630 489 2655 a
507 2618 611 2655 trabe
630 2629 707 2654 non
733 2616 902 2662 differat,
923 2628 997 2653 non
1022 2617 1256 2664 intelligitur,
1283 2613 1373 2661 quid
1399 2611 1521 2648 trabes
1549 2612 1620 2648 sibi

180 2676 298 2713 velint
322 2686 407 2711 eum
426 2685 521 2716 ατε,-
540 2676 654 2712 multo
674 2675 797 2711 minus
813 2677 925 2721 patet,
947 2673 1135 2721 quomodo
1156 2683 1224 2708 eae
1243 2680 1319 2708 axe
1339 2669 1537 2713 vinciri,
1558 2672 1622 2704 aut

174 2742 250 2781 per
268 2743 434 2781 pronum
463 2732 614 2769 ina-'tart‘
638 2732 836 2786 potuerint.
870 2731 990 2775 Quod
1012 2741 1124 2777 quum
1154 2729 1335 2765 rotatione
1364 2725 1620 2761 tantummodo

182 2790 263 2827 fieri
286 2793 438 2839 posset,
458 2800 618 2827 neeesse
646 2792 703 2826 est
730 2779 951 2826 vocabulum
975 2786 1154 2830 affuisse,
1185 2783 1285 2833 quod
1306 2786 1410 2819 rotae
1433 2782 1619 2818 notionem
