1774 3002
458 138 534 175 AD*
557 134 818 175 RRNESTUM
849 131 1282 172 WUESTEMANNUM.
1541 133 1627 166 m

294 261 379 301 lam
406 261 500 310 lego
525 257 632 298 civili
661 256 824 297 mistum
852 256 1039 295 Mavorte
1068 255 1261 302 duellum,

291 326 421 368 Movit
453 325 568 377 quod
597 324 715 365 socio
744 323 953 365 Sertorius
983 323 1103 363 exsul
1131 322 1265 362 Ibero.

126 463 283 514 Quibus
302 460 448 502 -verbis
479 471 606 511 quum
634 458 874 510 planissime
899 462 1037 510 pateat
1052 456 1252 508 temporis
1281 454 1480 503 ambitus,
1512 453 1627 504 quod

126 528 346 571 Sallustius
386 527 579 570 Historiis
616 531 863 578 persecutus
902 530 988 574 est,
1030 526 1141 566 haud
1180 523 1417 576 spernenda
1451 520 1627 562 Ausonii

124 595 356 638 auctoritati
387 594 643 636 confirmatio
684 605 736 635 eo
765 592 948 641 accedit,
980 594 1094 644 quod
1130 594 1284 633 nullum
1309 590 1476 632 omnino
1505 588 1628 638 Frag-

124 670 305 705 mentum
336 668 492 713 exstat,
529 663 643 713 quod
671 663 778 702 ultra
808 660 1054 701 seditionem
1093 661 1133 701 in
1162 660 1319 702 Luculli
1349 656 1533 699 exercitu
1563 667 1628 696 or·

123 738 207 773 tam
242 743 293 772 ac
329 733 464 782 legem
499 730 711 770 Gabiniam
749 729 997 777 descendat;
1038 741 1146 779 quae
1183 740 1310 780 quum
1345 737 1454 766 anno
1488 725 1556 764 67.
1587 734 1627 763 a.

125 800 217 840 Chr.
255 812 295 840 n.
332 800 441 839 iacta
479 798 580 846 sint,
625 798 724 838 satis
764 801 922 837 certum
957 797 1141 847 videtur,
1189 802 1401 837 auctorem
1429 793 1471 832 in
1501 792 1627 831 rebus

124 867 248 908 huius
283 867 379 907 anni
412 867 654 907 enarrandis
688 865 811 904 finem
849 864 967 915 operi
1010 865 1284 916 quaesivisse.
1350 863 1494 910 Neque
1537 859 1628 899 sine

126 934 235 975 iusta
271 939 314 974 et
349 934 466 984 gravi
502 945 653 974 caussa
685 944 780 972 eum
816 932 897 972 hoc
928 932 1158 973 instituisse
1191 935 1519 972 consentaneum
1547 932 1626 967 est.

125 1003 224 1042 Nam
259 1003 295 1042 si
331 1013 477 1042 verum
507 1003 595 1048 est,
633 1001 748 1050 quod
782 1011 910 1050 supra
938 1001 1080 1050 posui,
1122 1006 1336 1041 auctorem
1362 998 1406 1037 id
1433 996 1511 1037 sibi
1540 996 1626 1035 illu-

125 1069 339 1110 strandum
382 1068 614 1119 sumpsisse
647 1073 834 1118 tempus,
881 1079 963 1118 quo
1004 1068 1219 1118 imperium
1252 1068 1483 1107 Romanum
1516 1066 1626 1104 mole

124 1136 397 1189 ingruentium
436 1136 617 1186 undique
654 1137 855 1176 malorum
884 1147 1030 1186 parum
1058 1136 1111 1175 ab
1140 1134 1304 1175 interitu
1333 1135 1485 1174 abesse
1513 1132 1626 1173 vide-

124 1209 256 1253 retur,
284 1215 368 1245 non
397 1204 532 1256 potuit
559 1206 666 1244 ultra
696 1215 847 1244 annum
878 1203 946 1243 67.
986 1202 1201 1254 progredi,
1232 1202 1388 1253 quippe
1413 1213 1497 1252 quo
1525 1199 1627 1240 affli-

125 1276 216 1312 ctus
242 1271 311 1312 ille
333 1283 469 1312 rerum
498 1276 632 1312 status
659 1272 742 1311 iam
769 1272 826 1311 ita
854 1276 970 1312 esset
997 1275 1192 1324 mutatus,
1217 1276 1262 1311 ut
1292 1269 1528 1321 respublica
1555 1279 1627 1319 pe·

125 1339 263 1380 riculis
300 1340 491 1380 omnibus
521 1340 718 1391 dispulsis
758 1351 904 1380 rursus
936 1339 1178 1379 confirmata
1207 1338 1419 1388 antiquam
1446 1337 1530 1377 vim
1561 1348 1624 1376 re-

125 1408 301 1460 ciperet,
336 1419 474 1459 neque
501 1407 677 1458 amplius
707 1409 760 1447 de
791 1408 924 1447 salute
952 1406 1115 1458 publica
1145 1410 1259 1446 esset
1283 1406 1521 1446 timendum.
1579 1405 1624 1444 In

126 1476 239 1516 ltalia
279 1476 387 1516 enim
427 1480 565 1516 motus
603 1475 745 1515 civiles
790 1480 907 1515 erant
940 1473 1163 1524 compositi
1208 1475 1415 1524 planeque
1452 1471 1625 1524 sepulti;

125 1543 279 1583 bellum
313 1543 484 1592 servile,
531 1544 644 1583 unde
678 1554 882 1584 summum
922 1543 1101 1583 instabat
1134 1541 1383 1592 periculum,
1427 1540 1624 1582 radicitus

125 1609 398 1659 exstinctum3
434 1610 475 1651 in
511 1611 615 1651 urbe
645 1622 748 1651 vero
781 1611 989 1652 restituta-
999 1615 1188 1661 potestas
1219 1610 1437 1650 tribunicia
1464 1609 1625 1650 animos

126 1677 384 1728 popularium
414 1679 589 1730 partium
623 1679 680 1719 ita
708 1678 968 1726 definiverat,
1005 1684 1051 1719 ιιι
1079 1678 1366 1719 contentiones
1394 1678 1507 1725 illae,
1539 1676 1625 1728 qui-

126 1746 205 1786 bus
234 1745 376 1786 civitas
414 1758 491 1798 per
525 1748 760 1798 complures
796 1759 930 1788 annos
966 1747 1118 1797 agitata
1157 1748 1309 1795 suerat,
1346 1756 1523 1796 prorsus
1554 1744 1627 1784 ob-

127 1818 418 1854 mutescerent.
483 1815 699 1867 Hispania,
735 1815 932 1856 Romanis
965 1826 1100 1865 paene
1128 1819 1291 1866 erepta,
1326 1818 1427 1864 post
1454 1812 1626 1853 Sertorii

128 1888 302 1922 mortem
336 1893 482 1923 rursus
515 1883 560 1923 -in
592 1884 788 1924 ditionem
819 1887 907 1922 erat
936 1883 1127 1930 redacta;
1163 1883 1326 1922 seroces
1355 1880 1626 1920 Macedoniae

129 1952 171 1988 et
196 1948 393 1989 Thmciae
416 1955 561 1999 gentes
588 1951 645 1991 ita
669 1950 876 1998 devictae,
905 1956 952 1990 ut
978 1951 1179 1990 rebellare
1206 1961 1290 1989 non
1315 1949 1538 1996 auderent;
1568 1947 1629 1998 pi-

129 2020 308 2056 ratarum
342 2022 463 2056 vetus
501 2019 651 2057 malum
681 2029 855 2068 prorsus
896 2019 1101 2057 sublatum
1114 2049 1125 2065 ,
1158 2017 1338 2066 denique
1370 2015 1625 2056 Mithridates

129 2081 186 2121 ita
214 2083 368 2123 fractus
395 2082 635 2134 viribusque
662 2084 912 2133 imminutus,
945 2089 991 2125 ut
1016 2084 1167 2125 diutius
1195 2084 1391 2125 resistere
1417 2095 1501 2124 non
1527 2095 1626 2135 pos·

129 2154 195 2189 set
227 2149 469 2201 facilemque
503 2151 719 2192 victoriam
753 2153 954 2203 praebere
991 2152 1211 2193 videretur.
1269 2153 1382 2202 Quae
1412 2151 1484 2202 qui
1505 2163 1626 2202 repu-

127 2216 294 2266 taverit,
330 2217 448 2258 facile
482 2219 632 2260 sentiet
658 2220 943 2271 proximorum
974 2231 1176 2261 annorum
1213 2232 1282 2261 res
1313 2232 1397 2261 non
1426 2219 1483 2259 ita
1513 2231 1624 2260 com·

127 2289 293 2335 paratas
318 2296 434 2335 esse,
457 2290 505 2326 ut
523 2286 705 2328 Sallustii
729 2288 902 2329 consilio
926 2289 1251 2339 responderent,
1282 2288 1531 2338 dignamque
1557 2287 1626 2326 Hi-

129 2352 288 2401 storiis,
316 2352 466 2402 quibus
489 2365 558 2394 res
586 2355 852 2405 gravissimas
877 2356 1082 2396 illustrare
1108 2356 1382 2404 decrevisset,
1413 2355 1623 2395 materiem

129 2421 388 2470 praeberent.
445 2421 546 2460 Nam
574 2434 700 2472 quum
726 2429 825 2474 post
851 2435 1001 2464 annum
1029 2424 1112 2473 67„
1141 2423 1289 2463 ceteris
1320 2425 1406 2463 sere
1435 2423 1627 2463 omnibus

131 2486 290 2538 imperii
321 2488 506 2538 partibus
547 2490 727 2540 paratis,
772 2493 993 2542 Pompeius
1035 2492 1075 2531 in
1110 2492 1214 2531 Asia
1249 2502 1421 2541 magnas
1458 2490 1625 2540 quidem

131 2565 200 2595 res
232 2560 416 2606 gereret,
453 2556 528 2596 sed
565 2556 646 2597 iam
677 2563 791 2599 tanto
822 2559 1056 2610 insurgeret
1090 2561 1219 2607 fastu,
1265 2563 1311 2599 ut
1341 2569 1476 2608 paene
1508 2558 1626 2598 solus

83 2668 90 2673 ,
131 2622 346 2673 imperium
366 2625 596 2664 Romanum
624 2626 919 2675 moderaretur,
948 2632 1051 2667 nutu
1080 2639 1157 2667 suo
1184 2638 1234 2667 ac
1257 2627 1470 2666 voluntate
1492 2625 1630 2666 omnia

132 2696 293 2740 ageret,
326 2691 548 2742 multisque
580 2692 660 2731 iam
684 2699 858 2744 propter
883 2695 1055 2740 nimiam,
1077 2694 1303 2745 potentiam
1332 2694 1628 2734 formidolosus

131 2756 341 2801 videretur
365 2759 436 2807 (cf.
468 2757 581 2798 Catil.
612 2769 649 2798 c.
676 2758 780 2809 XIX,
808 2760 890 2810 2.)‚
917 2761 1157 2811 Sallustius,
1185 2762 1255 2812 qui
1283 2773 1378 2802 eum
1408 2773 1556 2811 magno
1587 2761 1627 2799 in

1286 2830 1313 2869 b
1331 2829 1353 2853 *
