1774 3002
182 121 263 165 122
685 127 725 164 C.
756 126 987 166 SALLUSTI
1019 126 1170 166 CRISPI

183 248 389 288 Sertorium,
422 249 467 281 ad
499 260 631 292 pugnas
665 255 695 282 et
731 261 784 282 res
816 249 975 289 bellicas,
1011 251 1055 283 ad
1083 256 1248 284 terrarum
1277 253 1478 294 urbiumque
1514 254 1630 296 situm,

185 309 333 351 denique
358 310 402 342 ad
429 308 517 342 facta
541 310 744 353 singularia.
773 311 828 346 Fr.
852 309 1016 345 62—90.

819 390 909 424 CAP.
941 390 1028 424 vm.

276 461 481 505 Fragmenta
506 463 725 505 paucissimis
746 460 860 494 verbis
887 461 1087 503 composita.
1116 461 1170 495 Fr.
1194 460 1383 494 91—102.

506 665 910 729 fflswnnmnl
946 665 1311 728 FRAGMENTA.

835 993 926 1028 GAP.
953 995 980 1026 Ι.

275 1059 398 1103 Lepidi
422 1072 475 1095 res
500 1066 672 1095 extremae
697 1073 736 1095 ac
761 1072 852 1096 mors
877 1063 911 1095 in
934 1062 1094 1097 Sardinia
1120 1068 1310 1099 narrantur.
1336 1082 1382 1088 —-
1410 1065 1545 1098 Insulae
1570 1065 1630 1098 de-

183 1121 323 1164 scriptio
350 1127 381 1154 et
405 1123 633 1165 antiquitates.
651 1143 697 1147 —
718 1124 877 1157 Corsicae
902 1123 1100 1167 descriptio.
1124 1143 1171 1148 —
1191 1125 1383 1168 Perpernae
1403 1135 1479 1158 cum
1497 1125 1628 1168 Lepido

183 1182 353 1215 coniuncti
375 1183 458 1227 fuga
482 1194 525 1216 ex
555 1184 674 1217 Sicilia
704 1191 735 1217 et
764 1185 904 1218 Corsica
929 1185 963 1217 in
994 1184 1140 1218 Galliam
1167 1186 1314 1228 indeque
1345 1186 1380 1218 in
1413 1187 1626 1230 Hispaniam.

182 1242 238 1277 Fr.
267 1242 406 1280 1-15,

321 1389 359 1433 1.
416 1387 561 1444 Quum
589 1386 852 1450 praedixero
879 1388 1072 1461 positum
1102 1389 1284 1436 insulae.

297 1525 359 1562 Fr.
382 1530 413 1564 1.
458 1524 577 1571 [Cort.
599 1538 636 1573 p.
658 1529 763 1565 1003.
795 1525 894 1563 Gerl.
917 1526 978 1565 ed.
1000 1527 1087 1563 mai.
1111 1527 1186 1564 Inc.
1205 1529 1265 1565 41.
1286 1526 1348 1563 ed.
1370 1526 1457 1562 min.
1478 1527 1517 1571 I,
1537 1530 1570 1567 7.
1590 1539 1629 1575 p.

182 1583 272 1626 200,
305 1586 360 1619 11.
400 1582 510 1619 Debr.
531 1583 600 1628 IV,
630 1583 711 1627 36.]
751 1583 897 1627 Verba,
929 1594 1024 1630 quae
1045 1583 1212 1620 Donatus
1241 1583 1290 1620 ad
1310 1582 1459 1619 Terent.
1479 1583 1629 1620 Phorm.

184 1637 219 1680 1,
239 1642 283 1682 2,
312 1640 369 1677 47.
390 1639 502 1674 refert
521 1639 602 1674 sine
623 1639 706 1675 libri
727 1641 934 1684 mentione,
965 1640 1184 1676 Gerlachius
1205 1640 1289 1676 Vol.
1309 1639 1371 1676 ΙΙΙ.
1393 1651 1429 1687 p.
1449 1642 1527 1678 126.
1546 1651 1631 1687 pro-

183 1694 295 1731 babili
316 1695 532 1732 coniectura
550 1694 601 1731 ad
620 1695 818 1733 Sardiniae
841 1696 1132 1743 descriptionem
1152 1699 1324 1742 spectare
1345 1696 1504 1731 censuit.
1554 1695 1631 1732 Sed

184 1751 286 1797 quod
316 1762 362 1787 ea
390 1752 427 1787 in
451 1751 513 1787 ed.
536 1752 625 1788 min.
648 1752 694 1788 iis
715 1752 948 1799 Fragmentis
969 1752 1202 1799 postposuit,
1228 1752 1361 1801 quibus
1383 1752 1456 1788 iam
1478 1751 1528 1788 de
1547 1751 1630 1798 ipso

185 1807 384 1845 Sardiniae
407 1808 480 1844 situ
501 1813 537 1844 et
566 1809 737 1845 sabulosa
768 1813 887 1845 aetate
916 1819 960 1844 ac
979 1812 1177 1856 praeterea
1206 1806 1252 1843 de
1275 1807 1450 1844 Corsicae
1476 1809 1631 1855 antiqui-

184 1856 264 1900 tate=
294 1865 436 1912 agitur,
471 1876 604 1912 parum
634 1865 767 1911 placet.
825 1865 920 1901 Nam
949 1876 1061 1912 quum
1090 1865 1155 1900 vix
1187 1864 1347 1900 dubitari
1375 1864 1514 1911 possit,
1543 1866 1630 1912 quin

185 1924 316 1957 auctor
344 1921 487 1958 initium
516 1921 673 1958 secundi
706 1922 788 1957 libri
818 1921 964 1958 duxerit
994 1931 1016 1957 a
1045 1919 1175 1968 Lepidi
1207 1921 1317 1957 rebus
1344 1920 1630 1968 persequendis,

186 1989 281 2024 quas
303 1979 340 2014 in
359 1979 479 2025 primo
500 1988 618 2025 usque
639 1977 689 2013 ad
714 1978 794 2015 eius
816 1979 945 2025 fugam
965 1977 1001 2013 in
1020 1977 1232 2014 Sardiniam
1257 1981 1474 2013 narraverat
1496 1973 1561 2025 (v.
1582 1976 1631 2014 ad

185 2035 334 2082 Fragm.
358 2035 393 2079 I,
422 2036 530 2080 56.),
560 2038 855 2071 consentaneum
880 2038 937 2071 est
959 2034 1054 2071 haec
1084 2035 1201 2071 verba
1231 2033 1268 2068 in
1299 2033 1381 2080 ipso
1403 2033 1560 2069 exordio
1585 2033 1631 2070 iis

187 2091 384 2127 coniuncta
413 2092 550 2137 fuisse,
582 2092 715 2137 quibus
742 2087 943 2128 Sallustius
965 2090 1162 2127 consilium
1183 2089 1231 2126 de
1259 2090 1358 2126 bello
1382 2089 1573 2141 Lepidano
1595 2091 1631 2126 in

187 2146 363 2183 Sardinia
384 2150 491 2194 gesto
529 2146 751 2183 absolvendi
773 2147 993 2184 declaravit.
1011 2167 1068 2172 —-
1104 2145 1331 2182 Praedicere
1349 2145 1386 2182 h.
1405 2146 1427 2181 l.
1448 2149 1506 2182 est
1520 2147 1632 2194 prius

185 2203 247 2238 vel
267 2207 377 2239 antea
398 2202 541 2254 dicere,
573 2214 645 2249 quo
667 2213 782 2239 sensu
803 2203 1027 2240 vocabulum
1050 2202 1203 2249 saepius
1227 2212 1249 2237 a
1269 2201 1415 2238 Velleio
1438 2196 1473 2238 et
1493 2201 1632 2247 Quinti-

186 2260 287 2295 liano
310 2262 532 2306 usurpatum
560 2260 607 2294 cs.
630 2259 853 2295 Boettieheri
873 2260 962 2294 Lex.
987 2258 1103 2294 Tacit.
1123 2269 1160 2305 p.
1182 2260 1263 2297 367.
1285 2262 1320 2294 et
1339 2256 1522 2295 Bonnellii
1542 2259 1632 2295 Lex.

187 2315 338 2360 Quintil.
359 2326 397 2362 p.
417 2317 500 2353 681.
1244 2334 1245 2337 =
1654 2317 1657 2318 ’

299 2372 360 2408 Fr.
378 2375 413 2409 2.
458 2370 578 2417 [Cort.
598 2381 636 2417 p.
659 2373 744 2410 957.
774 2370 872 2407 Gerl.
905 2369 966 2405 ed.
997 2370 1084 2409 mai.
1110 2370 1159 2415 ΙΙ,
1193 2375 1228 2410 1.
1268 2370 1328 2407 ed„
1350 2371 1439 2408 min.
1458 2370 1512 2418 11,
1532 2374 1570 2417 2.
1594 2381 1632 2417 p.

186 2431 277 2471 200,
301 2431 337 2466 3.
390 2427 502 2464 Debr.
522 2426 574 2472 11,
597 2426 679 2470 28.]
732 2427 858 2463 Verba
879 2426 1046 2462 servavit
1066 2425 1205 2463 Gellius
1226 2426 1325 2473 XlII,
1351 2430 1411 2469 29.
1435 2431 1472 2464 et
1490 2426 1632 2464 Nonius

187 2484 222 2530 1,
252 2486 331 2523 262.
359 2496 398 2532 p.
419 2487 487 2530 53,
516 2488 550 2521 1.
570 2482 686 2518 Merc.
731 2482 873 2518 Eadem
895 2493 979 2518 cum
1004 2483 1117 2518 multo
1137 2484 1305 2531 pluribus
1329 2483 1446 2520 attulit
1466 2482 1632 2520 Isidorus

189 2540 288 2584 XIV,
320 2543 354 2584 6,
377 2543 437 2579 39.
459 2552 497 2586 p.
517 2542 600 2577 453.
622 2538 684 2574 ed.
705 2538 826 2583 Lind„
858 2539 924 2574 sed
944 2550 1017 2575 non
1038 2540 1225 2575 nominato
1256 2538 1446 2576 Sallustio.
1483 2538 1540 2574 Ex
1560 2550 1633 2586 quo

193 2608 417 2644 quamquam
448 2596 609 2643 plurima
634 2595 783 2642 petivit,
814 2599 958 2640 tamen,
995 2607 1107 2642 quum
1128 2600 1319 2632 auctorum
1340 2596 1455 2631 verba
1474 2605 1557 2631 raro
1580 2596 1634 2631 in-

193 2657 298 2700 tegra
319 2653 446 2689 laudet
460 2681 468 2696 ‚
501 2651 570 2688 sed
592 2652 665 2688 alia
686 2653 855 2689 omittere
877 2652 1015 2697 soleat,
1042 2653 1116 2688 alia
1136 2651 1276 2688 addere
1298 2651 1369 2695 (cs.
1391 2650 1486 2687 infra
1506 2650 1555 2686 ad
1573 2652 1632 2687 Fr.

193 2710 243 2755 Π,
266 2710 360 2754 13.),
387 2708 499 2746 valde
529 2707 736 2746 verendum
756 2712 833 2753 est,
853 2711 891 2744 ut
912 2707 1130 2746 Gerlachius
1152 2713 1189 2745 et
1206 2708 1432 2744 Debrossius
1449 2707 1549 2744 hunc
1568 2708 1635 2745 Isi-
