<?xml version="1.0" encoding="UTF-8"?>
<!DOCTYPE html PUBLIC "-//W3C//DTD XHTML 1.0 Transitional//EN"
    "http://www.w3.org/TR/xhtml1/DTD/xhtml1-transitional.dtd">
<html xmlns="http://www.w3.org/1999/xhtml" xml:lang="en" lang="en">
 <head>
  <title>
</title>
<meta http-equiv="Content-Type" content="text/html;charset=utf-8" />
  <meta name='ocr-system' content='tesseract 3.04.00' />
  <meta name='ocr-capabilities' content='ocr_page ocr_carea ocr_par ocr_line ocrx_word'/>
</head>
<body>
  <div class='ocr_page' id='page_1' title='image "./operaquaesupersu03salluoft_0381.png"; bbox 0 0 1774 3002; ppageno 0'>
   <div class='ocr_carea' id='block_1_1' title="bbox 0 0 298 45">
    <p class='ocr_par' dir='ltr' id='par_1_1' title="bbox 0 0 298 45">
     <span class='ocr_line' id='line_1_1' title="bbox 0 0 298 45; baseline 0 2957"><span class='ocrx_word' id='word_1_1' title='bbox 0 0 298 45; x_wconf 95' lang='lat' dir='ltr'> </span> 
     </span>
    </p>
   </div>
   <div class='ocr_carea' id='block_1_2' title="bbox 475 158 1632 212">
    <p class='ocr_par' dir='ltr' id='par_1_2' title="bbox 475 158 1632 212">
     <span class='ocr_line' id='line_1_2' title="bbox 475 158 1632 212; baseline -0.011 0"><span class='ocrx_word' id='word_1_2' title='bbox 475 171 804 212; x_wconf 75' lang='lat' dir='ltr'>HISTORIARUM</span> <span class='ocrx_word' id='word_1_3' title='bbox 829 167 1141 207; x_wconf 77' lang='lat' dir='ltr'><strong>FRAGMENTA.</strong></span> <span class='ocrx_word' id='word_1_4' title='bbox 1197 167 1287 204; x_wconf 92' lang='lat' dir='ltr'>LIB.</span> <span class='ocrx_word' id='word_1_5' title='bbox 1315 166 1380 202; x_wconf 88' lang='lat' dir='ltr'>IV.</span> <span class='ocrx_word' id='word_1_6' title='bbox 1547 158 1632 201; x_wconf 71' lang='grc'>381</span> 
     </span>
    </p>
   </div>
   <div class='ocr_carea' id='block_1_3' title="bbox 289 261 1079 427">
    <p class='ocr_par' dir='ltr' id='par_1_3' title="bbox 289 261 1079 427">
     <span class='ocr_line' id='line_1_3' title="bbox 289 261 1079 345; baseline -0.01 0"><span class='ocrx_word' id='word_1_7' title='bbox 289 261 301 267; x_wconf 32' lang='lat'>⁵</span> <span class='ocrx_word' id='word_1_8' title='bbox 331 302 399 345; x_wconf 81' lang='lat'>27.</span> <span class='ocrx_word' id='word_1_9' title='bbox 458 297 588 344; x_wconf 78' lang='lat' dir='ltr'>Sorte</span> <span class='ocrx_word' id='word_1_10' title='bbox 619 297 776 342; x_wconf 76' lang='lat' dir='ltr'>ductos</span> <span class='ocrx_word' id='word_1_11' title='bbox 806 294 910 340; x_wconf 81' lang='lat' dir='ltr'>fusti</span> <span class='ocrx_word' id='word_1_12' title='bbox 940 295 1079 338; x_wconf 83' lang='lat' dir='ltr'>necat.</span> 
     </span>
     <span class='ocr_line' id='line_1_4' title="bbox 332 378 985 427; baseline -0.009 0"><span class='ocrx_word' id='word_1_13' title='bbox 332 385 400 427; x_wconf 77' lang='lat'>28.</span> <span class='ocrx_word' id='word_1_14' title='bbox 459 381 505 426; x_wconf 93' lang='lat' dir='ltr'>In</span> <span class='ocrx_word' id='word_1_15' title='bbox 532 379 646 426; x_wconf 87' lang='lat' dir='ltr'>silva</span> <span class='ocrx_word' id='word_1_16' title='bbox 679 378 772 424; x_wconf 89' lang='lat' dir='ltr'>Sila</span> <span class='ocrx_word' id='word_1_17' title='bbox 797 378 985 422; x_wconf 82' lang='lat' dir='ltr'>fuerunt.</span> 
     </span>
    </p>
   </div>
   <div class='ocr_carea' id='block_1_4' title="bbox 199 510 1644 2818">
    <p class='ocr_par' dir='ltr' id='par_1_4' title="bbox 199 510 1636 1073">
     <span class='ocr_line' id='line_1_5' title="bbox 200 510 1633 564; baseline -0.008 -8"><span class='ocrx_word' id='word_1_18' title='bbox 200 519 282 564; x_wconf 80' lang='lat' dir='ltr'>Quo</span> <span class='ocrx_word' id='word_1_19' title='bbox 311 528 425 555; x_wconf 80' lang='lat' dir='ltr'>sensu</span> <span class='ocrx_word' id='word_1_20' title='bbox 451 527 564 564; x_wconf 87' lang='lat' dir='ltr'>quum</span> <span class='ocrx_word' id='word_1_21' title='bbox 593 516 747 552; x_wconf 59' lang='lat' dir='ltr'>nuvium</span> <span class='ocrx_word' id='word_1_22' title='bbox 775 512 1002 561; x_wconf 87' lang='lat' dir='ltr'>respondeat</span> <span class='ocrx_word' id='word_1_23' title='bbox 1022 511 1227 548; x_wconf 80' lang='lat' dir='ltr'>vernaculo</span> <span class='ocrx_word' id='word_1_24' title='bbox 1255 510 1471 554; x_wconf 66' lang='lat' dir='ltr'>benit-then,</span> <span class='ocrx_word' id='word_1_25' title='bbox 1501 520 1570 556; x_wconf 84' lang='lat' dir='ltr'>per</span> <span class='ocrx_word' id='word_1_26' title='bbox 1590 521 1633 546; x_wconf 79' lang='lat' dir='ltr'>se</span> 
     </span>
     <span class='ocr_line' id='line_1_6' title="bbox 199 567 1634 622; baseline -0.006 -11"><span class='ocrx_word' id='word_1_27' title='bbox 199 575 427 622; x_wconf 63' lang='lat' dir='ltr'>intelligitur,</span> <span class='ocrx_word' id='word_1_28' title='bbox 452 573 513 610; x_wconf 92' lang='lat' dir='ltr'>ubi</span> <span class='ocrx_word' id='word_1_29' title='bbox 532 571 681 610; x_wconf 75' lang='lat' dir='ltr'>additur</span> <span class='ocrx_word' id='word_1_30' title='bbox 702 573 796 616; x_wconf 73' lang='lat' dir='ltr'>vino,</span> <span class='ocrx_word' id='word_1_31' title='bbox 818 571 907 616; x_wconf 59' lang='lat' dir='ltr'>abo,</span> <span class='ocrx_word' id='word_1_32' title='bbox 926 570 1054 618; x_wconf 73' lang='lat' dir='ltr'>epulis,</span> <span class='ocrx_word' id='word_1_33' title='bbox 1068 568 1215 616; x_wconf 73' lang='lat' dir='ltr'>poculis</span> <span class='ocrx_word' id='word_1_34' title='bbox 1234 570 1297 603; x_wconf 89' lang='lat' dir='ltr'>aut</span> <span class='ocrx_word' id='word_1_35' title='bbox 1316 568 1449 610; x_wconf 89' lang='lat' dir='ltr'>simile,</span> <span class='ocrx_word' id='word_1_36' title='bbox 1470 567 1634 603; x_wconf 85' lang='lat' dir='ltr'>ablativo</span> 
     </span>
     <span class='ocr_line' id='line_1_7' title="bbox 201 623 1634 676; baseline -0.006 -8"><span class='ocrx_word' id='word_1_37' title='bbox 201 642 294 668; x_wconf 70' lang='lat' dir='ltr'>casu</span> <span class='ocrx_word' id='word_1_38' title='bbox 311 631 383 668; x_wconf 77' lang='lat' dir='ltr'>has</span> <span class='ocrx_word' id='word_1_39' title='bbox 402 641 520 667; x_wconf 85' lang='lat' dir='ltr'>voces</span> <span class='ocrx_word' id='word_1_40' title='bbox 538 629 682 676; x_wconf 85' lang='lat' dir='ltr'>positas</span> <span class='ocrx_word' id='word_1_41' title='bbox 705 639 814 673; x_wconf 82' lang='lat' dir='ltr'>esse,</span> <span class='ocrx_word' id='word_1_42' title='bbox 844 638 919 663; x_wconf 89' lang='lat' dir='ltr'>non</span> <span class='ocrx_word' id='word_1_43' title='bbox 938 626 1078 669; x_wconf 86' lang='lat' dir='ltr'>dativo,</span> <span class='ocrx_word' id='word_1_44' title='bbox 1105 625 1165 660; x_wconf 82' lang='lat' dir='ltr'>cui</span> <span class='ocrx_word' id='word_1_45' title='bbox 1185 625 1223 659; x_wconf 91' lang='lat' dir='ltr'>in</span> <span class='ocrx_word' id='word_1_46' title='bbox 1242 624 1305 660; x_wconf 80' lang='lat' dir='ltr'>tali</span> <span class='ocrx_word' id='word_1_47' title='bbox 1324 623 1512 660; x_wconf 83' lang='lat' dir='ltr'>&#39;sententia</span> <span class='ocrx_word' id='word_1_48' title='bbox 1529 625 1634 660; x_wconf 90' lang='lat' dir='ltr'>locus</span> 
     </span>
     <span class='ocr_line' id='line_1_8' title="bbox 200 680 1633 734; baseline -0.006 -10"><span class='ocrx_word' id='word_1_49' title='bbox 200 694 291 724; x_wconf 73' lang='lat' dir='ltr'>esse·</span> <span class='ocrx_word' id='word_1_50' title='bbox 316 687 457 734; x_wconf 86' lang='lat' dir='ltr'>nequit.</span> <span class='ocrx_word' id='word_1_51' title='bbox 502 685 607 722; x_wconf 85' lang='lat' dir='ltr'>Alter</span> <span class='ocrx_word' id='word_1_52' title='bbox 624 685 729 722; x_wconf 88' lang='lat' dir='ltr'>verbi</span> <span class='ocrx_word' id='word_1_53' title='bbox 750 696 841 721; x_wconf 88' lang='lat' dir='ltr'>usus</span> <span class='ocrx_word' id='word_1_54' title='bbox 861 687 931 729; x_wconf 90' lang='lat' dir='ltr'>est,</span> <span class='ocrx_word' id='word_1_55' title='bbox 951 694 1064 730; x_wconf 90' lang='lat' dir='ltr'>quum</span> <span class='ocrx_word' id='word_1_56' title='bbox 1082 682 1312 718; x_wconf 70' lang='lat' dir='ltr'>convivantes</span> <span class='ocrx_word' id='word_1_57' title='bbox 1328 680 1502 718; x_wconf 89' lang='lat' dir='ltr'>dicuntur</span> <span class='ocrx_word' id='word_1_58' title='bbox 1517 690 1559 717; x_wconf 76' lang='lat' dir='ltr'>se</span> <span class='ocrx_word' id='word_1_59' title='bbox 1576 681 1633 716; x_wconf 73' lang='lat' dir='ltr'>in-</span> 
     </span>
     <span class='ocr_line' id='line_1_9' title="bbox 200 737 1634 791; baseline -0.005 -11"><span class='ocrx_word' id='word_1_60' title='bbox 200 746 338 785; x_wconf 71' lang='lat' dir='ltr'>vitm-e,-</span> <span class='ocrx_word' id='word_1_61' title='bbox 357 743 459 791; x_wconf 83' lang='lat' dir='ltr'>quod</span> <span class='ocrx_word' id='word_1_62' title='bbox 478 754 591 789; x_wconf 90' lang='lat' dir='ltr'>quum</span> <span class='ocrx_word' id='word_1_63' title='bbox 615 742 830 790; x_wconf 82' lang='lat' dir='ltr'>germanice</span> <span class='ocrx_word' id='word_1_64' title='bbox 850 741 899 777; x_wconf 85' lang='lat' dir='ltr'>sit</span> <span class='ocrx_word' id='word_1_65' title='bbox 914 740 994 776; x_wconf 75' lang='lat' dir='ltr'>sich</span> <span class='ocrx_word' id='word_1_66' title='bbox 1010 738 1146 787; x_wconf 68' lang='lat' dir='ltr'>qimich</span> <span class='ocrx_word' id='word_1_67' title='bbox 1166 737 1271 782; x_wconf 67' lang='grc' dir='ltr'>θωνα,</span> <span class='ocrx_word' id='word_1_68' title='bbox 1292 739 1374 782; x_wconf 91' lang='lat' dir='ltr'>vel,</span> <span class='ocrx_word' id='word_1_69' title='bbox 1397 737 1498 786; x_wconf 87' lang='lat' dir='ltr'>quod</span> <span class='ocrx_word' id='word_1_70' title='bbox 1518 748 1634 784; x_wconf 82' lang='lat' dir='ltr'><strong>saepe</strong></span> 
     </span>
     <span class='ocr_line' id='line_1_10' title="bbox 202 794 1632 848; baseline -0.004 -11"><span class='ocrx_word' id='word_1_71' title='bbox 202 803 420 848; x_wconf 68' lang='lat' dir='ltr'>usurpatum</span> <span class='ocrx_word' id='word_1_72' title='bbox 439 799 556 836; x_wconf 80' lang='lat' dir='ltr'>fuisse</span> <span class='ocrx_word' id='word_1_73' title='bbox 579 809 628 835; x_wconf 84' lang='lat' dir='ltr'>ex</span> <span class='ocrx_word' id='word_1_74' title='bbox 646 798 766 834; x_wconf 88' lang='lat' dir='ltr'>Nonio</span> <span class='ocrx_word' id='word_1_75' title='bbox 788 797 986 845; x_wconf 74' lang='lat' dir='ltr'>colligitur,</span> <span class='ocrx_word' id='word_1_76' title='bbox 1000 795 1210 844; x_wconf 71' lang='lat' dir='ltr'>plusculum</span> <span class='ocrx_word' id='word_1_77' title='bbox 1227 804 1268 831; x_wconf 73' lang='lat' dir='ltr'>se</span> <span class='ocrx_word' id='word_1_78' title='bbox 1284 796 1450 841; x_wconf 66' lang='lat' dir='ltr'>irtviwre,</span> <span class='ocrx_word' id='word_1_79' title='bbox 1474 794 1540 831; x_wconf 74' lang='lat' dir='ltr'>des</span> <span class='ocrx_word' id='word_1_80' title='bbox 1557 795 1632 832; x_wconf 78' lang='lat' dir='ltr'>Gu-</span> 
     </span>
     <span class='ocr_line' id='line_1_11' title="bbox 202 852 1636 902; baseline -0.005 -9"><span class='ocrx_word' id='word_1_81' title='bbox 202 860 263 893; x_wconf 74' lang='lat' dir='ltr'>ten</span> <span class='ocrx_word' id='word_1_82' title='bbox 282 868 331 893; x_wconf 72' lang='lat' dir='ltr'>zu</span> <span class='ocrx_word' id='word_1_83' title='bbox 354 857 426 893; x_wconf 75' lang='lat' dir='ltr'>viel</span> <span class='ocrx_word' id='word_1_84' title='bbox 445 855 553 900; x_wconf 67' lang='lat' dir='ltr'>ilum,</span> <span class='ocrx_word' id='word_1_85' title='bbox 581 856 619 891; x_wconf 92' lang='lat' dir='ltr'>in</span> <span class='ocrx_word' id='word_1_86' title='bbox 645 854 718 891; x_wconf 87' lang='lat' dir='ltr'>hae</span> <span class='ocrx_word' id='word_1_87' title='bbox 741 865 889 902; x_wconf 90' lang='lat' dir='ltr'>quoque</span> <span class='ocrx_word' id='word_1_88' title='bbox 910 853 1070 889; x_wconf 78' lang='lat' dir='ltr'>formula</span> <span class='ocrx_word' id='word_1_89' title='bbox 1094 863 1170 896; x_wconf 88' lang='lat' dir='ltr'>res,</span> <span class='ocrx_word' id='word_1_90' title='bbox 1197 863 1270 899; x_wconf 88' lang='lat' dir='ltr'>qua</span> <span class='ocrx_word' id='word_1_91' title='bbox 1285 853 1437 899; x_wconf 84' lang='lat' dir='ltr'>largiter</span> <span class='ocrx_word' id='word_1_92' title='bbox 1456 852 1636 896; x_wconf 78' lang='lat' dir='ltr'>fruuntur,</span> 
     </span>
     <span class='ocr_line' id='line_1_12' title="bbox 203 909 1635 960; baseline -0.004 -11"><span class='ocrx_word' id='word_1_93' title='bbox 203 923 278 950; x_wconf 90' lang='lat' dir='ltr'>non</span> <span class='ocrx_word' id='word_1_94' title='bbox 308 913 381 949; x_wconf 84' lang='lat' dir='ltr'>alio</span> <span class='ocrx_word' id='word_1_95' title='bbox 401 923 513 960; x_wconf 84' lang='lat' dir='ltr'>quam</span> <span class='ocrx_word' id='word_1_96' title='bbox 541 915 648 948; x_wconf 85' lang='lat' dir='ltr'>sexto</span> <span class='ocrx_word' id='word_1_97' title='bbox 673 921 767 948; x_wconf 80' lang='lat' dir='ltr'>casu</span> <span class='ocrx_word' id='word_1_98' title='bbox 785 911 1018 947; x_wconf 83' lang='lat' dir='ltr'>enunciatur.</span> <span class='ocrx_word' id='word_1_99' title='bbox 1075 909 1158 945; x_wconf 87' lang='lat' dir='ltr'>Non</span> <span class='ocrx_word' id='word_1_100' title='bbox 1177 910 1331 946; x_wconf 88' lang='lat' dir='ltr'>multum</span> <span class='ocrx_word' id='word_1_101' title='bbox 1359 909 1472 957; x_wconf 84' lang='lat' dir='ltr'>igitur</span> <span class='ocrx_word' id='word_1_102' title='bbox 1498 919 1520 945; x_wconf 86' lang='lat' dir='ltr'>a</span> <span class='ocrx_word' id='word_1_103' title='bbox 1542 919 1635 944; x_wconf 86' lang='lat' dir='ltr'>vero</span> 
     </span>
     <span class='ocr_line' id='line_1_13' title="bbox 203 964 1635 1014; baseline -0.004 -8"><span class='ocrx_word' id='word_1_104' title='bbox 203 970 392 1006; x_wconf 79' lang='lat' dir='ltr'>aberravit</span> <span class='ocrx_word' id='word_1_105' title='bbox 409 969 566 1013; x_wconf 83' lang='lat' dir='ltr'>Nonius,</span> <span class='ocrx_word' id='word_1_106' title='bbox 585 969 739 1004; x_wconf 75' lang='lat' dir='ltr'>invitare</span> <span class='ocrx_word' id='word_1_107' title='bbox 759 969 797 1004; x_wconf 88' lang='lat' dir='ltr'>in</span> <span class='ocrx_word' id='word_1_108' title='bbox 817 967 877 1004; x_wconf 89' lang='lat' dir='ltr'>his</span> <span class='ocrx_word' id='word_1_109' title='bbox 897 967 1120 1003; x_wconf 78' lang='lat' dir='ltr'>dictionibus</span> <span class='ocrx_word' id='word_1_110' title='bbox 1139 977 1208 1013; x_wconf 89' lang='lat' dir='ltr'>pro</span> <span class='ocrx_word' id='word_1_111' title='bbox 1227 967 1369 1014; x_wconf 73' lang='lat' dir='ltr'>repleri</span> <span class='ocrx_word' id='word_1_112' title='bbox 1396 967 1559 1014; x_wconf 87' lang='lat' dir='ltr'>positum</span> <span class='ocrx_word' id='word_1_113' title='bbox 1581 964 1635 1001; x_wconf 88' lang='lat' dir='ltr'>di-</span> 
     </span>
     <span class='ocr_line' id='line_1_14' title="bbox 203 1022 1460 1073; baseline -0.003 -11"><span class='ocrx_word' id='word_1_114' title='bbox 203 1036 308 1071; x_wconf 84' lang='lat' dir='ltr'>cens,</span> <span class='ocrx_word' id='word_1_115' title='bbox 328 1035 551 1073; x_wconf 83' lang='lat' dir='ltr'>quamquam</span> <span class='ocrx_word' id='word_1_116' title='bbox 572 1023 685 1061; x_wconf 84' lang='lat' dir='ltr'>valde</span> <span class='ocrx_word' id='word_1_117' title='bbox 704 1024 809 1060; x_wconf 85' lang='lat' dir='ltr'>rudis</span> <span class='ocrx_word' id='word_1_118' title='bbox 828 1028 886 1061; x_wconf 91' lang='lat' dir='ltr'>est</span> <span class='ocrx_word' id='word_1_119' title='bbox 906 1024 1000 1060; x_wconf 87' lang='lat' dir='ltr'>haec</span> <span class='ocrx_word' id='word_1_120' title='bbox 1016 1022 1284 1070; x_wconf 86' lang='lat' dir='ltr'>interpretandi</span> <span class='ocrx_word' id='word_1_121' title='bbox 1305 1024 1413 1060; x_wconf 82' lang='lat' dir='ltr'>ratio.</span> <span class='ocrx_word' id='word_1_122' title='bbox 1453 1040 1460 1043; x_wconf 77' lang='lat'><em>·</em></span> 
     </span>
    </p>

    <p class='ocr_par' dir='ltr' id='par_1_5' title="bbox 203 1079 1644 2195">
     <span class='ocr_line' id='line_1_15' title="bbox 314 1079 1635 1128; baseline -0.002 -10"><span class='ocrx_word' id='word_1_123' title='bbox 314 1081 378 1118; x_wconf 87' lang='lat' dir='ltr'>Fr.</span> <span class='ocrx_word' id='word_1_124' title='bbox 399 1082 459 1120; x_wconf 73' lang='lat'>27.</span> <span class='ocrx_word' id='word_1_125' title='bbox 478 1080 594 1127; x_wconf 84' lang='lat' dir='ltr'>[Gort.</span> <span class='ocrx_word' id='word_1_126' title='bbox 611 1092 651 1128; x_wconf 87' lang='lat' dir='ltr'>p.</span> <span class='ocrx_word' id='word_1_127' title='bbox 671 1083 776 1119; x_wconf 85' lang='grc'><strong>1006.</strong></span> <span class='ocrx_word' id='word_1_128' title='bbox 797 1081 898 1117; x_wconf 88' lang='lat' dir='ltr'>Gerl.</span> <span class='ocrx_word' id='word_1_129' title='bbox 921 1080 983 1116; x_wconf 85' lang='lat' dir='ltr'>ed.</span> <span class='ocrx_word' id='word_1_130' title='bbox 1006 1079 1096 1116; x_wconf 78' lang='lat' dir='ltr'>mai.</span> <span class='ocrx_word' id='word_1_131' title='bbox 1120 1080 1194 1115; x_wconf 83' lang='lat' dir='ltr'>Ine.</span> <span class='ocrx_word' id='word_1_132' title='bbox 1217 1082 1277 1120; x_wconf 83' lang='grc'>96.</span> <span class='ocrx_word' id='word_1_133' title='bbox 1295 1080 1358 1116; x_wconf 89' lang='lat' dir='ltr'>ed.</span> <span class='ocrx_word' id='word_1_134' title='bbox 1382 1081 1470 1117; x_wconf 91' lang='lat' dir='ltr'>min.</span> <span class='ocrx_word' id='word_1_135' title='bbox 1492 1080 1556 1128; x_wconf 84' lang='lat' dir='ltr'>w,</span> <span class='ocrx_word' id='word_1_136' title='bbox 1579 1085 1635 1120; x_wconf 88' lang='lat'>10.</span> 
     </span>
     <span class='ocr_line' id='line_1_16' title="bbox 204 1132 1636 1186; baseline -0.001 -12"><span class='ocrx_word' id='word_1_137' title='bbox 204 1149 245 1186; x_wconf 90' lang='lat' dir='ltr'>p.</span> <span class='ocrx_word' id='word_1_138' title='bbox 262 1132 344 1183; x_wconf 69' lang='lat'>228,</span> <span class='ocrx_word' id='word_1_139' title='bbox 366 1140 403 1176; x_wconf 84' lang='lat'>4.</span> <span class='ocrx_word' id='word_1_140' title='bbox 423 1138 534 1174; x_wconf 88' lang='lat' dir='ltr'>Debr.</span> <span class='ocrx_word' id='word_1_141' title='bbox 548 1137 612 1182; x_wconf 89' lang='lat' dir='ltr'>IV,</span> <span class='ocrx_word' id='word_1_142' title='bbox 623 1137 699 1182; x_wconf 84' lang='lat'>19.]</span> <span class='ocrx_word' id='word_1_143' title='bbox 727 1137 852 1174; x_wconf 83' lang='lat' dir='ltr'>Verba</span> <span class='ocrx_word' id='word_1_144' title='bbox 873 1138 955 1174; x_wconf 89' lang='lat' dir='ltr'>sine</span> <span class='ocrx_word' id='word_1_145' title='bbox 975 1136 1058 1173; x_wconf 84' lang='lat' dir='ltr'>libri</span> <span class='ocrx_word' id='word_1_146' title='bbox 1080 1147 1235 1172; x_wconf 86' lang='lat' dir='ltr'>numero</span> <span class='ocrx_word' id='word_1_147' title='bbox 1254 1138 1312 1174; x_wconf 89' lang='lat' dir='ltr'>bis</span> <span class='ocrx_word' id='word_1_148' title='bbox 1329 1138 1446 1174; x_wconf 86' lang='lat' dir='ltr'>attulit</span> <span class='ocrx_word' id='word_1_149' title='bbox 1466 1137 1636 1182; x_wconf 86' lang='lat' dir='ltr'>Servius,</span> 
     </span>
     <span class='ocr_line' id='line_1_17' title="bbox 205 1193 1637 1242; baseline 0 -12"><span class='ocrx_word' id='word_1_150' title='bbox 205 1194 372 1242; x_wconf 83' lang='lat' dir='ltr'>adVirg.</span> <span class='ocrx_word' id='word_1_151' title='bbox 394 1194 488 1230; x_wconf 82' lang='lat' dir='ltr'>Aen.</span> <span class='ocrx_word' id='word_1_152' title='bbox 505 1194 550 1238; x_wconf 87' lang='grc' dir='ltr'>Π,</span> <span class='ocrx_word' id='word_1_153' title='bbox 564 1197 647 1232; x_wconf 63' lang='lat' dir='ltr'>ml.</span> <span class='ocrx_word' id='word_1_154' title='bbox 668 1198 705 1229; x_wconf 85' lang='lat' dir='ltr'>et</span> <span class='ocrx_word' id='word_1_155' title='bbox 721 1193 771 1229; x_wconf 87' lang='lat' dir='ltr'>ad</span> <span class='ocrx_word' id='word_1_156' title='bbox 788 1194 935 1240; x_wconf 75' lang='lat' dir='ltr'>V1‚22.,</span> <span class='ocrx_word' id='word_1_157' title='bbox 955 1193 1024 1230; x_wconf 88' lang='lat' dir='ltr'>sed</span> <span class='ocrx_word' id='word_1_158' title='bbox 1040 1193 1248 1240; x_wconf 84' lang='lat' dir='ltr'>posteriore</span> <span class='ocrx_word' id='word_1_159' title='bbox 1270 1195 1354 1230; x_wconf 87' lang='lat' dir='ltr'>loeo</span> <span class='ocrx_word' id='word_1_160' title='bbox 1373 1193 1637 1231; x_wconf 79' lang='lat' dir='ltr'>Sallustianam</span> 
     </span>
     <span class='ocr_line' id='line_1_18' title="bbox 207 1250 1637 1298; baseline 0 -11"><span class='ocrx_word' id='word_1_161' title='bbox 207 1250 407 1287; x_wconf 79' lang='lat' dir='ltr'>dictionem</span> <span class='ocrx_word' id='word_1_162' title='bbox 426 1250 575 1298; x_wconf 80' lang='lat' dir='ltr'>Virgilii</span> <span class='ocrx_word' id='word_1_163' title='bbox 595 1250 721 1287; x_wconf 87' lang='lat' dir='ltr'>verbis</span> <span class='ocrx_word' id='word_1_164' title='bbox 740 1253 814 1287; x_wconf 72' lang='lat' dir='ltr'>stat</span> <span class='ocrx_word' id='word_1_165' title='bbox 839 1251 955 1287; x_wconf 75' lang='lat' dir='ltr'>ductis</span> <span class='ocrx_word' id='word_1_166' title='bbox 981 1250 1189 1287; x_wconf 76' lang='lat' dir='ltr'>sortibus</span> <span class='ocrx_word' id='word_1_167' title='bbox 1215 1262 1313 1286; x_wconf 78' lang='lat' dir='ltr'>urna</span> <span class='ocrx_word' id='word_1_168' title='bbox 1347 1251 1637 1288; x_wconf 85' lang='lat' dir='ltr'>accommodans</span> 
     </span>
     <span class='ocr_line' id='line_1_19' title="bbox 203 1306 1638 1353; baseline 0.002 -10"><span class='ocrx_word' id='word_1_169' title='bbox 203 1307 339 1344; x_wconf 74' lang='lat' dir='ltr'>vitiose</span> <span class='ocrx_word' id='word_1_170' title='bbox 360 1307 517 1344; x_wconf 58' lang='lat' dir='ltr'>sort-*bus</span> <span class='ocrx_word' id='word_1_171' title='bbox 535 1306 695 1343; x_wconf 82' lang='lat' dir='ltr'>exhibet.</span> <span class='ocrx_word' id='word_1_172' title='bbox 753 1306 967 1344; x_wconf 84' lang='lat' dir='ltr'>Sallustium</span> <span class='ocrx_word' id='word_1_173' title='bbox 997 1307 1183 1353; x_wconf 85' lang='lat' dir='ltr'>expressit</span> <span class='ocrx_word' id='word_1_174' title='bbox 1208 1307 1357 1343; x_wconf 78' lang='lat' dir='ltr'>Tacitus</span> <span class='ocrx_word' id='word_1_175' title='bbox 1375 1308 1476 1344; x_wconf 89' lang='lat' dir='ltr'>Ann.</span> <span class='ocrx_word' id='word_1_176' title='bbox 1496 1308 1558 1352; x_wconf 86' lang='lat'>111,</span> <span class='ocrx_word' id='word_1_177' title='bbox 1579 1312 1638 1351; x_wconf 78' lang='lat'>21,</span> 
     </span>
     <span class='ocr_line' id='line_1_20' title="bbox 208 1363 1639 1412; baseline 0 -11"><span class='ocrx_word' id='word_1_178' title='bbox 208 1368 242 1402; x_wconf 91' lang='lat'>1.</span> <span class='ocrx_word' id='word_1_179' title='bbox 281 1363 472 1412; x_wconf 65' lang='lat' dir='ltr'>Apu-onim</span> <span class='ocrx_word' id='word_1_180' title='bbox 497 1374 590 1399; x_wconf 79' lang='lat' dir='ltr'>raro</span> <span class='ocrx_word' id='word_1_181' title='bbox 614 1373 659 1399; x_wconf 79' lang='lat' dir='ltr'>ea</span> <span class='ocrx_word' id='word_1_182' title='bbox 678 1367 885 1410; x_wconf 75' lang='lat' dir='ltr'>tempestate</span> <span class='ocrx_word' id='word_1_183' title='bbox 904 1367 940 1400; x_wconf 78' lang='lat' dir='ltr'>et</span> <span class='ocrx_word' id='word_1_184' title='bbox 955 1373 976 1399; x_wconf 90' lang='lat' dir='ltr'>e</span> <span class='ocrx_word' id='word_1_185' title='bbox 1003 1367 1123 1400; x_wconf 75' lang='lat' dir='ltr'>vetere</span> <span class='ocrx_word' id='word_1_186' title='bbox 1139 1366 1315 1400; x_wconf 71' lang='lat' dir='ltr'>mernor-ia</span> <span class='ocrx_word' id='word_1_187' title='bbox 1338 1364 1510 1412; x_wconf 72' lang='lat' dir='ltr'>fucinum</span> <span class='ocrx_word' id='word_1_188' title='bbox 1527 1365 1639 1401; x_wconf 64' lang='lat' dir='ltr'>decu»-</span> 
     </span>
     <span class='ocr_line' id='line_1_21' title="bbox 206 1420 1637 1468; baseline 0 -11"><span class='ocrx_word' id='word_1_189' title='bbox 206 1430 304 1457; x_wconf 67' lang='grc' dir='ltr'><em>Μ</em></span> <span class='ocrx_word' id='word_1_190' title='bbox 329 1429 504 1468; x_wconf 70' lang='lat' dir='ltr'>qumque</span> <span class='ocrx_word' id='word_1_191' title='bbox 528 1420 784 1467; x_wconf 68' lang='lat' dir='ltr'>iqnontimbsae</span> <span class='ocrx_word' id='word_1_192' title='bbox 809 1420 968 1456; x_wconf 74' lang='lat' dir='ltr'>cohortis</span> <span class='ocrx_word' id='word_1_193' title='bbox 984 1422 1113 1456; x_wconf 75' lang='lat' dir='ltr'>sorte</span> <span class='ocrx_word' id='word_1_194' title='bbox 1139 1420 1307 1456; x_wconf 79' lang='lat' dir='ltr'>ductos</span> <span class='ocrx_word' id='word_1_195' title='bbox 1334 1420 1458 1468; x_wconf 77' lang='lat' dir='ltr'>fusti</span> <span class='ocrx_word' id='word_1_196' title='bbox 1486 1424 1637 1457; x_wconf 69' lang='lat' dir='ltr'>necat.</span> 
     </span>
     <span class='ocr_line' id='line_1_22' title="bbox 209 1475 1639 1524; baseline 0.001 -12"><span class='ocrx_word' id='word_1_197' title='bbox 209 1476 263 1511; x_wconf 89' lang='lat' dir='ltr'>De</span> <span class='ocrx_word' id='word_1_198' title='bbox 284 1475 424 1512; x_wconf 80' lang='lat' dir='ltr'>Crasso</span> <span class='ocrx_word' id='word_1_199' title='bbox 449 1476 711 1523; x_wconf 78' lang='lat' dir='ltr'>Fragmentum</span> <span class='ocrx_word' id='word_1_200' title='bbox 735 1476 1016 1524; x_wconf 87' lang='lat' dir='ltr'>intelligendum</span> <span class='ocrx_word' id='word_1_201' title='bbox 1045 1486 1153 1520; x_wconf 89' lang='lat' dir='ltr'>esse,</span> <span class='ocrx_word' id='word_1_202' title='bbox 1184 1476 1286 1512; x_wconf 84' lang='lat' dir='ltr'>haud</span> <span class='ocrx_word' id='word_1_203' title='bbox 1317 1478 1431 1513; x_wconf 89' lang='lat' dir='ltr'>multo</span> <span class='ocrx_word' id='word_1_204' title='bbox 1462 1482 1548 1524; x_wconf 91' lang='lat' dir='ltr'>post</span> <span class='ocrx_word' id='word_1_205' title='bbox 1578 1489 1639 1514; x_wconf 87' lang='lat' dir='ltr'>su·</span> 
     </span>
     <span class='ocr_line' id='line_1_23' title="bbox 209 1530 1639 1596; baseline 0.001 -27"><span class='ocrx_word' id='word_1_206' title='bbox 209 1536 375 1580; x_wconf 66' lang='lat' dir='ltr'>saeptum</span> <span class='ocrx_word' id='word_1_207' title='bbox 393 1533 588 1579; x_wconf 87' lang='lat' dir='ltr'>imperium</span> <span class='ocrx_word' id='word_1_208' title='bbox 602 1537 745 1579; x_wconf 86' lang='lat' dir='ltr'>partem</span> <span class='ocrx_word' id='word_1_209' title='bbox 766 1534 989 1580; x_wconf 82' lang='lat' dir='ltr'>ignavorum</span> <span class='ocrx_word' id='word_1_210' title='bbox 1008 1533 1160 1569; x_wconf 88' lang='lat' dir='ltr'>militum</span> <span class='ocrx_word' id='word_1_211' title='bbox 1181 1533 1403 1578; x_wconf 83' lang='lat' dir='ltr'>decimante,</span> <span class='ocrx_word' id='word_1_212' title='bbox 1417 1530 1639 1596; x_wconf 85' lang='lat' dir='ltr'>interpretes</span> 
     </span>
     <span class='ocr_line' id='line_1_24' title="bbox 209 1581 1642 1635; baseline 0.002 -11"><span class='ocrx_word' id='word_1_213' title='bbox 209 1588 350 1625; x_wconf 87' lang='lat' dir='ltr'>dudum</span> <span class='ocrx_word' id='word_1_214' title='bbox 367 1587 562 1632; x_wconf 87' lang='lat' dir='ltr'>viderunt;</span> <span class='ocrx_word' id='word_1_215' title='bbox 593 1589 641 1624; x_wconf 86' lang='lat' dir='ltr'>cl&#39;.</span> <span class='ocrx_word' id='word_1_216' title='bbox 668 1590 765 1626; x_wconf 88' lang='lat' dir='ltr'>Plut.</span> <span class='ocrx_word' id='word_1_217' title='bbox 795 1590 833 1625; x_wconf 90' lang='lat' dir='ltr'>in</span> <span class='ocrx_word' id='word_1_218' title='bbox 852 1588 981 1626; x_wconf 87' lang='lat' dir='ltr'>Crass.</span> <span class='ocrx_word' id='word_1_219' title='bbox 1000 1601 1036 1625; x_wconf 84' lang='lat' dir='ltr'>e.</span> <span class='ocrx_word' id='word_1_220' title='bbox 1059 1593 1115 1627; x_wconf 89' lang='grc'>10.</span> <span class='ocrx_word' id='word_1_221' title='bbox 1177 1587 1466 1635; x_wconf 80' lang='grc' dir='ltr'><strong><em>Πεντακοσίους</em></strong></span> <span class='ocrx_word' id='word_1_222' title='bbox 1485 1586 1530 1627; x_wconf 74' lang='grc' dir='ltr'>δὲ</span> <span class='ocrx_word' id='word_1_223' title='bbox 1550 1581 1642 1635; x_wconf 71' lang='grc' dir='ltr'><strong><em>τοὺς</em></strong></span> 
     </span>
     <span class='ocr_line' id='line_1_25' title="bbox 206 1637 1639 1709; baseline 0.002 -29"><span class='ocrx_word' id='word_1_224' title='bbox 206 1637 385 1709; x_wconf 68' lang='grc' dir='ltr'><strong><em>κρότους</em></strong></span> <span class='ocrx_word' id='word_1_225' title='bbox 402 1640 471 1681; x_wconf 73' lang='grc' dir='ltr'><strong><em>καὶ</em></strong></span> <span class='ocrx_word' id='word_1_226' title='bbox 490 1637 657 1708; x_wconf 76' lang='grc' dir='ltr'><strong><em>μάλιστα</em></strong></span> <span class='ocrx_word' id='word_1_227' title='bbox 677 1656 769 1690; x_wconf 83' lang='grc' dir='ltr'><strong><em>τους</em></strong></span> <span class='ocrx_word' id='word_1_228' title='bbox 785 1642 994 1695; x_wconf 76' lang='grc' dir='ltr'><strong><em>τρέσαντας</em></strong></span> <span class='ocrx_word' id='word_1_229' title='bbox 1013 1642 1067 1690; x_wconf 84' lang='grc' dir='ltr'><strong><em>εἷς</em></strong></span> <span class='ocrx_word' id='word_1_230' title='bbox 1086 1637 1330 1709; x_wconf 71' lang='grc' dir='ltr'><strong><em>πεντήκοντα</em></strong></span> <span class='ocrx_word' id='word_1_231' title='bbox 1350 1644 1552 1695; x_wconf 76' lang='grc' dir='ltr'><strong><em>διανείμας</em></strong></span> <span class='ocrx_word' id='word_1_232' title='bbox 1578 1644 1639 1683; x_wconf 85' lang='grc' dir='ltr'>δε</span> 
     </span>
     <span class='ocr_line' id='line_1_26' title="bbox 210 1690 1641 1767; baseline 0.001 -29"><span class='ocrx_word' id='word_1_233' title='bbox 210 1694 335 1745; x_wconf 70' lang='grc' dir='ltr'><strong><em>κάδοις</em></strong></span> <span class='ocrx_word' id='word_1_234' title='bbox 357 1690 425 1762; x_wconf 72' lang='grc' dir='ltr'>(ἔφ’</span> <span class='ocrx_word' id='word_1_235' title='bbox 446 1695 611 1749; x_wconf 74' lang='grc' dir='ltr'><strong><em>ἑκάστης</em></strong></span> <span class='ocrx_word' id='word_1_236' title='bbox 628 1692 853 1739; x_wconf 69' lang='grc' dir='ltr'><strong><em>ἀπέκτεινεν</em></strong></span> <span class='ocrx_word' id='word_1_237' title='bbox 870 1697 940 1738; x_wconf 79' lang='grc' dir='ltr'><strong><em>ἕνα</em></strong></span> <span class='ocrx_word' id='word_1_238' title='bbox 958 1695 1029 1739; x_wconf 73' lang='grc' dir='ltr'><strong>τοὺ</strong></span> <span class='ocrx_word' id='word_1_239' title='bbox 1048 1695 1182 1754; x_wconf 76' lang='grc' dir='ltr'><strong><em>κλήρῳ</em></strong></span> <span class='ocrx_word' id='word_1_240' title='bbox 1201 1695 1390 1751; x_wconf 81' lang='grc' dir='ltr'><strong><em>λαχόντα,</em></strong></span> <span class='ocrx_word' id='word_1_241' title='bbox 1417 1696 1603 1767; x_wconf 80' lang='grc' dir='ltr'><strong><em>πάτριόν</em></strong></span> <span class='ocrx_word' id='word_1_242' title='bbox 1603 1715 1641 1740; x_wconf 86' lang='grc' dir='ltr'><strong><em>τι</em></strong></span> 
     </span>
     <span class='ocr_line' id='line_1_27' title="bbox 210 1747 1639 1809; baseline 0.001 -15"><span class='ocrx_word' id='word_1_243' title='bbox 210 1756 322 1794; x_wconf 81' lang='grc' dir='ltr'><strong><em>τοῦτο</em></strong></span> <span class='ocrx_word' id='word_1_244' title='bbox 354 1747 423 1793; x_wconf 73' lang='grc' dir='ltr'>διὰ</span> <span class='ocrx_word' id='word_1_245' title='bbox 454 1755 611 1794; x_wconf 77' lang='grc' dir='ltr'><strong><em>πολλῶν</em></strong></span> <span class='ocrx_word' id='word_1_246' title='bbox 640 1752 793 1807; x_wconf 81' lang='grc' dir='ltr'><strong><em>χρόνων</em></strong></span> <span class='ocrx_word' id='word_1_247' title='bbox 820 1751 999 1807; x_wconf 78' lang='grc' dir='ltr'><strong><em>κόλασμα</em></strong></span> <span class='ocrx_word' id='word_1_248' title='bbox 1025 1758 1107 1802; x_wconf 83' lang='grc' dir='ltr'><strong><em>τοῖς</em></strong></span> <span class='ocrx_word' id='word_1_249' title='bbox 1136 1752 1389 1809; x_wconf 76' lang='grc' dir='ltr'><strong><em>στρατιώταις</em></strong></span> <span class='ocrx_word' id='word_1_250' title='bbox 1419 1753 1639 1809; x_wconf 73' lang='grc' dir='ltr'><strong><em>ἐπαγαγών.</em></strong></span> 
     </span>
     <span class='ocr_line' id='line_1_28' title="bbox 208 1813 1641 1862; baseline 0.001 -13"><span class='ocrx_word' id='word_1_251' title='bbox 208 1814 335 1849; x_wconf 89' lang='lat' dir='ltr'>Paullo</span> <span class='ocrx_word' id='word_1_252' title='bbox 357 1814 462 1849; x_wconf 83' lang='lat' dir='ltr'>aliter</span> <span class='ocrx_word' id='word_1_253' title='bbox 489 1813 647 1850; x_wconf 90' lang='lat' dir='ltr'>eandem</span> <span class='ocrx_word' id='word_1_254' title='bbox 669 1825 747 1850; x_wconf 92' lang='lat' dir='ltr'>rem</span> <span class='ocrx_word' id='word_1_255' title='bbox 771 1820 895 1851; x_wconf 87' lang='lat' dir='ltr'>narrat</span> <span class='ocrx_word' id='word_1_256' title='bbox 913 1816 1073 1861; x_wconf 87' lang='lat' dir='ltr'>Appian.</span> <span class='ocrx_word' id='word_1_257' title='bbox 1092 1815 1135 1850; x_wconf 91' lang='lat' dir='ltr'>B.</span> <span class='ocrx_word' id='word_1_258' title='bbox 1157 1814 1198 1851; x_wconf 89' lang='lat' dir='ltr'>C.</span> <span class='ocrx_word' id='word_1_259' title='bbox 1216 1816 1242 1858; x_wconf 91' lang='lat'>1,</span> <span class='ocrx_word' id='word_1_260' title='bbox 1256 1818 1335 1853; x_wconf 89' lang='grc'><strong>118.</strong></span> <span class='ocrx_word' id='word_1_261' title='bbox 1373 1815 1455 1851; x_wconf 88' lang='lat' dir='ltr'>De</span> <span class='ocrx_word' id='word_1_262' title='bbox 1447 1828 1530 1862; x_wconf 82' lang='lat' dir='ltr'>ipso</span> <span class='ocrx_word' id='word_1_263' title='bbox 1552 1827 1641 1862; x_wconf 92' lang='lat' dir='ltr'>poe-</span> 
     </span>
     <span class='ocr_line' id='line_1_29' title="bbox 209 1861 1641 1933; baseline 0.002 -29"><span class='ocrx_word' id='word_1_264' title='bbox 209 1880 281 1905; x_wconf 79' lang='lat' dir='ltr'>nae</span> <span class='ocrx_word' id='word_1_265' title='bbox 313 1869 425 1905; x_wconf 90' lang='lat' dir='ltr'>modo</span> <span class='ocrx_word' id='word_1_266' title='bbox 457 1869 554 1905; x_wconf 82' lang='lat' dir='ltr'>haee</span> <span class='ocrx_word' id='word_1_267' title='bbox 583 1869 695 1906; x_wconf 88' lang='lat' dir='ltr'>tradit</span> <span class='ocrx_word' id='word_1_268' title='bbox 721 1871 854 1933; x_wconf 81' lang='lat' dir='ltr'>Polyb.</span> <span class='ocrx_word' id='word_1_269' title='bbox 880 1871 942 1915; x_wconf 86' lang='lat' dir='ltr'>vl,</span> <span class='ocrx_word' id='word_1_270' title='bbox 963 1872 1022 1908; x_wconf 81' lang='lat'>37.</span> <span class='ocrx_word' id='word_1_271' title='bbox 1084 1861 1137 1906; x_wconf 79' lang='grc' dir='ltr'>Τὸ</span> <span class='ocrx_word' id='word_1_272' title='bbox 1156 1866 1198 1907; x_wconf 79' lang='grc' dir='ltr'>δὲ</span> <span class='ocrx_word' id='word_1_273' title='bbox 1218 1870 1287 1919; x_wconf 86' lang='grc' dir='ltr'>τῆς</span> <span class='ocrx_word' id='word_1_274' title='bbox 1303 1869 1538 1917; x_wconf 74' lang='grc' dir='ltr'><strong><em>ξυλοκοπίας</em></strong></span> <span class='ocrx_word' id='word_1_275' title='bbox 1562 1867 1641 1908; x_wconf 88' lang='grc' dir='ltr'><strong><em>ε’στι</em></strong></span> 
     </span>
     <span class='ocr_line' id='line_1_30' title="bbox 208 1917 1644 1989; baseline 0.003 -29"><span class='ocrx_word' id='word_1_276' title='bbox 208 1923 402 1961; x_wconf 80' lang='grc' dir='ltr'><strong><em>τοιοῦτον·</em></strong></span> <span class='ocrx_word' id='word_1_277' title='bbox 432 1917 565 1974; x_wconf 74' lang='grc' dir='ltr'><strong><em>λαβὼν</em></strong></span> <span class='ocrx_word' id='word_1_278' title='bbox 589 1917 749 1989; x_wconf 60' lang='lat' dir='ltr'>{vlov‘</span> <span class='ocrx_word' id='word_1_279' title='bbox 730 1938 753 1962; x_wconf 93' lang='grc' dir='ltr'><strong><em>ο</em></strong></span> <span class='ocrx_word' id='word_1_280' title='bbox 779 1922 992 1989; x_wconf 77' lang='grc' dir='ltr'><strong><em>χιλίαρχος,</em></strong></span> <span class='ocrx_word' id='word_1_281' title='bbox 1023 1918 1149 1977; x_wconf 74' lang='grc' dir='ltr'><strong><em>τούτῳ</em></strong></span> <span class='ocrx_word' id='word_1_282' title='bbox 1172 1926 1241 1963; x_wconf 82' lang='grc' dir='ltr'><strong><em>τοῦ</em></strong></span> <span class='ocrx_word' id='word_1_283' title='bbox 1269 1924 1576 1976; x_wconf 79' lang='grc' dir='ltr'><strong><em>κατακριθέντος</em></strong></span> <span class='ocrx_word' id='word_1_284' title='bbox 1603 1920 1644 1964; x_wconf 82' lang='grc' dir='ltr'>οἷ</span> 
     </span>
     <span class='ocr_line' id='line_1_31' title="bbox 209 1969 1639 2046; baseline 0.004 -31"><span class='ocrx_word' id='word_1_285' title='bbox 209 1971 347 2028; x_wconf 72' lang='grc' dir='ltr'><strong><em>ἥψατο</em></strong></span> <span class='ocrx_word' id='word_1_286' title='bbox 361 1969 620 2028; x_wconf 85' lang='grc' dir='ltr'><strong><em>μόνον.ου</em></strong></span> <span class='ocrx_word' id='word_1_287' title='bbox 637 1977 860 2030; x_wconf 72' lang='grc' dir='ltr'><strong><em>γενομένου,</em></strong></span> <span class='ocrx_word' id='word_1_288' title='bbox 879 1975 1022 2026; x_wconf 77' lang='grc' dir='ltr'><strong><em>πάντες</em></strong></span> <span class='ocrx_word' id='word_1_289' title='bbox 1040 1979 1082 2018; x_wconf 82' lang='grc' dir='ltr'>οἰ</span> <span class='ocrx_word' id='word_1_290' title='bbox 1107 1981 1178 2018; x_wconf 87' lang='grc' dir='ltr'><strong><em>τοῦ</em></strong></span> <span class='ocrx_word' id='word_1_291' title='bbox 1197 1979 1458 2046; x_wconf 78' lang='grc' dir='ltr'><strong><em>στρατωτέδου</em></strong></span> <span class='ocrx_word' id='word_1_292' title='bbox 1474 1977 1639 2020; x_wconf 72' lang='grc' dir='ltr'><strong><em>τύπτον-</em></strong></span> 
     </span>
     <span class='ocr_line' id='line_1_32' title="bbox 208 2029 1640 2091; baseline 0.004 -21"><span class='ocrx_word' id='word_1_293' title='bbox 208 2046 269 2079; x_wconf 85' lang='grc' dir='ltr'><strong><em>τες</em></strong></span> <span class='ocrx_word' id='word_1_294' title='bbox 286 2034 367 2079; x_wconf 84' lang='grc' dir='ltr'><strong><em>τοῖς</em></strong></span> <span class='ocrx_word' id='word_1_295' title='bbox 381 2029 509 2083; x_wconf 74' lang='grc' dir='ltr'><strong><em>ξύλοις</em></strong></span> <span class='ocrx_word' id='word_1_296' title='bbox 521 2031 590 2072; x_wconf 82' lang='grc' dir='ltr'><strong><em>καὶ</em></strong></span> <span class='ocrx_word' id='word_1_297' title='bbox 604 2036 686 2081; x_wconf 84' lang='grc' dir='ltr'><strong><em>τοῖς</em></strong></span> <span class='ocrx_word' id='word_1_298' title='bbox 702 2035 842 2084; x_wconf 80' lang='grc' dir='ltr'><strong><em>λίθοις,</em></strong></span> <span class='ocrx_word' id='word_1_299' title='bbox 864 2029 957 2082; x_wconf 72' lang='grc' dir='ltr'><strong><em>τοὺς</em></strong></span> <span class='ocrx_word' id='word_1_300' title='bbox 974 2033 1046 2086; x_wconf 83' lang='grc' dir='ltr'>μὲν</span> <span class='ocrx_word' id='word_1_301' title='bbox 1063 2034 1265 2083; x_wconf 80' lang='grc' dir='ltr'><strong><em>πλείστους</em></strong></span> <span class='ocrx_word' id='word_1_302' title='bbox 1279 2034 1322 2075; x_wconf 80' lang='grc' dir='ltr'>ἐν</span> <span class='ocrx_word' id='word_1_303' title='bbox 1344 2031 1446 2091; x_wconf 67' lang='grc' dir='ltr'><strong><em>αὐτῇ</em></strong></span> <span class='ocrx_word' id='word_1_304' title='bbox 1463 2040 1512 2091; x_wconf 82' lang='grc' dir='ltr'><strong><em>τῇ</em></strong></span> <span class='ocrx_word' id='word_1_305' title='bbox 1529 2048 1640 2090; x_wconf 87' lang='grc' dir='ltr'><strong><em>στρα</em></strong></span> 
     </span>
     <span class='ocr_line' id='line_1_33' title="bbox 208 2085 1640 2143; baseline 0.004 -16"><span class='ocrx_word' id='word_1_306' title='bbox 208 2088 385 2142; x_wconf 72' lang='grc' dir='ltr'><strong><em>τοπεδείᾳ</em></strong></span> <span class='ocrx_word' id='word_1_307' title='bbox 406 2085 706 2141; x_wconf 75' lang='grc' dir='ltr'><strong><em>καταβάλλουσι.</em></strong></span> <span class='ocrx_word' id='word_1_308' title='bbox 762 2094 914 2140; x_wconf 86' lang='lat' dir='ltr'>Aliquot</span> <span class='ocrx_word' id='word_1_309' title='bbox 944 2094 1204 2131; x_wconf 86' lang='lat' dir='ltr'>decimationis</span> <span class='ocrx_word' id='word_1_310' title='bbox 1236 2097 1408 2143; x_wconf 84' lang='lat' dir='ltr'>exempla</span> <span class='ocrx_word' id='word_1_311' title='bbox 1440 2097 1640 2133; x_wconf 86' lang='lat' dir='ltr'>Frontinus</span> 
     </span>
     <span class='ocr_line' id='line_1_34' title="bbox 210 2146 946 2196; baseline 0.008 -13"><span class='ocrx_word' id='word_1_312' title='bbox 210 2151 334 2183; x_wconf 85' lang='lat' dir='ltr'>narrat</span> <span class='ocrx_word' id='word_1_313' title='bbox 349 2146 571 2195; x_wconf 86' lang='lat' dir='ltr'>Strategem</span> <span class='ocrx_word' id='word_1_314' title='bbox 591 2149 655 2196; x_wconf 86' lang='lat' dir='ltr'>IV,</span> <span class='ocrx_word' id='word_1_315' title='bbox 674 2154 706 2194; x_wconf 89' lang='lat'>1,</span> <span class='ocrx_word' id='word_1_316' title='bbox 727 2152 786 2188; x_wconf 81' lang='lat'>34.</span> <span class='ocrx_word' id='word_1_317' title='bbox 807 2153 867 2188; x_wconf 78' lang='lat'>35.</span> <span class='ocrx_word' id='word_1_318' title='bbox 885 2153 946 2189; x_wconf 84' lang='lat'>37</span> 
     </span>
    </p>

    <p class='ocr_par' dir='ltr' id='par_1_6' title="bbox 205 2202 1640 2818">
     <span class='ocr_line' id='line_1_35' title="bbox 320 2202 1639 2254; baseline 0.003 -14"><span class='ocrx_word' id='word_1_319' title='bbox 320 2204 381 2240; x_wconf 89' lang='lat' dir='ltr'>Fr.</span> <span class='ocrx_word' id='word_1_320' title='bbox 402 2207 463 2242; x_wconf 73' lang='lat'>28.</span> <span class='ocrx_word' id='word_1_321' title='bbox 498 2202 614 2252; x_wconf 88' lang='lat' dir='ltr'>[Cort.</span> <span class='ocrx_word' id='word_1_322' title='bbox 631 2216 671 2251; x_wconf 90' lang='lat' dir='ltr'>p.</span> <span class='ocrx_word' id='word_1_323' title='bbox 695 2209 798 2244; x_wconf 84' lang='grc'><strong>1003.</strong></span> <span class='ocrx_word' id='word_1_324' title='bbox 821 2206 918 2242; x_wconf 86' lang='lat' dir='ltr'>Gerl.</span> <span class='ocrx_word' id='word_1_325' title='bbox 941 2206 1002 2242; x_wconf 90' lang='lat' dir='ltr'>ed.</span> <span class='ocrx_word' id='word_1_326' title='bbox 1022 2207 1112 2242; x_wconf 89' lang='lat' dir='ltr'>mai.</span> <span class='ocrx_word' id='word_1_327' title='bbox 1135 2208 1211 2243; x_wconf 86' lang='lat' dir='ltr'>Ine.</span> <span class='ocrx_word' id='word_1_328' title='bbox 1226 2210 1283 2246; x_wconf 79' lang='lat'>36.</span> <span class='ocrx_word' id='word_1_329' title='bbox 1305 2207 1367 2244; x_wconf 90' lang='lat' dir='ltr'>ed.</span> <span class='ocrx_word' id='word_1_330' title='bbox 1388 2209 1478 2245; x_wconf 90' lang='lat' dir='ltr'>min.</span> <span class='ocrx_word' id='word_1_331' title='bbox 1497 2209 1561 2254; x_wconf 89' lang='lat' dir='ltr'>IV,</span> <span class='ocrx_word' id='word_1_332' title='bbox 1579 2212 1639 2249; x_wconf 82' lang='grc'>79.</span> 
     </span>
     <span class='ocr_line' id='line_1_36' title="bbox 209 2260 1640 2311; baseline 0.005 -17"><span class='ocrx_word' id='word_1_333' title='bbox 209 2270 247 2306; x_wconf 91' lang='lat' dir='ltr'>p.</span> <span class='ocrx_word' id='word_1_334' title='bbox 267 2262 349 2304; x_wconf 78' lang='lat'>230,</span> <span class='ocrx_word' id='word_1_335' title='bbox 371 2262 427 2298; x_wconf 82' lang='lat'>14.</span> <span class='ocrx_word' id='word_1_336' title='bbox 447 2260 558 2296; x_wconf 88' lang='lat' dir='ltr'>Debr.</span> <span class='ocrx_word' id='word_1_337' title='bbox 572 2260 637 2305; x_wconf 92' lang='lat' dir='ltr'>IV,</span> <span class='ocrx_word' id='word_1_338' title='bbox 656 2262 727 2306; x_wconf 86' lang='grc'><strong>57.]</strong></span> <span class='ocrx_word' id='word_1_339' title='bbox 764 2261 921 2299; x_wconf 87' lang='lat' dir='ltr'>Servius</span> <span class='ocrx_word' id='word_1_340' title='bbox 937 2274 1048 2310; x_wconf 88' lang='lat' dir='ltr'>quum</span> <span class='ocrx_word' id='word_1_341' title='bbox 1071 2263 1121 2299; x_wconf 87' lang='lat' dir='ltr'>ad</span> <span class='ocrx_word' id='word_1_342' title='bbox 1140 2264 1247 2311; x_wconf 83' lang='lat' dir='ltr'>Virg.</span> <span class='ocrx_word' id='word_1_343' title='bbox 1268 2263 1366 2300; x_wconf 88' lang='lat' dir='ltr'>Aen.</span> <span class='ocrx_word' id='word_1_344' title='bbox 1385 2264 1463 2310; x_wconf 84' lang='grc' dir='ltr'>ΧΠ,</span> <span class='ocrx_word' id='word_1_345' title='bbox 1480 2268 1562 2304; x_wconf 91' lang='grc'><strong>715.</strong></span> <span class='ocrx_word' id='word_1_346' title='bbox 1586 2266 1640 2302; x_wconf 92' lang='lat' dir='ltr'>di-</span> 
     </span>
     <span class='ocr_line' id='line_1_37' title="bbox 210 2315 1639 2367; baseline 0.006 -17"><span class='ocrx_word' id='word_1_347' title='bbox 210 2320 307 2351; x_wconf 88' lang='lat' dir='ltr'>serte</span> <span class='ocrx_word' id='word_1_348' title='bbox 329 2315 453 2351; x_wconf 84' lang='lat' dir='ltr'>tradat</span> <span class='ocrx_word' id='word_1_349' title='bbox 469 2315 685 2353; x_wconf 83' lang='lat' dir='ltr'>Sallustium</span> <span class='ocrx_word' id='word_1_350' title='bbox 702 2317 798 2354; x_wconf 79' lang='lat' dir='ltr'>haec</span> <span class='ocrx_word' id='word_1_351' title='bbox 821 2319 868 2355; x_wconf 84' lang='lat' dir='ltr'>de</span> <span class='ocrx_word' id='word_1_352' title='bbox 883 2318 1047 2367; x_wconf 61' lang='lat' dir='ltr'>fugitivis</span> <span class='ocrx_word' id='word_1_353' title='bbox 1070 2319 1226 2364; x_wconf 81' lang='lat' dir='ltr'>dixisse,</span> <span class='ocrx_word' id='word_1_354' title='bbox 1248 2331 1324 2356; x_wconf 91' lang='lat' dir='ltr'>non</span> <span class='ocrx_word' id='word_1_355' title='bbox 1345 2322 1546 2358; x_wconf 88' lang='lat' dir='ltr'>obscurum</span> <span class='ocrx_word' id='word_1_356' title='bbox 1570 2326 1639 2367; x_wconf 90' lang='lat' dir='ltr'>est,</span> 
     </span>
     <span class='ocr_line' id='line_1_38' title="bbox 210 2372 1640 2418; baseline 0.006 -12"><span class='ocrx_word' id='word_1_357' title='bbox 210 2382 282 2417; x_wconf 90' lang='lat' dir='ltr'>quo</span> <span class='ocrx_word' id='word_1_358' title='bbox 302 2373 419 2407; x_wconf 80' lang='lat' dir='ltr'>verba</span> <span class='ocrx_word' id='word_1_359' title='bbox 436 2372 656 2418; x_wconf 89' lang='lat' dir='ltr'>pertineant.</span> <span class='ocrx_word' id='word_1_360' title='bbox 713 2374 768 2410; x_wconf 90' lang='lat' dir='ltr'>De</span> <span class='ocrx_word' id='word_1_361' title='bbox 789 2376 882 2412; x_wconf 79' lang='lat' dir='ltr'>silva</span> <span class='ocrx_word' id='word_1_362' title='bbox 902 2374 982 2412; x_wconf 79' lang='lat' dir='ltr'>Sila</span> <span class='ocrx_word' id='word_1_363' title='bbox 1000 2389 1037 2414; x_wconf 90' lang='lat' dir='ltr'>v.</span> <span class='ocrx_word' id='word_1_364' title='bbox 1058 2376 1283 2413; x_wconf 88' lang='lat' dir='ltr'>Ellendtium</span> <span class='ocrx_word' id='word_1_365' title='bbox 1310 2377 1360 2414; x_wconf 83' lang='lat' dir='ltr'>ad</span> <span class='ocrx_word' id='word_1_366' title='bbox 1382 2377 1459 2414; x_wconf 86' lang='lat' dir='ltr'>Cic.</span> <span class='ocrx_word' id='word_1_367' title='bbox 1480 2378 1584 2414; x_wconf 91' lang='lat' dir='ltr'>Brut.</span> <span class='ocrx_word' id='word_1_368' title='bbox 1606 2389 1640 2414; x_wconf 89' lang='lat' dir='ltr'>c.</span> 
     </span>
     <span class='ocr_line' id='line_1_39' title="bbox 208 2429 1639 2481; baseline 0.003 -15"><span class='ocrx_word' id='word_1_369' title='bbox 208 2431 266 2472; x_wconf 74' lang='lat'>22,</span> <span class='ocrx_word' id='word_1_370' title='bbox 281 2431 340 2466; x_wconf 88' lang='grc'><strong>85.</strong></span> <span class='ocrx_word' id='word_1_371' title='bbox 372 2438 410 2474; x_wconf 90' lang='lat' dir='ltr'>p.</span> <span class='ocrx_word' id='word_1_372' title='bbox 429 2430 511 2466; x_wconf 81' lang='lat'>361.</span> <span class='ocrx_word' id='word_1_373' title='bbox 530 2429 613 2474; x_wconf 86' lang='lat' dir='ltr'>qui:</span> <span class='ocrx_word' id='word_1_374' title='bbox 645 2429 700 2466; x_wconf 83' lang='lat' dir='ltr'>sie</span> <span class='ocrx_word' id='word_1_375' title='bbox 718 2433 923 2468; x_wconf 82' lang='lat' dir='ltr'>vocabatur</span> <span class='ocrx_word' id='word_1_376' title='bbox 936 2461 946 2476; x_wconf 94' lang='lat'>,</span> <span class='ocrx_word' id='word_1_377' title='bbox 974 2433 1110 2479; x_wconf 89' lang='lat' dir='ltr'>inquit,</span> <span class='ocrx_word' id='word_1_378' title='bbox 1143 2434 1329 2480; x_wconf 86' lang='lat' dir='ltr'>Apennini</span> <span class='ocrx_word' id='word_1_379' title='bbox 1352 2438 1520 2470; x_wconf 86' lang='lat' dir='ltr'>extrema</span> <span class='ocrx_word' id='word_1_380' title='bbox 1538 2445 1639 2481; x_wconf 86' lang='lat' dir='ltr'>pars,</span> 
     </span>
     <span class='ocr_line' id='line_1_40' title="bbox 209 2483 1640 2532; baseline 0.006 -15"><span class='ocrx_word' id='word_1_381' title='bbox 209 2494 305 2530; x_wconf 88' lang='lat' dir='ltr'>quae</span> <span class='ocrx_word' id='word_1_382' title='bbox 334 2483 496 2519; x_wconf 86' lang='lat' dir='ltr'>Bruttios</span> <span class='ocrx_word' id='word_1_383' title='bbox 519 2495 726 2532; x_wconf 82' lang='lat' dir='ltr'>peragrans</span> <span class='ocrx_word' id='word_1_384' title='bbox 759 2487 808 2523; x_wconf 82' lang='lat' dir='ltr'>ad</span> <span class='ocrx_word' id='word_1_385' title='bbox 838 2489 969 2523; x_wconf 72' lang='lat' dir='ltr'>fretum</span> <span class='ocrx_word' id='word_1_386' title='bbox 1000 2488 1165 2525; x_wconf 87' lang='lat' dir='ltr'>Siculum</span> <span class='ocrx_word' id='word_1_387' title='bbox 1195 2489 1332 2525; x_wconf 80' lang='lat' dir='ltr'>deficit.</span> <span class='ocrx_word' id='word_1_388' title='bbox 1390 2490 1533 2527; x_wconf 87' lang='lat' dir='ltr'>Nobilis</span> <span class='ocrx_word' id='word_1_389' title='bbox 1561 2495 1640 2526; x_wconf 83' lang='lat' dir='ltr'>erat</span> 
     </span>
     <span class='ocr_line' id='line_1_41' title="bbox 206 2540 1639 2593; baseline 0.006 -19"><span class='ocrx_word' id='word_1_390' title='bbox 206 2542 358 2586; x_wconf 89' lang='lat' dir='ltr'>propter</span> <span class='ocrx_word' id='word_1_391' title='bbox 377 2540 493 2575; x_wconf 88' lang='lat' dir='ltr'>silvas</span> <span class='ocrx_word' id='word_1_392' title='bbox 513 2541 665 2586; x_wconf 84' lang='lat' dir='ltr'>pinnum</span> <span class='ocrx_word' id='word_1_393' title='bbox 685 2546 722 2577; x_wconf 94' lang='lat' dir='ltr'>et</span> <span class='ocrx_word' id='word_1_394' title='bbox 742 2544 921 2588; x_wconf 89' lang='lat' dir='ltr'>abietum;</span> <span class='ocrx_word' id='word_1_395' title='bbox 955 2544 1054 2580; x_wconf 90' lang='lat' dir='ltr'>unde</span> <span class='ocrx_word' id='word_1_396' title='bbox 1085 2556 1131 2580; x_wconf 87' lang='lat' dir='ltr'>ex</span> <span class='ocrx_word' id='word_1_397' title='bbox 1157 2546 1309 2591; x_wconf 86' lang='lat' dir='ltr'>picariis</span> <span class='ocrx_word' id='word_1_398' title='bbox 1338 2545 1482 2583; x_wconf 87' lang='lat' dir='ltr'>reditus</span> <span class='ocrx_word' id='word_1_399' title='bbox 1512 2548 1639 2593; x_wconf 83' lang='lat' dir='ltr'>magni</span> 
     </span>
     <span class='ocr_line' id='line_1_42' title="bbox 207 2595 1637 2648; baseline 0.004 -17"><span class='ocrx_word' id='word_1_400' title='bbox 207 2596 244 2631; x_wconf 93' lang='lat' dir='ltr'>in</span> <span class='ocrx_word' id='word_1_401' title='bbox 264 2595 447 2632; x_wconf 85' lang='lat' dir='ltr'>aerarium</span> <span class='ocrx_word' id='word_1_402' title='bbox 463 2596 748 2643; x_wconf 81' lang='lat' dir='ltr'>redigebantur;</span> <span class='ocrx_word' id='word_1_403' title='bbox 770 2610 807 2636; x_wconf 83' lang='lat' dir='ltr'>v.</span> <span class='ocrx_word' id='word_1_404' title='bbox 828 2600 934 2636; x_wconf 88' lang='lat' dir='ltr'>Dion.</span> <span class='ocrx_word' id='word_1_405' title='bbox 956 2600 1038 2641; x_wconf 85' lang='lat' dir='ltr'>Hal.</span> <span class='ocrx_word' id='word_1_406' title='bbox 1059 2601 1207 2648; x_wconf 80' lang='lat' dir='ltr'>Fragm.</span> <span class='ocrx_word' id='word_1_407' title='bbox 1221 2601 1371 2638; x_wconf 79' lang='lat' dir='ltr'>Maiana</span> <span class='ocrx_word' id='word_1_408' title='bbox 1389 2602 1470 2647; x_wconf 89' lang='lat' dir='ltr'>XX,</span> <span class='ocrx_word' id='word_1_409' title='bbox 1487 2607 1523 2640; x_wconf 90' lang='grc'>5.</span> <span class='ocrx_word' id='word_1_410' title='bbox 1544 2603 1637 2638; x_wconf 83' lang='lat' dir='ltr'>Ptin.</span> 
     </span>
     <span class='ocr_line' id='line_1_43' title="bbox 207 2651 1637 2705; baseline 0.006 -19"><span class='ocrx_word' id='word_1_411' title='bbox 207 2651 252 2687; x_wconf 78' lang='lat' dir='ltr'>H.</span> <span class='ocrx_word' id='word_1_412' title='bbox 273 2652 318 2687; x_wconf 89' lang='lat' dir='ltr'>N.</span> <span class='ocrx_word' id='word_1_413' title='bbox 339 2651 437 2694; x_wconf 70' lang='lat' dir='ltr'>xvi,</span> <span class='ocrx_word' id='word_1_414' title='bbox 459 2656 516 2690; x_wconf 90' lang='grc'>11.</span> <span class='ocrx_word' id='word_1_415' title='bbox 550 2653 597 2688; x_wconf 79' lang='lat' dir='ltr'>cr.</span> <span class='ocrx_word' id='word_1_416' title='bbox 619 2653 668 2689; x_wconf 93' lang='lat' dir='ltr'>ib.</span> <span class='ocrx_word' id='word_1_417' title='bbox 688 2654 747 2699; x_wconf 88' lang='grc' dir='ltr'>ΙΙΙ,</span> <span class='ocrx_word' id='word_1_418' title='bbox 769 2659 826 2693; x_wconf 90' lang='grc'>10.</span> <span class='ocrx_word' id='word_1_419' title='bbox 892 2655 994 2692; x_wconf 83' lang='lat' dir='ltr'>Unde</span> <span class='ocrx_word' id='word_1_420' title='bbox 1019 2656 1197 2704; x_wconf 76' lang='lat' dir='ltr'>Rheyium</span> <span class='ocrx_word' id='word_1_421' title='bbox 1219 2656 1317 2693; x_wconf 87' lang='lat' dir='ltr'>XII.</span> <span class='ocrx_word' id='word_1_422' title='bbox 1347 2659 1460 2695; x_wconf 79' lang='lat' dir='ltr'>millia</span> <span class='ocrx_word' id='word_1_423' title='bbox 1480 2659 1516 2695; x_wconf 91' lang='lat' dir='ltr'><em>D</em></span> <span class='ocrx_word' id='word_1_424' title='bbox 1527 2669 1637 2705; x_wconf 77' lang='lat' dir='ltr'>pass.</span> 
     </span>
     <span class='ocr_line' id='line_1_44' title="bbox 205 2705 1637 2760; baseline 0.006 -18"><span class='ocrx_word' id='word_1_425' title='bbox 205 2705 300 2742; x_wconf 83' lang='lat' dir='ltr'>Inde</span> <span class='ocrx_word' id='word_1_426' title='bbox 320 2708 505 2754; x_wconf 79' lang='lat' dir='ltr'>Apennini</span> <span class='ocrx_word' id='word_1_427' title='bbox 528 2709 619 2744; x_wconf 76' lang='lat' dir='ltr'>silva</span> <span class='ocrx_word' id='word_1_428' title='bbox 639 2708 736 2754; x_wconf 74' lang='lat' dir='ltr'>Sila,</span> <span class='ocrx_word' id='word_1_429' title='bbox 760 2714 1050 2756; x_wconf 72' lang='lat' dir='ltr'>promuntunum</span> <span class='ocrx_word' id='word_1_430' title='bbox 1071 2713 1298 2759; x_wconf 78' lang='lat' dir='ltr'>Leucopetra</span> <span class='ocrx_word' id='word_1_431' title='bbox 1326 2713 1637 2760; x_wconf 73' lang='lat' dir='ltr'>X11.M.pass.</span> 
     </span>
     <span class='ocr_line' id='line_1_45' title="bbox 207 2758 1638 2818; baseline 0.006 -19"><span class='ocrx_word' id='word_1_432' title='bbox 207 2760 330 2799; x_wconf 83' lang='lat' dir='ltr'>Strab.</span> <span class='ocrx_word' id='word_1_433' title='bbox 353 2763 413 2799; x_wconf 88' lang='lat' dir='ltr'>Vl.</span> <span class='ocrx_word' id='word_1_434' title='bbox 435 2775 472 2810; x_wconf 91' lang='lat' dir='ltr'>p.</span> <span class='ocrx_word' id='word_1_435' title='bbox 493 2766 574 2802; x_wconf 88' lang='grc'><strong>400.</strong></span> <span class='ocrx_word' id='word_1_436' title='bbox 598 2765 647 2800; x_wconf 88' lang='grc' dir='ltr'>Α.</span> <span class='ocrx_word' id='word_1_437' title='bbox 667 2765 800 2801; x_wconf 88' lang='lat' dir='ltr'>Almel.</span> <span class='ocrx_word' id='word_1_438' title='bbox 856 2758 938 2816; x_wconf 75' lang='grc' dir='ltr'>Τὴν</span> <span class='ocrx_word' id='word_1_439' title='bbox 959 2759 1000 2803; x_wconf 86' lang='grc' dir='ltr'>δ’</span> <span class='ocrx_word' id='word_1_440' title='bbox 1020 2759 1119 2818; x_wconf 72' lang='grc' dir='ltr'><strong><em>ὑπὲρ</em></strong></span> <span class='ocrx_word' id='word_1_441' title='bbox 1139 2767 1218 2804; x_wconf 82' lang='grc' dir='ltr'><strong><em>τῶν</em></strong></span> <span class='ocrx_word' id='word_1_442' title='bbox 1234 2762 1386 2807; x_wconf 76' lang='grc' dir='ltr'><strong><em>πόλεων</em></strong></span> <span class='ocrx_word' id='word_1_443' title='bbox 1406 2763 1555 2807; x_wconf 78' lang='grc' dir='ltr'><strong><em>τούτων</em></strong></span> <span class='ocrx_word' id='word_1_444' title='bbox 1572 2780 1638 2818; x_wconf 75' lang='grc' dir='ltr'>με</span> 
     </span>
    </p>
   </div>
  </div>
 </body>
</html>
