1774 3002
94 154 246 186 XXVIII
487 148 709 189 EDITORIS
746 149 981 188 EPISTOLA
1013 150 1203 189 CRITICA

92 270 136 311 tii
171 275 303 320 esset,
347 275 611 320 annotarent,
656 270 697 311 in
730 271 971 312 universum
1003 276 1142 313 autem
1171 256 1367 314 intactum
1397 273 1599 326 relinque-

92 345 185 381 rent
213 341 553 391 Fragmentorum
593 344 743 380 statum
780 344 904 389 atque
944 341 1153 391 ordinem,
1205 354 1287 392 quo
1321 343 1362 383 in
1392 343 1596 384 Carrionis

93 408 274 450 editione
317 407 574 459 prodierunt.
634 410 777 459 Neque
812 421 990 460 unguem
1035 415 1320 452 transversum
1359 411 1411 450 ab
1450 411 1596 452 horum

93 476 394 518 consuetudine
425 476 728 526 discesserunt,
767 477 836 527 qui
878 478 1144 529 amplioribus
1186 478 1434 520 editionibus
1461 490 1598 519 emen-

91 544 246 587 dationi
275 556 448 596 operum
467 545 809 586 Sallustianorum
836 549 1056 587 consulere
1085 549 1352 596 studuerunt,
1378 548 1460 587 Ios.
1477 548 1599 588 Was-

92 615 179 656 sius
226 614 474 655 Britannus-
502 614 685 663 (1710.),
730 616 916 666 Theoph.
950 616 1110 657 Cortius
1151 617 1379 657 Germanus
1423 617 1598 666 (1724.),

91 683 229 734 Sigeb.
254 682 580 733 Havercampius
613 684 795 725 Batavus
830 685 1005 734 (1742).
1066 687 1129 725 Ex
1156 685 1304 736 quibus
1347 692 1472 736 quum
1503 685 1599 725 Cor-

90 752 171 794 tius
193 751 323 803 magis
353 751 548 803 specioso
575 751 858 793 infructuosae
879 753 1092 794 doctrinae
1109 759 1321 805 apparatu,
1352 758 1475 804 quam
1496 765 1599 794 sana

92 820 256 862 criticae
303 820 403 867 artis
453 822 714 861 exercendae
756 821 916 862 ratione
955 827 1110 862 tantam
1148 823 1260 873 apud
1298 821 1414 862 viros
1449 823 1598 862 doctos

91 889 378 931 auctoritatem
423 894 571 930 nactus
611 895 743 938 esset,
783 895 847 939 ut,
892 902 999 941 quae
1036 896 1136 942 post
1175 891 1270 931 eum
1309 890 1350 930 in
1383 890 1612 947 Germania

90 959 336 1011 prodierunt
376 957 598 1007 editiones,
650 958 939 1009 superstitiose
982 958 1071 1000 eius
1116 958 1403 1000 recensionem
1452 970 1599 1008 seque-

91 1032 257 1076 rentur,
301 1038 353 1066 eo
385 1026 538 1066 factum
569 1032 652 1075 est,
693 1031 739 1066 ut
768 1027 1031 1078 Fragmenta,
1073 1040 1180 1078 quae
1210 1039 1286 1079 per
1312 1038 1359 1067 se
1387 1026 1522 1067 minus
1545 1027 1599 1067 ad

92 1108 243 1138 novam
293 1105 433 1135 curam
478 1094 716 1143 invitarent,
767 1107 843 1146 per
877 1097 960 1137 duo
998 1097 1139 1137 secula
1176 1100 1342 1147 praeter
1371 1095 1598 1136 auctiorem

94 1165 304 1216 aliquanto
335 1174 552 1203 numerum
582 1163 735 1203 intacta
762 1163 963 1213 iacerent,
1008 1176 1142 1215 neque
1182 1163 1300 1204 aliam
1331 1164 1601 1204 induerentur

95 1234 286 1281 formam,
319 1243 442 1282 quam
469 1243 552 1281 qua
581 1244 605 1271 a
634 1232 830 1274 Carrione
860 1235 1052 1283 evulgata
1077 1233 1251 1274 fuerant.
1310 1233 1376 1273 Ab
1397 1244 1447 1272 ea
1467 1232 1600 1273 disce-

92 1301 191 1341 dere
219 1299 377 1352 primus
415 1305 588 1341 conatus
625 1307 690 1342 est
721 1304 808 1343 Car.
846 1301 1096 1342 Debrossius
1127 1302 1292 1350 Gallus,
1338 1306 1451 1342 recte
1486 1312 1599 1342 asse-

92 1373 211 1410 cutus
255 1367 418 1408 unicam
462 1368 662 1410 rationem
708 1372 905 1411 confusas
950 1371 1279 1420 obscuratasque
1324 1369 1598 1410 Historiarum

89 1435 284 1487 reliquias
319 1436 535 1478 ordinandi
566 1443 692 1490 atque
731 1439 962 1480 illustrandi
1000 1449 1096 1479 esse
1131 1438 1259 1487 hanc,
1294 1442 1342 1478 ut
1369 1437 1599 1478 secundum

91 1517 229 1547 rerum
255 1510 465 1556 gestarum
490 1505 677 1547 ordinem
706 1507 1046 1559 disponerentur,
1084 1511 1126 1547 et
1156 1511 1353 1557 quantum
1383 1504 1472 1545 fieri
1501 1516 1598 1556 pos-

91 1579 157 1616 set
192 1586 245 1614 ex
282 1579 477 1614 accurata
508 1574 671 1615 illorum
711 1581 943 1627 temporum
981 1575 1124 1616 notitia
1161 1577 1296 1615 lucem
1346 1572 1598 1624 acciperent.

93 1642 178 1683 Sed
205 1647 361 1682 tantum
399 1642 546 1691 abfuit,
586 1648 632 1683 ut
660 1643 722 1692 id,
771 1645 883 1694 quod
914 1642 1147 1684 faciendum
1177 1654 1274 1683 esse
1300 1641 1494 1688 vidisset,
1530 1640 1599 1679 via

92 1714 134 1750 et
173 1708 333 1750 ratione
366 1711 606 1761 perficeret,
656 1717 802 1762 utrpcr
836 1716 965 1751 totum
999 1722 1106 1760 opus
1148 1721 1309 1751 summa
1346 1707 1510 1748 levitate
1550 1719 1598 1748 ac

90 1777 256 1818 libidine
291 1784 573 1829 grassaretur,
618 1791 667 1820 ac
709 1779 945 1820 vanissimis
986 1777 1329 1818 alucinationibus
1365 1776 1598 1827 indulgens,

89 1857 240 1888 novam
263 1846 477 1888 induceret
491 1848 830 1898 Fragmentorum
851 1847 1159 1896 confusionem,
1187 1851 1229 1886 et
1249 1857 1274 1885 a
1295 1857 1395 1885 vero
1423 1847 1599 1896 plerum-

93 1927 173 1966 que
200 1914 441 1966 longissime
471 1916 693 1957 aberraret.
753 1918 896 1966 Neque
926 1915 1073 1955 mirum
1095 1919 1161 1956 est
1187 1915 1269 1955 hoc
1297 1913 1354 1953 illi
1381 1912 1598 1960 accidisse,

97 1982 163 2022 cui
191 1987 358 2033 praeter
386 1984 630 2024 laudabilem
660 1985 712 2024 de
741 1983 884 2024 litteris
922 1983 1108 2024 merendi
1139 1985 1399 2024 voluntatem
1417 1993 1467 2022 ac
1484 1981 1598 2022 ‘satis

95 2062 285 2101 magnam
311 2051 508 2093 librorum
539 2052 671 2094 omnis
697 2052 861 2103 generis
885 2051 1103 2092 lectionem
1130 2053 1215 2092 fere
1237 2050 1373 2092 omnia
1392 2052 1601 2100 deessent,

94 2118 184 2159 sine
217 2119 365 2170 quibus
396 2120 734 2172 Fragmentorum
771 2120 1016 2160 emendandi
1052 2119 1352 2170 ordinandique
1389 2118 1600 2169 negotium

98 2192 210 2228 recte
237 2189 468 2239 procedere
492 2188 657 2239 nequit3
693 2194 776 2228 tam
813 2200 959 2239 parum
985 2187 1092 2227 enim
1124 2189 1246 2238 quale
1280 2192 1394 2228 esset
1422 2191 1508 2227 tum
1528 2198 1597 2226 ve—

89 2261 221 2296 terum
261 2255 491 2308 ingenium,
540 2262 627 2296 tum
670 2255 849 2296 Sallustii
900 2255 1116 2306 peculiaris
1167 2255 1330 2296 indoles
1381 2259 1423 2296 et
1468 2253 1598 2295 virtus

91 2323 327 2376 perspexit,
367 2329 412 2364 ut
441 2322 527 2364 sibi·
545 2324 817 2375 persuaderet
853 2319 1190 2364 florentissimum
1221 2335 1362 2364 rerum
1395 2325 1596 2364 Romana-

91 2403 182 2431 rum
210 2396 422 2432 auctorem
454 2391 608 2432 Gallica
645 2391 808 2432 levitate
847 2391 1052 2432 Historias
1090 2392 1399 2443 composuisse3
1435 2391 1489 2430 ad
1518 2391 1617 2431 hoc-

92 2458 232 2500 critica
276 2460 469 2500 facultate
516 2465 700 2510 prorsus
733 2458 953 2500 destitutus
991 2471 1040 2500 ac
1079 2451 1201 2501 latine
1247 2473 1300 2502 ne
1337 2458 1600 2500 mediocriter

92 2527 259 2579 quidem
292 2528 441 2568 doctus
481 2538 671 2578 vagaque
700 2526 948 2578 imaginandi
978 2527 1139 2569 licentia
1163 2541 1240 2580 pro
1271 2527 1458 2569 acumine
1487 2539 1590 2568 usus

90 2595 129 2636 in
160 2601 223 2637 tot
250 2600 475 2645 tantosque
510 2605 675 2635 errores
704 2595 864 2644 incidit,
900 2601 1078 2647 quantos
1111 2597 1178 2637 vix
1213 2595 1406 2637 credibile
1445 2600 1511 2636 est
1542 2596 1594 2635 ab

90 2663 257 2705 homine
286 2664 412 2704 docto
455 2662 651 2703 committi
687 2663 889 2714 potuisse.
949 2665 1068 2704 Vano
1101 2665 1207 2705 enim
1247 2663 1383 2705 studio
1417 2662 1592 2713 agitatus

91 2731 230 2773 omnia
264 2730 430 2773 omnino
457 2730 700 2781 Fragmenta
735 2731 987 2781 intelligendi
1026 2743 1074 2771 ac
1114 2743 1191 2772 suo
1228 2733 1321 2772 loco
1361 2729 1596 2771 collocandi

91 2799 284 2853 plurima,
315 2811 425 2851 quae
454 2800 604 2839 nullam
633 2801 755 2851 plane
786 2798 1101 2850 explicationem
1131 2798 1368 2847 admittunt,
1402 2802 1594 2850 tanquam
