1774 3002
2 130 5 131 ⁷
490 163 821 204 mmmmm
849 162 1160 201 FRAGMENTA.
1219 163 1309 199 Lm.
1339 164 1368 200 1.
1567 157 1649 201 113

346 295 416 336 90.
466 289 539 335 De·
556 289 780 348 praefecto
804 286 926 332 urbis
947 284 1073 347 quasi
1098 298 1363 346 possessore
1388 284 1653 344 reipublicae

213 387 376 434 magna
408 372 625 432 utrimque
660 370 705 416 vi
741 369 1099 416 contendebatur.

212 508 284 552 lv,
311 510 395 547 283.
419 512 457 544 ut
482 508 659 554 probaret
681 506 853 543 ambire
878 506 1034 554 aliquem
1061 506 1174 541 etiam
1201 503 1254 540 ita
1281 503 1375 548 dici,
1401 507 1441 539 ut
1467 502 1654 551 significet

213 573 387 611 roqare
402 563 570 612 aliquan.
610 561 732 607 Quum
754 563 858 599 multi
889 562 1034 599 Octavii
1053 566 1090 597 et
1110 559 1319 607 Caepiones
1339 559 1482 596 Romae
1503 560 1652 605 suerint,

214 631 289 655 non
315 620 427 667 plane
455 622 596 655 certum
622 623 698 662 est,
728 629 911 665 quosnam
938 617 1159 654 intellexerit
1185 615 1406 660 Sallustius;
1434 619 1558 652 tamen
1588 616 1654 652 ali·

214 686 324 722 quam
343 674 681 712 verisimilitudinis
709 675 875 722 speeiem
898 674 1011 711 habet
1030 685 1096 711 eos
1123 672 1347 720 significari,
1371 672 1419 708 de
1440 673 1574 719 quibus
1596 670 1654 709 Ci-

216 732 500 778 cero'loquitur
529 732 566 767 in
600 730 714 767 Bruto
742 742 776 767 c.
806 733 872 776 62,
900 734 984 769 222-
1031 729 1085 768 M.
1116 728 1371 774 Octavium,
1403 728 1469 765 Gn.
1498 728 1565 774 F„
1592 729 1658 776 qui

215 790 352 823 tanam
368 789 582 824 auctoritate
601 787 831 834 dicendoque
839 787 968 831 valuit,
989 790 1029 823 ut
1046 787 1159 834 leqem
1177 784 1432 832 Sempr-'om‘am
1447 784 1656 832 frumenta-

215 839 310 879 riam
323 844 457 891 populi
474 842 681 890 frequentis
698 843 892 890 suffragiis
912 843 1230 890 abroqaveritffl
1251 841 1476 878 abducamus
1494 851 1546 879 ex
1563 843 1656 887 aa‘e,

217 900 307 935 etin
327 899 531 947 praesidiis
559 898 780 946 reipublicae
800 900 1026 935 collocemus.
1067 898 1208 935 Eodem
1227 897 1270 942 Q.
1290 897 1570 946 Caepionem
1596 907 1655 934 re-

216 954 1251 1004 fmmnisirtimssequesfflordiraidedtwsasenaw
1270 953 1488 990 desedisset.
1530 953 1581 990 De
1602 954 1655 991 M.

220 1011 373 1048 Octavio
393 1012 442 1050 cf.
461 1015 657 1058 praeterea
676 1010 760 1048 Car.
780 1010 904 1047 Beier,
932 1010 981 1047 ad
1001 1010 1078 1047 Cic.
1097 1009 1145 1046 de
1165 1009 1240 1047 Off.
1259 1010 1310 1054 11,
1338 1013 1404 1054 21,
1430 1013 1491 1050 ⁷2.
1512 1021 1550 1057 p.
1574 1013 1656 1049 140.

218 1067 295 1104 Sed
316 1078 429 1115 quum
445 1077 602 1114 prorsus
619 1067 812 1114 ignoretur
826 1066 874 1117 de
894 1078 1055 1114 quanam
1075 1077 1116 1102 re
1137 1067 1176 1102 in
1193 1065 1499 1103 antecedentibus
1516 1065 1656 1103 dictum

220 1124 349 1168 suerit,
379 1134 424 1160 eo
455 1123 672 1160 necessario
695 1123 872 1171 efficitur,
900 1128 940 1160 ut
959 1134 1081 1171 neque
1108 1133 1203 1171 quas
1223 1122 1370 1160 Octavii
1400 1127 1439 1159 et
1457 1121 1656 1170 Caepionis

219 1180 386 1216 actiones
408 1179 508 1216 dicat
529 1182 659 1216 auctor
678 1181 863 1225 sciamus,
892 1191 1013 1227 neque
1041 1190 1114 1227 quo
1143 1180 1302 1216 consilio
1325 1190 1450 1226 quove
1475 1179 1561 1215 loco
1588 1190 1656 1216 eas

220 1232 384 1272 retulerit
413 1236 635 1272 constituere
662 1236 866 1283 possimus.
916 1236 1165 1282 Quamobrem
1192 1235 1373 1272 rationem
1400 1247 1424 1272 a
1452 1235 1656 1272 Debrossio

220 1296 258 1327 et
284 1290 480 1328 Ger-lachin
500 1287 587 1328 Vol.
607 1292 668 1328 111.
688 1304 727 1340 p.
745 1295 805 1332 76.
825 1293 975 1340 initam,
1005 1293 1144 1340 quippe
1166 1303 1263 1339 quae
1285 1292 1546 1328 incertissimis
1570 1303 1658 1328 con-

220 1348 371 1384 iecturis
396 1348 542 1393 nitatur,
567 1349 1027 1396 intactamssrelinquemus.
1047 1367 1105 1374 —-
1141 1347 1251 1393 Quod
1270 1347 1320 1384 ad
1342 1350 1457 1384 verba
1475 1349 1561 1395 ipsa
1578 1349 1658 1384 atti-

220 1408 301 1448 net,
332 1406 411 1440 sine
435 1406 576 1452 qravi
597 1407 811 1452 citiusquam
829 1406 1101 1452 exspectatione
1128 1408 1208 1440 est:
1232 1415 1343 1451 quum
1366 1414 1472 1440 nemo
1497 1405 1539 1440 id
1562 1415 1656 1440 ma·

218 1470 426 1508 quopere
443 1465 687 1508 aspectaret.
700 1481 757 1485 —
775 1461 976 1497 Ambiti
967 1472 1050 1507 ipse
1061 1460 1218 1499 Servius
1231 1460 1406 1533 docuith.
1421 1461 1447 1496 1.
1459 1460 1559 1496 idem
1570 1472 1659 1498 esse

222 1520 333 1563 atque
350 1518 478 1563 rogas.

266 1578 270 1581 “
333 1572 392 1608 Fr.
411 1574 491 1610 90.
516 1572 645 1618 [Deest
672 1571 775 1619 apud
798 1571 917 1617 Cort„
949 1572 1048 1609 Gerl.
1070 1571 1133 1608 ed.
1154 1573 1242 1607 mai.
1266 1576 1303 1607 et
1323 1571 1434 1609 Debr.
1461 1591 1519 1598 —
1557 1573 1659 1610 Gerl.

223 1626 284 1664 ed.
307 1629 398 1664 min.
422 1628 456 1672 I,
482 1630 543 1666 38.
569 1639 606 1675 p.
628 1631 715 1672 185,
746 1629 800 1672 8.]
858 1628 1120 1676 Fragmentum
1147 1639 1279 1664 recens
1307 1630 1468 1665 accessit
1490 1640 1539 1665 ex
1561 1630 1659 1667 Aru-

224 1684 320 1721 siani
337 1684 422 1725 cod.
448 1683 545 1720 Gud.
562 1696 614 1732 p.
632 1687 713 1722 252.
738 1683 800 1722 ed.
821 1684 926 1721 Lind.
986 1685 1057 1721 Pro
1080 1693 1319 1732 possessore,
1344 1696 1440 1732 quae
1460 1686 1660 1723 verissima

224 1745 282 1777 est
300 1740 544 1776 Lindemanni
563 1740 797 1784 emendatio,
826 1742 863 1776 in
885 1741 969 1777 cod.
992 1745 1166 1788 corrupte
1187 1741 1323 1788 legitur
1332 1743 1543 1788 possessum
1573 1754 1659 1779 nam

225 1807 338 1844 quum
369 1797 497 1833 ultima
522 1797 676 1844 genuini
696 1797 871 1833 vocabuli
897 1798 1046 1846 syllaba
1072 1809 1164 1834 casu
1191 1795 1421 1842 excidisset,
1455 1799 1537 1835 sive
1558 1798 1661 1846 quod

226 1853 361 1889 uncino
382 1864 405 1889 o
423 1853 566 1889 litterae
588 1853 761 1900 imposito
783 1853 923 1900 scripta
943 1854 1021 1897 ruit,
1043 1854 1125 1889 sive
1140 1853 1242 1899 quod
1262 1854 1433 1900 proxima
1452 1855 1599 1901 syllaba
1617 1865 1661 1891 re

227 1919 312 1945 eam
328 1909 528 1956 absorpsit,
539 1909 663 1945 scriba
682 1919 750 1954 pro
771 1909 913 1955 ingenii
928 1910 985 1945 sui
1010 1912 1121 1955 captu
1136 1919 1309 1955 possesso
1329 1910 1366 1944 in
1376 1912 1563 1957 possess-io
1582 1921 1661 1946 mu-

226 1970 328 2000 tasse
355 1963 517 1999 videtur.
575 1965 836 1999 Praefecturae
855 1965 959 2000 urbis
987 1966 1059 2000 tria
1087 1969 1193 2000 erant
1220 1975 1379 2011 genera,
1408 1969 1486 2002 tum
1512 1977 1554 2001 re
1583 1970 1661 2004 tum

228 2019 456 2064 temporibus
481 2018 645 2054 diversa.
705 2018 820 2054 Aliud
851 2021 951 2055 enim
980 2021 1047 2055 suit
1083 2031 1218 2055 munus
1248 2020 1428 2066 praefecti
1458 2023 1560 2059 urbis
1590 2024 1661 2060 sub

228 2075 380 2121 regibus
402 2077 511 2120 atque
532 2075 602 2110 sub
621 2075 817 2110 consulum
836 2075 1014 2122 imperio,
1038 2075 1140 2111 aliud
1155 2076 1331 2112 feriarum
1354 2077 1552 2115 latinarum
1571 2083 1663 2116 tem-

230 2140 335 2177 pore,
348 2128 452 2165 aliud
467 2129 628 2176 denique
646 2131 717 2166 sub
737 2131 1023 2177 imperatoribus
1033 2132 1080 2167 ab
1090 2132 1263 2178 Augusto
1270 2133 1431 2179 primum
1442 2134 1661 2171 institutum.

231 2186 299 2222 Ubi
317 2186 415 2221 enim
441 2195 509 2222 rex
528 2182 590 2221 aut
613 2187 721 2222 ambo
743 2187 919 2223 consules
939 2188 1027 2223 belli
1046 2198 1183 2224 caussa
1200 2186 1320 2225 Roma
1343 2190 1519 2235 aberant,
1548 2192 1663 2238 elige-

230 2243 319 2278 bant
337 2242 534 2287 potestatis
555 2252 647 2278 suae
668 2242 707 2278 in
723 2243 812 2279 urbe
833 2243 1027 2289 vicarium,
1049 2244 1112 2290 qui
1127 2243 1351 2291 praefectus
1373 2246 1460 2282 urbi
1479 2248 1542 2284 vel
1560 2247 1664 2284 urb&

232 2297 353 2333 dictus
375 2307 544 2334 summae
566 2308 690 2334 rerum
707 2298 759 2334 ita
787 2303 979 2346 praesset,
1018 2304 1056 2335 ut
1075 2304 1113 2335 et
1141 2299 1438 2338 iurisdictionem
1456 2307 1663 2348 exerceret,

231 2357 269 2389 et
291 2353 420 2389 urbem
440 2356 517 2400 tum
535 2355 582 2391 ab
601 2355 763 2391 externis
792 2358 871 2391 tum
889 2357 936 2392 ab
962 2356 1146 2393 intestinis
1166 2356 1344 2403 periculis
1362 2361 1479 2394 tutam
1496 2364 1664 2407 praesta-

233 2413 308 2454 ret,
335 2412 373 2443 et
391 2408 451 2444 ius
469 2413 638 2446 senatum
659 2410 893 2447 convocandi
914 2416 950 2447 et
972 2412 1022 2449 ad
1043 2409 1127 2449 eum
1148 2413 1334 2448 referendi
1356 2413 1525 2451 haberet.
1584 2415 1663 2453 Sed

232 2464 409 2501 abolitum
429 2468 487 2500 est
504 2463 576 2501 hoc
597 2465 823 2511 institutum,
855 2478 903 2504 ex
922 2479 995 2515 quo
1030 2473 1197 2515 tempore
1234 2470 1291 2513 (a.
1314 2471 1396 2508 367.
1428 2481 1464 2506 a.
1489 2470 1576 2509 Chr.
1605 2473 1663 2517 n.)

230 2524 381 2568 praetor
398 2522 563 2557 urbanus
589 2522 708 2557 creari
735 2527 891 2569 coeptus
920 2529 997 2569 est,
1027 2524 1091 2571 qui
1122 2524 1330 2561 absentium
1353 2528 1549 2564 consulum
1576 2528 1663 2564 vice

234 2577 477 2624 fungebatur,
497 2580 534 2612 et
554 2579 629 2612 tum
652 2577 809 2614 militare
830 2589 978 2627 quoque
997 2580 1159 2617 habebat
1176 2580 1386 2626 imperium.
1447 2583 1579 2620 Nullus
1595 2584 1664 2631 igi-

232 2636 292 2668 tur
310 2631 379 2668 fuit
402 2642 471 2678 per
498 2633 569 2668 tria
589 2633 740 2669 saecula
767 2635 978 2680 praefectus
1004 2637 1108 2683 urbi,
1147 2635 1268 2671 donec
1291 2646 1338 2672 ea
1354 2641 1523 2683 potestas
1547 2650 1582 2675 a.
1601 2641 1661 2678 47.

233 2697 269 2722 a.
298 2686 385 2724 Chr.
414 2698 452 2723 n.
485 2698 554 2734 per
581 2687 631 2723 M.
658 2688 861 2726 Antonium
886 2695 1065 2727 revocata
1095 2691 1293 2737 aliquoties
1330 2702 1354 2727 a
1382 2692 1410 2728 Ι.
1438 2694 1600 2731 Caesare
1627 2699 1664 2730 et

234 2741 452 2787 Octaviano,
478 2742 567 2779 dum
588 2744 634 2779 ab
653 2744 745 2780 urbe
765 2745 928 2790 aberant,
956 2746 993 2782 in
1012 2746 1182 2793 singulos
1203 2747 1338 2783 collata
1359 2753 1429 2784 est.
1470 2751 1663 2786 Postremo

291 2808 456 2834 εΛιιυετι
476 2809 615 2834 nucu.
1361 2797 1387 2839 8
