1774 3002
148 128 233 170 244
584 108 644 173 e.
674 137 904 178 SALLUSTI
932 137 1097 178 CRISPI.

286 264 354 306 68.
410 259 587 306 Exuant
617 263 748 308 armis
786 263 1013 324 equisque.

285 348 353 389 69.
410 344 575 390 Locum
613 345 802 401 nullum,
842 345 926 390 nisi
978 360 1065 407 quo
1119 347 1272 393 armati
1319 347 1592 405 institissent,

147 424 258 485 ipsis
291 427 433 472 tutum
459 415 573 473 fore.

286 513 352 556 70.
413 511 536 567 Quae
566 511 629 557 eis
665 526 834 571 paucos
867 511 961 557 dies
989 512 1136 558 iuncta
1167 512 1210 557 in
1246 513 1379 559 armis
1409 518 1524 561 sunt.

151 644 230 682 τῶν
250 639 461 695 κλημάτων
476 639 525 684 τὰ
543 641 726 714 χρήσιμαζ
752 643 820 684 καὶ
840 645 1124 712 συμπλέκοντες
1146 645 1183 696 ἐξ
1203 640 1336 686 αυτῶν
1363 648 1597 714 κλιμακιδας

147 693 329 748 ευτόνους
353 700 420 740 καὶ
439 702 617 753 βαθείας,
641 697 726 741 ὥστ’
749 698 910 744 ἄνωθεν
929 697 1198 770 ἀνηρτημένας
1214 717 1324 756 παρα
1347 699 1390 744 τὸ
1413 708 1595 757 κρημνῶ-

148 756 212 803 δες
241 751 437 797 απτεσθαι
470 760 549 798 τῶν
579 757 797 808 ἐπιπέδων,
835 757 1070 811 κατέβαινον
1103 755 1301 811 ἀσφαλῶς.
1361 763 1464 800 Idem
1484 765 1598 802 tradit

144 816 289 852 Florus·
299 817 359 862 ΙΙΙ,
381 821 439 862 20,
460 821 494 855 4.
555 817 686 854 Prima
703 819 799 855 velut
817 830 889 854 ara
918 820 1006 855 viris
1022 830 1125 856 mons
1157 819 1332 856 Vesuvius
1343 821 1500 867 placuit.
1538 821 1600 857 Ibi

147 884 258 919 quum
281 874 534 910 obsiderentur
555 887 578 910 a
606 875 730 911 Clodio
754 874 908 918 Glabro,
931 886 1007 922 per
1034 876 1166 923 fauces
1197 878 1280 913 cavi
1303 879 1431 913 montis
1457 879 1598 914 vaineis

146 929 290 977 delapsi
317 932 468 967 vinculis
487 932 538 967 ad
562 933 655 967 imas
675 933 753 967 eius
774 932 996 968 descendere
1015 933 1173 968 radices.
1196 933 1224 969 F
1227 933 1596 981 rontin.Strategem.

146 986 173 1030 I,
195 991 229 1031 5,
250 991 307 1026 21.
367 987 575 1035 Spartacus
595 990 632 1024 in
661 988 810 1024 Vesuvio
829 988 995 1024 obsessus
1011 999 1055 1024 ea
1075 995 1198 1036 parte,
1218 1001 1291 1037 qua
1308 1001 1411 1027 mons
1428 992 1595 1038 asperri-

146 1053 227 1080 mus
248 1048 331 1080 erat
359 1045 509 1092 ideoque
528 1045 786 1089 incustoditus,
817 1055 867 1081 eae
895 1046 1024 1081 vimine
1042 1047 1201 1082 silvestri
1228 1051 1380 1082 catenas
1402 1049 1596 1093 conseruit,

145 1100 276 1147 quibus
295 1101 473 1137 demissus
490 1113 564 1138 non
582 1102 698 1137 solum
719 1102 844 1145 evasit,
865 1111 993 1137 verum
1012 1103 1119 1138 etiam
1139 1113 1190 1138 ex
1209 1103 1280 1138 alio
1297 1103 1414 1140 latere
1435 1103 1595 1140 Clodium

145 1157 195 1192 ila
225 1159 368 1207 terruit,
397 1162 437 1194 uc
455 1159 592 1221 aliquot
609 1158 776 1194 cohortes
793 1158 1057 1205 yladiatoribus
1078 1158 1257 1195 LXXIV
1272 1161 1461 1196 cesserint.
1519 1161 1596 1208 Ap-

146 1214 248 1260 pian.
270 1214 312 1250 B.
336 1213 374 1251 C.
395 1212 422 1258 1,
446 1218 524 1259 116,
546 1215 596 1250 in.
646 1215 846 1250 Praeterea
869 1215 926 1250 sin
946 1215 1130 1261 particula
1159 1216 1298 1252 indicio
1337 1221 1393 1252 est
1422 1217 1459 1252 in
1488 1228 1597 1263 prae-

144 1281 281 1317 gresso
299 1271 476 1307 orationis
493 1273 658 1312 membro
681 1271 793 1306 aliam
811 1282 969 1317 eamque
986 1272 1108 1308 minus
1130 1283 1285 1319 gravem
1299 1272 1487 1322 evadendi
1508 1285 1596 1311 eon-

145 1326 336 1364 dieionem
355 1328 378 1364 ό.
408 1327 505 1364 duce
530 1328 646 1363 fuisse
670 1331 872 1371 ostensam,
895 1338 968 1374 qua
1000 1328 1083 1374 ipsa
1110 1330 1168 1365 usi
1193 1339 1279 1365 esse
1302 1329 1494 1376 videntur,
1526 1326 1598 1366 sor-

146 1389 237 1420 tuna
259 1384 388 1422 adiuti.
407 1405 463 1411 —
481 1384 700 1423 Gerlaehius
722 1385 806 1420 Vol.
828 1384 886 1419 111.
913 1395 950 1430 p.
976 1387 1055 1423 136.
1078 1382 1192 1423 verba
1213 1385 1275 1422 vel
1304 1385 1351 1422 de
1376 1386 1541 1434 fugitivis
1574 1399 1596 1424 a

146 1440 284 1478 Crasso
305 1442 482 1489 operibus
505 1442 658 1485 clausis,
682 1442 743 1476 vel
760 1440 807 1476 de
819 1439 1104 1488 Cafflguritanis,
1126 1443 1187 1479 vel
1210 1441 1257 1478 de
1267 1441 1595 1489 Heracleensibus‚

143 1499 206 1534 vel
228 1497 275 1534 de
296 1498 488 1535 Amisenis
510 1496 755 1545 intelligenda
777 1501 919 1533 censet.
960 1498 1122 1534 Primum
1144 1510 1219 1534 non
1240 1500 1350 1546 plane
1373 1501 1593 1547 negaverim

144 1566 261 1601 posse
282 1554 385 1600 fieri;
420 1559 545 1591 cetera
564 1566 720 1601 prorsus
744 1555 886 1590 absona
905 1558 1002 1590 sunt.

258 1612 318 1647 Fr.
334 1614 392 1650 68.
426 1609 541 1659 [Cort.
563 1623 600 1657 p.
623 1613 727 1649 1009.
754 1610 851 1646 Gerl.
873 1610 932 1645 ed.
957 1612 1042 1646 mai.
1062 1612 1137 1648 Ine.
1162 1615 1243 1651 143.
1265 1612 1325 1648 ed.
1347 1612 1434 1648 min.
1454 1613 1513 1657 ΙΠ,
1534 1614 1592 1651 74.

143 1679 184 1715 p.
203 1671 285 1713 220,
304 1673 360 1710 11.
401 1668 511 1704 Debr.
534 1668 592 1712 111,
614 1668 688 1712 77.]
750 1666 858 1703 Serv.
891 1667 940 1702 ad
962 1667 1068 1714 Virg.
1094 1668 1188 1704 Aen.
1210 1668 1272 1712 XI,
1291 1671 1352 1707 80.
1384 1687 1442 1695 —
1478 1669 1593 1707 Recte

145 1724 537 1761 coniecitDebrossius
556 1723 760 1760 hisverbis
779 1723 958 1759 contineri
977 1729 1220 1771 praeceptum
1233 1724 1404 1771 Spartaci
1425 1725 1592 1772 fugitivis

146 1782 287 1827 datum,
311 1792 384 1828 quo
400 1782 535 1817 melius
558 1792 598 1816 se
621 1784 751 1816 eontra
769 1779 958 1815 Romanos
982 1783 1183 1816 tuerentur.
1213 1781 1458 1827 Praecipuam
1479 1781 1591 1828 Spar—

144 1844 227 1875 taeo
250 1849 438 1887 armorum
460 1849 588 1874 curam
612 1838 730 1874 fuisse
757 1839 792 1870 et
812 1847 879 1882 per
902 1847 943 1872 se
965 1841 1256 1881 consentaneum
1276 1842 1351 1881 est,
1383 1841 1420 1872 et
1438 1842 1591 1874 testatur

143 1894 330 1932 Plutarch.
354 1895 392 1930 in
416 1894 542 1931 Crass.
564 1906 596 1930 e.
618 1897 652 1932 9.
685 1887 764 1929 Καὶ
779 1891 936 1940 πρῶτον
943 1887 1027 1954 μὲν
1042 1905 1131 1938 τους
1152 1889 1196 1930 ἐκ
1216 1885 1383 1942 Καπυης
1402 1886 1592 1939 ἐλθόντας

145 1943 339 2001 ὦσαμενοι
367 1963 435 1988 και
455 1949 611 1987 πολλῶν
631 1942 764 1986 όπλων
793 1940 1064 1998 ἐπιλαβόμενοι
1091 1946 1400 2011 πολεμιστηρίων
1428 1958 1591 2012 ασμενοι

143 2007 266 2045 ταῦτα
285 2000 587 2057 μετελάμβανον.
610 2008 659 2042 es.
679 2006 843 2053 Appian.
864 2005 908 2041 Β.
920 2005 998 2049 C.1‚
1021 2009 1100 2051 116,
1126 2011 1218 2042 extr.
1259 2001 1339 2043 Καὶ
1356 1996 1458 2043 οπλα
1478 1999 1589 2056 ἐχάλ-

142 2076 231 2102 κευε
251 2058 523 2114 (Σπαρτακος)
546 2059 614 2100 καὶ
642 2052 897 2125 παρασκευὴν
911 2057 1125 2112 συνέλεγεν.
1155 2063 1211 2100 Id.
1235 2063 1325 2100 ibid.
1347 2074 1380 2099 e.
1402 2066 1482 2108 117,
1493 2068 1588 2100 extr.

143 2114 291 2158 Μόνον
312 2116 355 2158 δὲ
374 2118 536 2170 σίδηρον
557 2115 624 2157 καὶ
643 2110 789 2168 χαλκὸν
810 2109 983 2155 ὠνοῦντο
1001 2119 1168 2167 πολλοῦ,
1201 2115 1268 2156 καὶ
1291 2131 1390 2164 τους
1402 2114 1586 2170 ἐσφέρον-

141 2189 209 2222 τας
231 2189 306 2214 ουκ
327 2169 505 2225 ἠδίκουν.

251 2235 313 2270 Fr.
333 2236 392 2272 69.
415 2232 530 2278 [cort.
552 2245 590 2280 p.
610 2236 692 2272 978.
716 2233 814 2269 Gerl.
837 2231 899 2268 ed.
922 2233 1007 2268 mai.
1032 2232 1091 2276 ΙΙΙ,
1112 2236 1171 2272 29.
1193 2232 1254 2268 ed.
1276 2232 1364 2268 min.
1385 2232 1446 2277 111,
1467 2236 1525 2272 90.
1545 2244 1583 2280 p.

138 2293 220 2337 224,
240 2294 274 2329 4.
303 2290 415 2326 Debr.
436 2290 499 2333 lV,
523 2290 599 2333 85.]
640 2290 903 2336 Fragmentum
929 2288 982 2324 sie
1004 2290 1129 2335 paullo
1158 2290 1305 2335 plenius
1327 2292 1436 2335 atque
1459 2300 1582 2326 emen-

66 2358 69 2361 *
138 2348 262 2385 datius
276 2347 431 2394 praebet
446 2346 623 2381 Arusiani
639 2345 725 2380 eod.
749 2345 844 2387 Gud.
861 2356 898 2380 v.
918 2346 1042 2380 insisto
1063 2346 1161 2393 loco,
1180 2347 1310 2392 p.237.
1325 2345 1432 2382 Lind.
1456 2346 1580 2393 Vulgo

138 2404 316 2441 edebatur
337 2404 404 2442 loc.
427 2402 529 2448 null„
550 2403 621 2437 nisi
645 2403 691 2437 in
719 2412 788 2448 quo
809 2411 905 2437 arm.
924 2403 1028 2449 inst,
1059 2403 1210 2438 omissis
1235 2402 1397 2438 relicuis.
1455 2402 1580 2438 Verba

136 2472 212 2497 non
242 2462 363 2497 solum
393 2458 563 2495 eiusdem
594 2463 680 2494 sunt
707 2458 936 2505 argumenti,
970 2469 1013 2493 ae
1042 2459 1303 2506 Fragmentum
1330 2457 1578 2505 praecedens,

136 2517 224 2563 sed,
253 2518 325 2554 nisi
344 2516 469 2553 omnia
489 2527 548 2551 me
577 2515 724 2557 fallunt,
754 2514 923 2550 eiusdem
944 2515 1054 2550 etiam
1077 2515 1276 2558 orationis,
1310 2525 1382 2562 qua
1410 2514 1575 2560 fugitivis

137 2584 323 2610 armorum
343 2572 539 2619 possessio
561 2582 584 2608 a
606 2570 700 2607 duce
723 2570 1021 2614 commendatur,
1053 2572 1189 2618 quippe
1217 2572 1350 2618 quibus
1374 2570 1575 2616 Spartacus

134 2631 400 2677 gravissimum
426 2631 686 2676 argumentum
716 2625 867 2671 afferat,
891 2638 955 2662 eur
981 2631 1063 2662 ante
1092 2624 1219 2664 omnia
1250 2627 1362 2663 armis
1393 2624 1573 2672 parandis

135 2686 359 2724 studendum
382 2686 439 2721 sit.
482 2686 573 2721 Nam
597 2694 708 2731 quum
731 2683 789 2720 vis
810 2683 1017 2719 sententiae
1040 2685 1075 2719 in
1096 2684 1233 2719 armati
1253 2693 1345 2720 voce
1366 2682 1466 2726 insit,
1491 2693 1575 2717 sen-

133 2755 197 2780 sus
225 2747 306 2787 est;
337 2743 418 2778 sine
445 2741 557 2778 armis
580 2741 719 2777 nullum
741 2739 884 2783 locum,
916 2751 962 2775 ne
990 2739 1332 2775 commodissimum
1363 2737 1509 2784 quidem
1531 2749 1574 2773 ae
