1774 3002
165 164 251 207 362
650 172 687 208 C.
717 170 947 211 SALLUSTI
979 174 1130 212 CRISPI

303 301 342 341 9.
401 295 482 350 Qui
516 296 642 342 uxori
678 297 773 342 eius
803 298 939 344 frater
968 301 1073 345 erat.

305 384 371 425 10.
428 374 754 440 [Σαλούστιος
769 379 851 439 μὲν
878 397 969 428 ουν
995 380 1142 443 φησι]
1159 383 1369 443 χαλεπῶς
1395 383 1606 443 διατεθῆ-

163 479 240 507 ναι
275 458 390 519 τούς
429 458 707 525 στρατιώτας
745 460 864 527 πρὸς
907 458 1056 512 αὐτὸν
1092 460 1246 522 εὐθὺς
1280 466 1328 510 ἐν
1364 459 1480 526 ἀρχῇ
1518 467 1606 510 τοῦ

163 548 372 605 πολέμου
409 542 530 608 πρὸς
557 549 742 611 Κυζίκῳ
776 550 853 595 καὶ
889 544 1027 595 πάλιν
1061 544 1182 610 πρὸς
1202 544 1364 611 Ἀμισῷ
1401 542 1493 595 δύο
1521 564 1605 610 χει-

163 632 323 688 μῶνας
358 629 465 694 ἑξῆς
503 632 551 677 ἐν
587 627 751 694 χάρακι
786 635 1013 694 διαγαγεῖν
1050 628 1434 695 ἀναγκασθέντας.

165 784 373 828 κὀύλλου
391 783 446 829 τὰ
480 785 652 839 πολλὰ,
686 786 769 831 διὰ
790 784 842 830 τὸ
869 786 1145 843 πολλαχόσε
1175 788 1413 843 ἐκδημεῖν
1439 782 1604 839 αὐτὸν,

164 844 189 884 δ
199 861 213 884 ι
221 860 248 884 α
257 860 272 884 ι
281 861 302 885 τ
312 848 338 885 ἆ
348 851 412 885 σθ
420 863 445 885 α
455 863 481 887 ι.

276 907 336 944 Fr.
358 910 394 946 9.
434 907 549 953 [Cort.
570 919 609 954 p.
636 909 717 947 997.
761 908 859 943 Gerl.
881 909 943 944 ed.
963 908 1051 944 mai.
1071 909 1119 952 V,
1140 912 1175 946 5.
1203 907 1263 944 ed.
1293 908 1381 943 min.
1402 907 1466 951 lV,
1487 909 1545 945 49.
1566 917 1606 953 p.

162 966 243 1008 228,
265 966 323 1002 24.
347 963 456 1001 Debr.
477 965 523 1010 V,
541 966 618 1009 32]
677 965 811 1009 Locus,
833 966 895 1012 qui
922 969 979 1001 est
1001 965 1103 1012 apud
1122 964 1234 1001 Arus.
1255 976 1293 1002 v.
1308 964 1444 1012 frater,
1463 975 1501 1010 p.
1521 962 1605 1002 2131-

163 1021 344 1066 Lindem.,
376 1033 422 1057 ex
452 1022 544 1058 libro
577 1026 707 1068 quarto
735 1022 907 1058 laudatur
939 1023 977 1058 in
1009 1022 1094 1059 cod.
1130 1022 1249 1067 Gud.;
1280 1023 1442 1069 quintum
1468 1020 1606 1056 habent

163 1078 337 1125 vulgatae
363 1078 451 1114 edd.
475 1083 511 1115 et
531 1078 616 1114 cod.
637 1079 826 1124 Ambros.,
851 1079 952 1126 quod
975 1090 1105 1117 verum
1127 1090 1340 1115 censemus.
1387 1077 1606 1124 Intelligitur

162 1135 261 1170 enim
279 1135 318 1173 P.
344 1134 518 1180 Clodius,
550 1136 660 1171 frater
682 1134 856 1181 Clodiae,
886 1147 997 1183 quam
1017 1136 1193 1172 Lucullus
1223 1136 1261 1171 in
1286 1134 1519 1171 matrimonio
1541 1133 1605 1170 ha-

162 1191 260 1236 buit3
281 1192 328 1228 cs.
346 1191 532 1229 Plutarch.
556 1192 592 1228 in
614 1193 700 1229 Luc.
724 1205 758 1229 c.
779 1197 836 1238 21,
859 1194 910 1229 in.
969 1193 1052 1238 Qui,
1079 1204 1188 1240 quum
1211 1203 1348 1240 magno
1370 1192 1407 1227 in
1427 1190 1514 1226 odio
1535 1191 1603 1226 Lu-

162 1249 298 1284 cullum
318 1248 474 1296 habens,
491 1249 729 1300 Valerianos,
746 1250 818 1285 iam
838 1261 906 1297 per
927 1262 967 1287 se
985 1252 1030 1286 ab
1054 1250 1115 1285 illo
1136 1249 1331 1295 alienatos,
1351 1248 1474 1295 magis
1493 1247 1604 1283 etiam

161 1306 298 1352 iniquis
315 1307 550 1343 sermonibus
572 1307 787 1351 concitaret,
804 1318 850 1342 ne
871 1307 922 1343 illi
943 1311 1117 1354 parerent
1140 1307 1326 1353 aliumque
1343 1305 1603 1352 imperatorem

160 1367 383 1409 poscerent,
413 1364 495 1399 fieri
521 1374 594 1399 non
617 1363 759 1411 potuit,
789 1364 877 1410 quin
902 1365 938 1400 in
964 1364 1036 1400 hoc
1064 1365 1157 1400 libro
1179 1366 1544 1399 commemoraretur.
1566 1372 1602 1396 ν.

160 1419 347 1456 Plutarch.
369 1421 455 1457 Luc.
472 1431 503 1456 c.
521 1422 580 1465 34,
590 1421 641 1456 in.
672 1412 831 1465 Τούτοις
851 1416 894 1457 δὲ
912 1413 1155 1483 τηλικούτοις
1173 1408 1262 1457 ουσι
1269 1415 1550 1482 προςγίγνεται
1563 1408 1607 1454 τὸ

159 1469 328 1541 μαλιστα
345 1469 591 1544 Λουκούλλῳ
619 1473 916 1544 διειργασμένον
935 1469 1004 1522 τὰς
1009 1470 1188 1544 πραξεις
1215 1468 1392 1520 Πόπλιος
1415 1467 1604 1540 Κλωδιος,

160 1523 264 1583 ἀνὴρ
277 1524 463 1597 υβριστὴς
479 1529 546 1570 καὶ
557 1518 694 1582 μεστὸς
713 1527 920 1598 ὀλιγωρίας
937 1527 1090 1597 ἁπάσης
1106 1529 1173 1570 καὶ
1185 1524 1445 1584 θρασύτητος.
1469 1519 1546 1568 Ἠν
1563 1525 1606 1568 δὲ

159 1589 228 1639 τῆς
250 1583 512 1627 Λουκούλλου
515 1585 720 1654 γυναικὸς
741 1580 923 1653 ἀδελφός.
942 1612 999 1618 --
1014 1581 1147 1638 Ἠξίου
1168 1585 1210 1627 δὲ
1229 1588 1382 1654 πρῶτος
1399 1581 1513 1636 εἶναι,
1538 1583 1605 1625 καὶ

159 1645 316 1683 πολλῶν
337 1639 640 1695 ἀπολειπόμενος
660 1639 726 1684 δια
752 1637 823 1684 τόν
841 1641 986 1698 τρόπον
1008 1640 1236 1710 ὑποικούρει
1255 1638 1328 1696 τὴν
1351 1636 1605 1708 Φιμβριανὴν

159 1711 347 1767 στρατιαν
365 1699 433 1740 καὶ
451 1697 657 1770 παρώξυνε
681 1716 782 1741 κατα
802 1704 871 1741 τοῦ
895 1697 1156 1741 Λουκούλλου
1185 1696 1325 1752 λόγους
1343 1693 1530 1765 χρηστούς
1550 1699 1604 1746 εἰς

158 1751 235 1797 οὐκ
255 1752 424 1805 ακόντας
443 1750 531 1798 οὐδ’
553 1751 695 1809 ἆήθεις
713 1760 783 1797 τοῦ
804 1758 1125 1811 δημαγωγεῖσθαι
1145 1753 1319 1804 διαδούς.
1348 1778 1404 1782 --
1440 1749 1516 1795 Διὸ
1535 1753 1603 1794 καὶ

158 1809 228 1854 τὸν
263 1810 446 1855 Κλώδιον
479 1809 604 1867 ἡδέως
636 1813 810 1881 ἐδέχοντο
848 1813 916 1854 καὶ
927 1809 1280 1883 φιλοστρατιώτην
1312 1806 1603 1864 προςηγόρευον

158 1865 397 1924 ἀγανακτεῖν
415 1867 750 1938 προςποιούμενον
771 1865 871 1925 ὑπὲρ
889 1867 1032 1922 αὐτῶν,
1053 1885 1089 1911 κ.
1100 1885 1131 1910 τ.
1143 1873 1176 1909 λ.
1188 1894 1243 1899 —
1255 1872 1324 1908 Dio
1335 1870 1440 1908 Cass.
1450 1872 1602 1916 XXXV,

161 1934 216 1969 14.
237 1942 275 1978 p.
297 1935 355 1970 85.
376 1931 497 1967 Reim.
537 1923 742 1976 Πούπλιός
759 1943 818 1976 τις
837 1924 1014 1976 Κλώδιος
1033 1926 1304 1975 συνεστασίαζε
1318 1927 1422 1975 σφᾶς
1443 1930 1518 1974 (sc.
1527 1929 1603 1965 Va-

159 1989 343 2033 lerianos)
362 1999 419 2024 vn:
425 1978 629 2036 ’ἔμφυτον
648 1987 954 2052 νεωτεροποιζας,
975 1985 1114 2035 καίπερ
1134 1987 1202 2036 τῆς
1217 1976 1390 2033 ἀδελφῆς
1412 1978 1534 2023 αὐτοῦ
1549 1983 1607 2051 τῷ

159 2038 403 2108 Λουκούλλῳ
413 2037 698 2109 συνοικούσης.
752 2035 1055 2110 Ἐταροὶχθησαν
1073 2039 1116 2080 δὲ
1133 2039 1202 2080 καὶ
1224 2035 1308 2080 τότε
1331 2035 1458 2088 ἄλλως
1475 2053 1516 2079 τε
1534 2037 1603 2078 καὶ

159 2093 293 2151 ἐπειδὴ
320 2092 389 2138 τὸν
413 2093 586 2139 Ἀκίλιον
614 2093 683 2138 τὸν
707 2093 880 2150 ύπατον,
915 2095 958 2147 ὃς
982 2100 1038 2153 τῷ
1064 2093 1310 2152 Λουκούλλῳ
1337 2091 1602 2163 διάδοχος-

159 2153 397 2221 ἐξεπέμφθη,
418 2151 682 2223 πλησιάζοντα
701 2151 920 2196 ἐπύθοντο·
949 2154 992 2196 ἐν
1010 2151 1087 2207 γὰρ
1105 2137 1295 2209 ὀλιγωρία
1321 2146 1442 2193 adron
1460 2146 1512 2201 ὧς
1533 2151 1600 2192 καὶ

158 2207 408 2251 ἰδιωτεύοντα
433 2208 512 2264 ηδη
543 2210 757 2255 ἐποιοῦντο.
816 2217 968 2253 Factum
998 2215 1036 2251 id
1066 2225 1163 2250 anno
1194 2216 1250 2253 67.
1270 2225 1305 2249 a.
1327 2212 1412 2250 Chr.
1441 2224 1478 2248 n.
1539 2212 1601 2250 Ad

158 2273 473 2308 constructionem
498 2274 698 2308 verborum
720 2274 767 2308 cs.
790 2272 853 2308 Fr.
875 2274 902 2318 Ι,
923 2276 980 2312 96.
1023 2271 1166 2308 Liberis
1184 2273 1260 2308 eius
1283 2270 1485 2307 avunculus
1505 2273 1597 2306 erat.

160 2327 238 2365 Cic.
260 2328 362 2364 Brut.
386 2340 417 2364 c.
440 2332 499 2373 83,
518 2331 598 2367 286.
657 2328 927 2376 Demochares,
954 2330 1017 2378 qui
1036 2328 1110 2376 fuit
1127 2327 1362 2366 Demostheni
1383 2327 1524 2363 sororis
1550 2328 1598 2374 fi-

159 2386 240 2431 lius,
260 2386 443 2422 orationes
461 2386 612 2432 scripsit
628 2386 774 2432 aliquot.

272 2498 333 2533 Fr.
355 2501 411 2536 10.
437 2497 552 2545 [Cort.
574 2509 611 2545 p.
632 2501 735 2536 1012.
760 2497 858 2533 Gerl.
883 2496 946 2534 ed.
963 2497 1048 2532 mai.
1070 2497 1158 2533 Vol.
1178 2497 1239 2532 111.
1257 2507 1295 2543 p.
1322 2498 1400 2535 149.
1426 2495 1486 2533 ed.
1509 2496 1598 2531 min.

159 2554 235 2590 Inc.
255 2557 314 2593 95.
335 2566 374 2602 p.
398 2558 479 2599 240,
503 2558 559 2594 16.
588 2555 698 2591 Debr.
724 2554 766 2598 V,
787 2555 864 2598 26.]
922 2554 1052 2590 Exstat
1079 2555 1184 2589 locus
1215 2552 1316 2600 apud
1343 2551 1527 2589 Plutarch.
1559 2552 1596 2587 in

158 2612 300 2648 Lucull.
329 2623 361 2648 c.
384 2614 442 2657 33,
463 2612 583 2656 med„
612 2611 710 2648 unde
737 2614 838 2658 patet
867 2610 1083 2647 Sallustium
1109 2610 1293 2647 seditione
1319 2609 1504 2645 exereitus
1529 2608 1597 2644 Lu—

156 2669 307 2705 culliani
329 2672 477 2704 narrata
497 2669 616 2706 fusius
639 2670 721 2704 eius
743 2669 797 2704 rei
820 2679 977 2704 caussas
996 2669 1232 2714 exposuisse.
1289 2667 1371 2703 Non
1393 2668 1450 2702 est
1475 2667 1598 2701 autem

161 2725 403 2773 improbabile
425 2726 535 2761 etiam
558 2727 709 2768 relicua,
737 2736 834 2771 quae
859 2724 1079 2761 Plutarchus
1102 2725 1125 2760 l.
1146 2726 1170 2764 l,
1206 2723 1252 2760 de
1272 2723 1413 2759 Luculli
1432 2722 1596 2759 moribus

159 2786 271 2834 atque
294 2782 444 2834 ingenio
461 2783 616 2820 militum
633 2782 766 2819 animis
780 2781 975 2830 capiendis
993 2792 1126 2830 parum
1148 2785 1232 2829 apto
1253 2779 1428 2827 disputat,
1449 2778 1597 2827 quibus-
