1774 3002
97 161 153 203 72
506 164 509 165 ⁷
594 163 634 202 C.
669 162 899 201 SALLUSTI
930 161 1080 201 CRISPI

99 290 228 335 nibus
259 290 302 334 et
329 289 481 349 paucis
517 289 709 341 sicariis,
742 304 930 351 quorum
964 303 1092 357 nemo
1129 303 1219 334 non
1247 288 1403 349 diurna
1430 302 1553 334 mer-

99 373 206 419 cede
230 372 368 418 'vitam
397 374 651 432 mutaverit3
684 388 800 418 nunc
838 375 906 418 est
942 373 1183 432 proconsul
1219 379 1318 418 cum
1353 370 1550 431 imperio,

100 472 189 503 non
225 459 393 517 empto,
437 458 516 503 sed
557 457 660 503 dato
698 472 724 502 a
757 456 908 512 vobis,
945 471 1044 502 cum
1082 457 1241 518 legatis
1281 456 1424 501 adhuc
1458 455 1553 501 iure

104 541 387 613 parentibu53
424 543 466 585 et
497 540 552 585 ad
584 555 685 586 eum
721 554 983 587 concurrere
1019 540 1218 595 homines
1250 539 1450 585 omnium
1473 552 1553 584 or—

100 610 248 669 dinum
298 623 656 683 corruptissumi,
696 624 937 685 flagrantes
987 622 1134 684 inopia
1172 625 1214 668 et
1262 605 1551 683 cupidinibus,

58 806 62 809 ,
100 751 334 824 (germanice
351 773 554 818 Bandilen)
572 773 745 811 homines
768 786 853 811 esse
872 776 1042 823 iymwos,
1061 777 1123 823 qui
1140 777 1200 812 vel
1221 775 1359 822 exigua
1378 772 1553 809 mercede

100 833 296 880 proposita
318 831 431 867 vitam
453 831 490 866 in
510 830 719 877 periculum
742 831 832 867 dare
863 843 937 867 non
961 833 1146 877 audeant3
1177 831 1279 880 quod
1307 834 1438 868 contra
1468 837 1561 866 esse

98 893 248 937 praeter
269 886 506 924 Gerlachium
529 888 650 924 sciunt
671 899 817 924 omnes.
878 889 1002 933 Quare
1032 882 1197 934 Co'rtius,
1229 890 1390 924 obscuro
1422 886 1556 923 verita-

99 947 146 982 tis
171 957 286 982 sensu
317 944 473 988 ductus,
503 945 623 980 verba
659 944 712 980 sic
749 946 931 992 explieat:
972 946 1100 994 quibus
1131 946 1266 981 diurna
1300 953 1440 980 merces
1473 943 1556 990 ipset

100 1003 173 1039 υἱίὰ
193 1003 319 1038 carior
338 1003 411 1045 est,
446 1000 546 1047 quod
566 1002 767 1047 postremis
788 1001 981 1038 hominum
1011 1007 1046 1038 et
1071 1001 1338 1050 perditissimis
1362 999 1554 1047 proprium

101 1062 181 1103 est3
213 1060 343 1105 neque'
356 1057 461 1093 aliter
481 1057 601 1093 Faber
625 1069 698 1101 „es
714 1069 794 1094 war
817 1058 1009 1106 niedriges
1043 1059 1119 1094 und
1149 1058 1405 1095 verworsenes
1428 1056 1557 1092 Gesin-

103 1115 183 1160 del,
210 1115 291 1151 dem
310 1115 390 1150 sein
414 1113 618 1160 Tayeslohn
638 1114 755 1150 hoher
774 1115 873 1162 9alt,
904 1116 960 1150 als
984 1115 1052 1151 das
1071 1115 1192 1151 Leben
1206 1143 1214 1158 ‚
1245 1113 1370 1150 indem
1400 1124 1462 1157 es,
1497 1123 1558 1149 um

102 1173 213 1208 einen
234 1169 450 1218 Tageslohn
478 1181 524 1206 zu
545 1170 732 1215 erhalten,
766 1172 849 1207 sein
869 1172 992 1208 Leben
1021 1168 1117 1208 aus's
1139 1171 1240 1218 Spiel
1265 1171 1420 1207 s·etzte.“
1481 1167 1559 1205 Sed

100 1229 197 1266 haec
218 1227 401 1264 sententia
420 1227 621 1263 verissima
639 1228 895 1264 tantummodo
918 1229 1097 1272 efficitur,
1122 1229 1154 1264 si
1176 1238 1281 1264 nemo
1302 1238 1375 1263 non
1398 1226 1559 1272 scripse-

102 1287 179 1330 ris;
212 1284 314 1332 quod
335 1294 447 1331 quum
472 1285 531 1319 vel
553 1284 633 1320 sine
662 1283 772 1320 codd.
795 1285 1053 1331 reponendum
1081 1286 1234 1328 suisset,
1266 1283 1436 1331 profecto
1457 1286 1558 1318 certa

103 1352 234 1378 eorum
256 1340 456 1377 auctoritas
480 1351 555 1376 non
575 1344 657 1376 erat
679 1341 923 1388 negligenda.
983 1342 1108 1378 Noluit
1137 1345 1258 1377 autem
1284 1340 1477 1386 Philippus
1497 1338 1558 1374 his

103 1399 230 1435 verbis
249 1398 433 1445 ignaviam
454 1397 732 1444 Lepidanorum
753 1398 987 1445 significare,
1011 1398 1079 1434 sed
1101 1398 1224 1445 potius
1245 1396 1318 1432 hoc
1342 1396 1456 1439 dixit,
1492 1407 1557 1431 eos
1595 1432 1599 1436 ,

102 1455 276 1492 homines
299 1454 416 1490 ruisse
432 1454 721 1500 perditissinws‚
752 1456 831 1491 sine
849 1456 928 1491 aris
948 1460 982 1490 et
1004 1454 1120 1502 focis,
1145 1455 1221 1502 'pro
1240 1454 1406 1500 pessima
1423 1461 1562 1488 caussa

103 1513 277 1549 vitaz-sima
298 1510 470 1547 mercede
493 1514 723 1558 puynantes,
761 1511 896 1547 eodem
920 1510 1051 1555 modo,
1079 1515 1117 1547 ut
1136 1510 1303 1547 Petreius
1336 1509 1375 1544 in
1397 1507 1505 1545 Catil.
1525 1519 1558 1543 c.

104 1568 204 1613 LIX,
232 1571 267 1605 5.
302 1567 437 1602 milites
471 1579 561 1617 suos
592 1571 721 1603 contra
752 1567 930 1604 Catilinae
967 1568 1173 1604 exercitum
1206 1566 1411 1603 adhortans
1448 1564 1558 1600 dicit:

105 1624 341 1661 meminerint
364 1634 405 1659 se
428 1626 558 1659 contra
578 1624 740 1660 latrones
765 1626 915 1661 inermis
936 1637 1012 1672 pro
1035 1626 1187 1671 patria,
1213 1634 1290 1670 pro
1319 1622 1456 1663 liberis,
1486 1631 1560 1669 pro

105 1683 185 1717 aris
203 1684 312 1728 alque
327 1679 424 1727 focis
443 1681 520 1715 suis
539 1683 695 1716 certare.
713 1700 770 1706 —
787 1680 995 1718 Proconsul
1018 1681 1177 1717 Orellius
1197 1683 1327 1716 contra
1347 1677 1459 1714 codd.
1482 1688 1561 1713 mu-

106 1737 199 1774 tavit
223 1738 261 1772 in
283 1747 360 1784 pro
389 1737 553 1782 consule,
591 1731 806 1782 quasi‘hoe
843 1738 964 1773 solum
999 1748 1131 1772 verum
1161 1739 1285 1779 esset3
1325 1735 1372 1770 cs.
1404 1734 1453 1770 ad
1482 1733 1560 1781 lug.

106 1794 237 1838 XLIV,
259 1797 294 1831 1.
313 1804 351 1840 p.
373 1796 456 1830 250.
474 1792 623 1839 Fragm.
647 1793 685 1834 Ι,
702 1795 761 1831 57.
783 1794 978 1830 Domitium
991 1792 1336 1840 proconsulem
1354 1811 1411 1817 —
1431 1799 1560 1827 accer-

106 1852 199 1891 sivit.
217 1850 267 1886 ib.
284 1849 332 1893 V,
353 1852 409 1887 12.
425 1848 565 1901 Audito
583 1847 624 1892 Q.
641 1848 828 1886 Marcium
844 1850 981 1898 Reqem
991 1849 1336 1897 proconsulem
1354 1868 1410 1874 —
1426 1849 1464 1883 in
1481 1846 1561 1883 Cili-

107 1909 203 1943 ciam
222 1905 384 1942 tendere.
411 1925 469 1932 -—-
493 1905 582 1942 Cum
599 1905 753 1953 imperio
781 1906 872 1954 quid
907 1907 955 1943 sit
983 1906 1144 1943 diximus
1166 1905 1214 1941 ad
1242 1905 1322 1952 Iug.
1351 1904 1419 1948 111,
1449 1908 1485 1942 1.
1508 1922 1558 1928 —-

108 1964 246 2000 Verbis
268 1973 342 1999 non
361 1966 479 2010 empto
504 1961 723 1999 Gerlachius
746 1968 782 1998 et
800 1964 919 2000 Faber
939 1964 1011 2000 hoc
1033 1962 1236 2010 significari
1257 1964 1431 2005 censent,
1454 1960 1561 2008 Lepi-

111 2020 199 2057 dum
220 2023 305 2056 ante
323 2030 437 2066 quam
467 2021 672 2066 proconsul
703 2024 825 2064 esset,
850 2019 1112 2056 ‘tantummodo
1153 2017 1315 2066 propriis
1342 2016 1560 2065 sumptibus

109 2076 268 2124 paratos
281 2076 417 2111 milites
446 2079 557 2122 atque
582 2076 779 2122 imperium
801 2076 993 2119 habuisse.
1054 2074 1132 2121 Sed
1155 2074 1242 2111 huic
1264 2073 1468 2111 sententiae
1499 2074 1563 2109 ob-

110 2136 202 2176 stat,
226 2131 326 2195 quod
342 2132 628 2178 Fragm1,47.
655 2137 824 2169 narratur
845 2133 986 2180 Lepido
1008 2125 1210 2170 exereitum
1231 2127 1416 2167 decretum
1431 2129 1562 2177 fuisse,

111 2200 221 2238 quem
253 2188 311 2223 ei
324 2198 453 2224 rursus
492 2188 705 2240 ademptum
743 2201 848 2226 esse·
866 2186 1050 2242 nusquam
1082 2185 1255 2234 traditur.
1295 2187 1435 2231 Quare
1467 2182 1563 2222 haec

110 2246 230 2282 verba
258 2243 480 2288 rhetoricam
501 2248 640 2280 tantum
662 2246 738 2282 vim
761 2246 910 2283 habere
922 2245 1116 2288 videntur,
1148 2256 1192 2279 eo
1230 2244 1371 2280 scilicet
1405 2243 1563 2279 consilio

114 2301 262 2345 addita,
296 2304 339 2336 ut·
354 2300 603 2347 oppositionis
622 2302 766 2337 ratione
788 2303 865 2338 dati
882 2302 1030 2349 imperii
1061 2301 1262 2348 indignitas
1285 2299 1407 2348 magis
1430 2299 1569 2335 effera·

113 2364 185 2396 tur.
215 2372 270 2383 -
298 2355 430 2393 Adhuc
456 2356 576 2393 Faber
606 2353 702 2392 bene
727 2358 819 2394 vidit
853 2358 901 2393 ad
937 2357 1150 2394 socordiam
1181 2361 1332 2393 senatus
1360 2356 1578 2401 ινιοῑ3ηᾱ3ηιῥ

115 2415 302 2464 pertinere
317 2442 325 2458 ‚
355 2413 417 2460 qui
443 2407 617 2460 patiatur⁴
632 2414 754 2450 adhuc
776 2415 959 2461 Lepidum
983 2426 1066 2450 eum
1089 2414 1245 2461 imperio
1267 2415 1375 2457 csse,
1408 2412 1509 2460 quod
1529 2412 1562 2446 ei

115 2473 176 2510 vel
200 2482 275 2507 non
297 2469 461 2506 dandum
475 2499 483 2514 ,
506 2471 566 2506 vel
588 2469 735 2507 dudum·
755 2468 994 2507 adimendum
1017 2471 1095 2507 suit.
1110 2490 1167 2496 ——
1187 2471 1425 2518 Flayrant
1440 2469 1563 2516 inopia

115 2534 150 2566 el
166 2526 406 2579 cupidinibus,
431 2527 491 2572 qui
515 2530 614 2564 tanta
635 2528 798 2564 omnium
821 2538 944 2563 rerum
967 2528 1093 2574 inopia
1115 2529 1283 2563 laborant
1300 2526 1482 2572 tantisque
1502 2536 1564 2560 cu-

114 2585 306 2634 pidinibus
335 2584 540 2631 agitantur,
581 2588 620 2620 ut
653 2583 702 2620 ad
737 2585 893 2631 quaevis
931 2584 1105 2621 audenda
1141 2583 1262 2631 parati
1299 2583 1383 2618 sint.
1444 2581 1563 2618 Simili

115 2641 228 2679 modo
247 2640 388 2677 dictum
408 2644 465 2676 est
485 2640 587 2677 Catil.
610 2652 643 2677 c.
665 2640 782 2685 XXV,
804 2645 838 2680 3.
898 2641 1074 2677 Lubidine
1097 2643 1152 2677 sic
1172 2648 1389 2676 accensa.
1452 2638 1499 2681 V,
1528 2640 1563 2675 4,

115 2699 177 2736 Ar
188 2699 302 2735 dens
334 2698 373 2732 in
400 2697 669 2744 cupiditatibus.
701 2715 757 2722 -—-
794 2697 981 2734 Scelerum
1012 2698 1232 2734 conscientia
1268 2695 1446 2742 exagitati
1478 2698 1562 2740 apte

116 2755 316 2804 contuleris
338 2764 422 2790 cum
443 2753 501 2790 his
528 2755 652 2790 verbis
675 2754 781 2791 Catil.
801 2754 883 2799 XV,
907 2756 942 2791 4.
993 2753 1299 2791 Conscientia
1318 2754 1471 2790 mentem
1493 2759 1562 2788 ex·
