1774 3002
161 161 218 203 50
507 180 510 181 ⁷
558 175 561 177 ’
645 162 686 201 C.
717 164 948 202 SALLUSTI
979 165 1130 204 CRISPI

165 289 268 350 quia
305 303 394 335 non
433 288 560 335 aliter
593 288 706 335 salvi
735 289 932 351 satisque
960 290 1041 336 tuti
1069 289 1112 335 in
1141 288 1323 351 imperio
1351 289 1511 346 eritis‚'
1531 288 1614 335 nisi

164 372 344 419 Vettius
363 373 521 420 Picens
549 375 593 419 et
619 372 762 419 scriba
789 372 1021 420 Cornelius
1048 374 1192 421 aliena
1217 375 1329 420 bene
1357 375 1483 434 parta
1502 388 1615 434 pro-

165 452 393 519 degerint,
427 457 511 504 nisi
528 457 822 518 approbaritis
845 473 998 505 omnes
1016 458 1382 519 proscriptionem
1404 457 1615 504 innoxio-

164 557 260 588 rum
280 543 337 589 ob
358 541 555 598 divitias,
593 541 812 588 cruciatus
835 543 1032 589 virorum
1057 543 1313 600 illustrium,
1340 545 1511 589 vastam
1532 557 1615 588 ur-

162 625 262 672 bem
283 626 395 687 fuga
414 627 458 671 et
476 625 705 684 caedibus,
738 627 854 673 bona
874 627 1035 674 civium
1056 627 1317 674 miserorum
1344 627 1471 690 quasi
1491 625 1615 673 Cirn-

162 782 295 815 statum
314 789 383 826 pro
406 780 544 826 optimo
564 779 723 825 habere,
744 791 787 817 ac
808 781 1038 830 reipublicae
1061 782 1219 818 salutem
1239 781 1277 817 in
1294 781 1526 829 perditorum
1546 779 1614 817 ho-

160 836 301 872 minum
331 837 479 873 luxuria
507 837 667 884 positam
702 841 858 884 putare3
898 838 931 874 si
962 839 1046 886 quis
1073 849 1164 875 vero
1186 839 1290 875 aliter
1315 839 1451 876 sentiat
1470 842 1508 874 et
1526 838 1613 875 talia

161 893 288 929 liberis
308 892 524 930 hominibus
546 893 702 942 indigna
723 895 846 940 dicat,
878 896 1054 932 continuo
1073 906 1159 932 eum
1181 895 1402 933 seditiosum
1423 907 1467 932 ac
1489 896 1613 932 turba-

159 954 280 986 torem
299 951 528 998 reipublicae
550 953 697 988 vocari.
715 972 775 979 —-
816 952 952 989 Vettius
971 952 1084 990 homo
1105 964 1239 1000 parum
1259 957 1369 990 notus
1390 956 1467 998 est,
1489 963 1612 999 neque

159 1008 315 1043 multum
340 1007 380 1043 id
408 1012 535 1044 nostra
565 1010 695 1054 resert;
727 1020 813 1045 nam
846 1009 918 1045 hoc
954 1014 1053 1046 certe
1082 1014 1228 1047 constat
1254 1021 1339 1046 eum
1368 1011 1485 1046 fuisse
1514 1010 1613 1045 inter

158 1066 384 1110 nebulones,
409 1077 504 1112 quos
526 1070 726 1102 sexcentos
749 1065 854 1103 Sulla
878 1067 987 1103 bonis
1007 1068 1304 1114 proscriptorum
1325 1067 1485 1104 satiavit.
1517 1066 1612 1102 Num

159 1120 261 1157 idem
282 1122 329 1158 sit
349 1133 433 1158 cum
453 1123 514 1158 illo
527 1152 536 1167 ,
559 1134 667 1170 quem
695 1123 825 1159 Cicero
850 1128 1031 1160 memorat
1058 1125 1095 1159 in
1116 1124 1210 1171 Epp.
1233 1124 1283 1160 ad
1304 1124 1415 1160 Attio.
1438 1124 1502 1168 IV,
1522 1126 1557 1167 5,
1576 1126 1612 1161 2.

160 1183 196 1214 et
214 1178 286 1225 VI,
308 1183 348 1224 1,
372 1182 429 1218 15.
449 1190 524 1215 non
546 1181 660 1227 liquet
672 1191 681 1226 ;
707 1185 830 1217 tamen
851 1191 899 1216 ex
914 1192 959 1217 eo
979 1181 1172 1229 probabile
1194 1185 1270 1226 est,
1289 1181 1391 1228 quod
1405 1180 1613 1228 posteriore

159 1237 242 1272 loco
262 1246 440 1284 manceps
460 1241 629 1274 vocatur.
655 1258 704 1265 —
736 1238 789 1273 De
819 1238 985 1275 Cornelio
1014 1239 1139 1285 paullo
1167 1239 1314 1285 planior
1343 1249 1404 1275 res
1439 1242 1496 1274 est
1528 1237 1612 1273 loco

160 1291 352 1329 Ciceronis
373 1293 420 1329 de
440 1293 516 1330 Off.
537 1294 588 1339 ΙΙ,
609 1298 653 1340 8,
674 1297 734 1333 29.
791 1294 951 1331 Hastam
973 1294 1019 1331 P.
1042 1295 1148 1332 Sulla
1169 1307 1280 1343 quum
1300 1295 1477 1332 vibrasset
1498 1294 1612 1330 dicia-

158 1353 236 1385 tore
264 1352 476 1398 propinquo
501 1361 590 1399 suo,
624 1352 718 1387 idem
751 1355 855 1388 sexto
895 1354 1075 1389 tricesimo
1107 1363 1206 1389 anno
1232 1356 1322 1400 post
1348 1364 1372 1388 a
1407 1352 1613 1389 scelestiora

157 1405 265 1442 hasta
285 1417 360 1443 non
386 1409 557 1449 νοσῶ-εὔ,-
587 1408 681 1445 alter
706 1412 846 1454 autem,
878 1411 1028 1456 quiin
1050 1409 1139 1445 illa
1175 1409 1419 1446 dictatura
1449 1406 1611 1445 scriba

155 1463 207 1510 fu
217 1468 340 1510 erat,
376 1466 414 1500 in
451 1463 524 1500 hac
552 1465 627 1512 fuit
652 1468 826 1512 quaestor
862 1466 1043 1502 urbanus.
1116 1465 1272 1503 scribae
1307 1470 1429 1503 autem
1461 1469 1611 1502 auctore

157 1520 268 1555 Festo
288 1532 326 1566 p.
346 1523 430 1559 333.
449 1521 576 1557 Muell.
601 1523 660 1569 (p.
680 1526 763 1560 258.
784 1522 974 1567 Lindem.)
1004 1523 1215 1559 scribebant
1244 1524 1410 1560 rationes
1441 1523 1611 1571 publicas

157 1577 195 1611 in
215 1577 371 1623 tabu11s3
402 1578 448 1613 cs.
470 1577 601 1614 Cicero
624 1579 662 1614 in
682 1579 793 1615 Verr.
813 1579 860 1614 III
875 1609 883 1624 ,
910 1582 967 1624 79,
991 1582 1070 1618 183.
1126 1580 1343 1617 Scribarum
1357 1581 1448 1627 fidei
1468 1579 1612 1616 tabulae

150 1633 324 1680 publicae
354 1635 597 1683 periculaque
637 1637 918 1684 mayislratuum
953 1638 1234 1673 committuntur.
1306 1637 1419 1674 Plura
1451 1637 1540 1674 vide
1573 1637 1610 1672 in

157 1688 331 1726 Creuzeri
353 1691 505 1739 Antiqq.
527 1692 637 1728 Rom.
659 1696 694 1735 §-
716 1694 797 1731 173.
819 1704 856 1740 p.
878 1696 948 1731 252
969 1704 1025 1740 sq.
1049 1693 1111 1729 ed.
1130 1694 1174 1729 II.
1191 1694 1359 1740 Apparet
1380 1694 1504 1741 igitur,
1522 1691 1611 1729 Cor—

155 1747 316 1792 nelium,
343 1759 455 1795 quum
475 1750 514 1784 in
531 1748 687 1786 Sullana
708 1747 817 1786 hasta
835 1751 981 1786 tabulas
1004 1750 1175 1797 publicas
1197 1750 1416 1796 conficeret,
1431 1761 1611 1798 magnum

155 1815 203 1840 ex
223 1816 270 1841 ea
290 1816 330 1840 re
356 1809 552 1852 quaestum
567 1807 726 1843 fecisse.
746 1826 803 1832 —
830 1806 880 1843 Et
898 1810 983 1843 ante
1003 1807 1148 1853 scriba,
1179 1807 1281 1855 quod
1313 1808 1350 1843 in
1381 1807 1443 1843 ed.
1464 1806 1610 1844 Gruteri

155 1867 190 1897 et
211 1860 326 1898 Cortii
347 1861 473 1908 deest,
496 1862 670 1900 codicum
690 1864 907 1900 auctoritate
926 1865 1180 1912 reposuimus.
1201 1884 1252 1891 --
1270 1864 1404 1902 Parta
1423 1865 1507 1912 pari
1529 1865 1608 1899 sere

155 1918 268 1955 codd:
290 1919 366 1955 fide
389 1920 588 1957 stabilitum
611 1921 760 1958 videtur
782 1925 891 1968 atque
904 1925 1067 1969 parata,
1090 1921 1192 1969 quod
1211 1922 1431 1959 Gerlac‘hius
1453 1922 1489 1957 in
1510 1925 1610 1956 utra-

155 1986 226 2023 que
249 1975 309 2012 ed.
333 1976 446 2013 habet
455 1988 477 2023 3·
499 1989 635 2024 quare,
661 1989 773 2025 quum
802 1977 975 2015 codicum
1007 1979 1116 2015 lectio
1145 1990 1222 2015 non
1255 1989 1413 2026 prorsus
1435 1981 1608 2014 accurate

154 2037 303 2069 enotata
329 2034 395 2079 sit,
417 2045 502 2070 cum
524 2034 662 2071 Orellio
692 2046 775 2071 eam
797 2036 1032 2082 recepimus,
1064 2047 1160 2083 quae
1191 2035 1357 2073 Sallustii
1386 2047 1459 2072 usu
1486 2034 1607 2082 magis

153 2091 311 2136 probata
331 2090 504 2136 videtur;
537 2093 584 2127 cs.
607 2092 655 2128 ad
678 2093 759 2140 lug.
780 2092 835 2137 X,
857 2097 890 2131 4.
912 2097 947 2128 et
969 2093 1018 2129 ad
1038 2093 1179 2137 XXXI,
1202 2095 1259 2131 17.
1286 2113 1335 2119 —
1376 2091 1607 2140 Approbari-

154 2147 198 2181 tis
228 2147 343 2182 estin
365 2147 452 2183 Vat.
485 2153 517 2185 1.
547 2151 605 2193 3.;
638 2150 753 2196 vulgo
777 2149 898 2185 editur
926 2149 1232 2197 approbaveritis.
1267 2170 1324 2175 —-
1349 2148 1608 2196 'Proser-cptio-

153 2211 257 2250 nem,
277 2213 347 2250 pro
369 2214 442 2249 quo
470 2205 571 2250 apud
595 2204 757 2241 Cortium
771 2235 780 2250 ,
803 2207 1013 2242 Weissium
1045 2211 1081 2242 et
1103 2206 1332 2253 antiquiores
1352 2206 1534 2254 plurimos
1558 2205 1608 2240 le-

153 2260 252 2307 gitur
280 2261 594 2307 proscriptiones,
639 2273 768 2297 veram
803 2273 888 2298 esse
914 2263 1135 2309 scripturam
1163 2274 1238 2298 non
1272 2265 1393 2300 solum
1428 2265 1608 2299 testantur

153 2317 237 2353 Vat.
261 2320 296 2354 1.
315 2320 352 2354 2.
369 2319 419 2361 3.,
442 2316 573 2353 veru'm
595 2318 678 2364 ipsa
698 2319 832 2364 probat
852 2318 1057 2355 sententiae
1088 2320 1194 2355 ratio.
1227 2320 1321 2357 Nam
1342 2323 1381 2356 ut
1391 2319 1606 2367 proscri-

149 2374 337 2420 ptiones
355 2374 591 2410 innoxiorum
609 2385 677 2421 per
700 2385 740 2410 se
761 2378 861 2410 recte
878 2375 1009 2420 habet,
1028 2376 1077 2411 ita
1097 2386 1458 2424 omnesproscr.
1477 2377 1604 2414 innox.

155 2429 360 2466 absurdum
385 2434 461 2475 est,
506 2431 613 2478 quasi
641 2431 813 2468 nonullae
848 2433 1143 2479 proscriptiones
1181 2434 1419 2470 innoxiorum
1455 2432 1604 2479 probari

154 2488 357 2534 potuerint.
419 2486 730 2535 Coniungendum
753 2491 876 2524 autem
897 2499 1020 2525 omnes
1048 2490 1311 2537 approbarim,
1331 2500 1443 2538 quum
1462 2484 1604 2535 Lepido

155 2543 280 2580 iudice
303 2543 408 2581 Sulla
427 2545 567 2581 nullum
590 2556 676 2582 esse
697 2546 830 2590 vellet,
859 2547 923 2593 qui
939 2557 1012 2582 non
1036 2549 1262 2594 approbaret
1279 2545 1603 2594 proscriptionem,

100 2602 104 2604 “
155 2611 199 2636 ac
224 2600 341 2647 siquis
364 2602 609 2648 improbaret,
639 2602 858 2639 seditiosum
884 2601 1035 2638 diceret.
1063 2624 1119 2629 —
1152 2604 1205 2641 De
1232 2604 1375 2641 rat10ne
1403 2602 1605 2639 verborum

153 2656 198 2693 ob
234 2657 397 2702 divitias,
442 2659 601 2696 attributi
636 2659 713 2696 vim
747 2658 982 2704 habentium,
1027 2661 1115 2696 vide
1153 2660 1201 2698 ad
1229 2661 1310 2708 Iu'g.
1331 2671 1365 2695 c.
1386 2658 1478 2703 LIV,
1500 2661 1536 2696 4.
1570 2661 1606 2692 et

157 2712 358 2750 Grammat.
380 2715 444 2751 lat.
465 2718 582 2752 nostr.
604 2719 638 2759 §-
662 2719 750 2761 120,
772 2720 807 2754 2.
829 2708 905 2752 not.
930 2720 963 2755 6.
985 2728 1023 2763 p.
1053 2719 1136 2756 287.
1163 2738 1218 2746 —
1247 2715 1364 2762 Quasi
1390 2715 1605 2753 Cimbricam

145 2771 335 2817 praedam
357 2783 429 2819 quo
452 2777 627 2820 respectu
647 2772 785 2809 dictum
808 2773 875 2818 sit,
906 2773 977 2809 iam
1002 2773 1251 2811 indicavimus
1275 2772 1324 2809 ad
1351 2775 1385 2816 S.
1414 2777 1449 2811 5.
1509 2771 1603 2808 Cim-
