1774 3002
98 134 214 167 XXIV
492 127 713 190 EDITORIS
749 128 984 168 EPISTOLA
1016 128 1138 168 CRITl
1143 129 1206 168 CA

99 249 161 291 vis
192 254 361 299 exorto,
398 248 439 289 id
467 250 580 300 quod
609 255 695 292 tum
730 263 782 292 ex
812 250 905 304 ipsa
932 251 992 293 rei
1021 251 1221 303 gravitate
1251 253 1484 306 coniicitur,
1523 262 1608 298 tum

97 319 437 370 Fragmentorum
470 319 522 358 ad
552 317 651 359 illud
680 320 829 361 bellum
861 320 1152 372 pertinentium
1175 322 1431 364 multitudine
1460 326 1608 374 proba-

97 392 191 444 tur„
236 385 423 437 Denique
454 385 493 426 in
523 387 648 427 rebus
679 388 847 430 urbanis
871 390 1040 429 multum
1070 401 1163 429 eum
1193 391 1244 431 de
1274 392 1607 433 contentionibus

96 454 324 497 tribuniciis
350 453 488 505 egisse
518 455 706 496 dubitare
736 469 819 497 non
851 456 948 497 sinit
961 456 1088 497 Macri
1110 458 1251 499 Licinii
1282 459 1411 501 oratio
1443 471 1496 500 ex
1526 461 1608 503 hoc

97 523 200 565 libro
232 523 392 574 integra
424 528 602 564 servata.

211 615 351 666 Quarti
384 616 474 657 libri
511 620 796 667 argumentum
833 617 955 666 longe
986 616 1205 657 maximam
1234 625 1394 668 partem
1420 627 1611 661 versatur

95 684 136 724 in
162 684 441 725 continuanda
479 684 715 725 narratione
744 683 840 724 belli
871 684 1150 734 Mithridatici,
1185 697 1292 735 quae
1321 699 1457 738 usque
1487 689 1539 728 ad
1567 689 1609 728 id

96 758 261 804 tempus
294 752 537 805 deducitur,
567 764 649 802 quo
671 751 947 800 Mithridates,
983 751 1105 791 etiam
1134 758 1234 803 post
1261 754 1446 805 Tigranis
1478 757 1609 797 socie-

95 827 222 862 tatem
264 820 546 873 gravissimas
575 820 715 859 clades
755 824 970 870 expertus,
1007 820 1179 861 Arsacis
1223 833 1345 873 opem
1387 823 1609 875 implorare

97 894 268 930 coactus
292 894 370 930 est.
413 890 634 929 Praeterea
650 888 909 938 Spartacium
938 889 1090 928 bellum
1126 890 1320 939 quoniam
1348 892 1468 934 tertio
1500 905 1608 935 anno

95 958 252 999 finitum
282 963 365 1006 est,
400 957 488 998 eius
521 962 705 997 extrema
734 967 833 1007 pars
857 957 947 996 'hoc
983 956 1086 998 libro
1130 959 1381 1008 continetur,
1425 974 1507 1012 quo
1539 974 1608 1003 au-

96 1032 188 1067 ctor
222 1026 344 1067 simul
382 1025 478 1066 belli
509 1024 669 1065 Thracii
707 1025 831 1064 finem
867 1024 1045 1065 tradidit.
1106 1027 1150 1066 In
1177 1028 1278 1067 urbe
1317 1033 1453 1069 autem
1485 1031 1608 1081 longe

93 1095 270 1146 plurima
299 1094 337 1135 ei
366 1093 557 1134 materies
589 1093 665 1134 suit
697 1094 748 1133 de
778 1093 967 1134 restituta
999 1094 1215 1135 tribunicia
1240 1101 1449 1147 potestate
1477 1110 1526 1139 ac
1556 1100 1608 1140 de

93 1163 279 1214 Pompeii
310 1167 351 1203 et
377 1163 515 1203 Crassi
546 1164 764 1204 consulatu
794 1161 1035 1203 disserendi.

211 1253 347 1305 Quinti
377 1254 467 1294 libri
492 1254 669 1295 ambitus
697 1252 845 1293 ceteris
876 1255 1002 1293 multo
1035 1254 1164 1295 fuisse
1192 1254 1354 1295 videtur
1380 1246 1607 1307 angustior,

93 1323 130 1364 si
170 1323 335 1373 quidem
377 1322 542 1363 relicuis
579 1321 698 1362 bellis
730 1322 920 1362 omnibus
951 1323 1193 1373 compositis
1223 1336 1351 1364 unum
1391 1331 1610 1376 supererat

91 1391 423 1441 Mithridaticum,
455 1390 653 1431 Romanis
670 1391 756 1431 tum
772 1394 927 1430 mutata
951 1392 1115 1431 fortuna
1139 1393 1259 1432 valde
1288 1392 1607 1445 improsperum.

92 1462 310 1501 Extremas
340 1458 463 1510 igitur
483 1448 649 1498 Luculli
664 1469 754 1506 res,
795 1458 884 1498 eius
907 1448 1105 1500 invidiam
1135 1451 1247 1510 apud
1276 1450 1522 1510 exercitum,
1554 1459 1608 1502 le-

92 1529 261 1580 gionum
295 1525 555 1574 seditionem,
587 1530 627 1565 et
649 1526 818 1584 foedum
849 1526 1002 1576 egregii
1032 1528 1149 1568 ducis
1178 1539 1230 1569 ex
1246 1528 1348 1569 Asia
1374 1528 1608 1570 discessum

92 1599 174 1638 hoc
194 1596 299 1636 libro
328 1593 548 1635 Sallustius
581 1594 795 1644 exposuit,
826 1588 1095 1645 neque‘ultra
1120 1597 1160 1636 in
1190 1596 1381 1638 Historiis
1412 1610 1607 1649 progres-

93 1679 167 1713 sus
199 1670 277 1715 est,
306 1675 430 1715 quam
458 1672 595 1712 usque
625 1662 678 1700 ad
704 1661 746 1701 id
775 1667 954 1713 tempus,
984 1676 1066 1714 quo
1084 1665 1281 1715 Pompeio
1310 1663 1486 1715 primum
1515 1666 1607 1715 lege

94 1733 286 1782 Gabinia,
335 1731 507 1778 deinde,
553 1729 694 1780 piratis
716 1758 719 1759 ν
741 1731 964 1780 confectis,
1011 1733 1102 1783 lege
1133 1731 1298 1771 Manilia
1333 1743 1537 1773 summum
1565 1732 1605 1774 in

90 1807 181 1844 tota
208 1801 312 1842 Asia
339 1798 556 1850 imperium
588 1797 855 1839 commissum
892 1805 968 1840 est.
1194 1812 1197 1814 ·

204 1892 372 1945 Praeter
414 1890 541 1938 haee,
595 1900 701 1939 quae
741 1889 978 1931 universum
1018 1890 1290 1932 Historiarum
1319 1898 1606 1942 argumentum

97 1960 374 2008 constituunt,
410 1970 549 1999 rerum
589 1963 851 1998 externarum
891 1959 1197 2010 expositionem
1239 1964 1385 2000 auctor
1418 1959 1604 2011 plurimis

94 2027 279 2070 distinxit
324 2026 676 2079 digressionibuS,
720 2027 875 2077 pariter
920 2028 971 2067 ad
1018 2029 1358 2079 cognoscendum
1401 2027 1605 2079 iucundis,

93 2104 217 2148 atque
243 2097 295 2144 ad
327 2096 545 2136 docendos
582 2097 760 2136 lectores
790 2095 1031 2137 utilissimis.
1091 2098 1190 2137 Nam
1226 2109 1308 2147 quo
1339 2096 1485 2138 melius
1514 2109 1606 2147 per-

94 2165 345 2218 spiceretur,
397 2163 546 2214 quibus
585 2162 767 2213 quidque
806 2164 909 2204 locis
947 2170 1061 2205 esset
1097 2169 1281 2214 gestum,
1327 2164 1480 2215 ubique
1522 2177 1605 2206 non

93 2236 228 2276 solum
257 2238 461 2273 terrarum
504 2235 629 2281 atque
657 2230 872 2281 regionum
911 2233 1032 2272 situm
1069 2237 1111 2272 et
1155 2238 1342 2272 naturam
1373 2233 1604 2284 descripsit,

93 2303 169 2344 sed
197 2301 318 2341 etiam
349 2301 401 2340 de
435 2298 617 2350 gentium
638 2298 840 2350 ingenio,
883 2300 1088 2353 moribus,
1122 2300 1317 2341 institutis
1351 2307 1476 2352 atque
1505 2301 1605 2342 anti-

93 2368 315 2421 quitatibus
352 2367 554 2419 prodidit,
600 2378 706 2417 quae
726 2373 954 2408 memoratu
981 2368 1103 2419 digna
1124 2369 1374 2409 viderentur.
1434 2371 1494 2409 Ex
1520 2380 1603 2420 quo

19 2439 22 2444 '
92 2448 247 2490 genere
275 2441 392 2484 sunt,
427 2447 534 2486 quae
567 2435 670 2475 libro
700 2436 730 2474 I.
774 2436 826 2476 de
856 2436 1010 2476 Mauris
1043 2442 1084 2477 et
1112 2436 1348 2478 Fortunatis
1379 2436 1523 2477 insulis
1554 2448 1603 2477 ac

21 2506 25 2510 ’
93 2507 146 2561 de
189 2504 415 2557 piratarum
456 2502 613 2554 origine
654 2508 694 2543 et
730 2504 921 2554 sedibus,
973 2503 1074 2544 libro
1119 2506 1166 2544 ΙΙ.
1211 2505 1262 2544 de
1305 2504 1518 2546 Sardiniae
1563 2509 1604 2546 et

11 2572 289 2616 Corsicae
326 2578 473 2613 natura
513 2571 895 2622 antiquissimisque
943 2571 1089 2612 incolis
1140 2577 1181 2612 et
1226 2573 1279 2612 de
1322 2572 1602 2623 Hispanorum

93 2630 277 2696 moribus
312 2645 353 2681 et
396 2642 594 2683 bellicosa
619 2642 780 2690 indole,
821 2640 924 2681 libro
955 2642 1020 2680 ΙΙΙ.
1052 2642 1104 2680 de
1130 2639 1231 2681 mari
1256 2639 1428 2681 PontIco
1460 2645 1501 2680 et
1527 2638 1600 2679 cir-

93 2701 416 2751 cumiacentibus
460 2710 688 2761 gentibus,
723 2710 775 2749 de
811 2708 997 2749 Danubio
1044 2714 1085 2749 et
1129 2707 1359 2756 Germanis,
1402 2708 1454 2747 de
1482 2709 1602 2750 Creta

91 2778 226 2821 insula
246 2777 420 2832 eiusque
448 2777 735 2830 religionibus,
772 2777 874 2819 libro
907 2778 975 2816 IV.
999 2777 1050 2818 de
1079 2777 1308 2828 Euphrate,
1337 2775 1465 2827 Tigri,
1502 2776 1596 2818 Me-
