1774 3002
463 147 529 184 AD
564 144 826 184 ERNESTUM
852 140 1285 180 WUESTEMANNUM.
1549 143 1636 175 m

129 272 320 322 neglecta
346 280 449 310 sana
480 268 638 309 ratione
670 270 870 307 summam
909 263 1196 305 contusionem
1223 257 1478 311 Fragmentis
1511 257 1632 299 infer-

128 345 232 387 rent,
262 344 345 379 eta
360 335 562 390 probabili
579 346 723 375 eorum
748 322 1035 384 dispositione,
1066 341 1189 382 quam
1216 341 1263 370 se
1282 329 1506 369 effecturos
1523 338 1631 367 som-

130 407 315 455 niabant,
353 407 476 457 plane
510 405 764 444 aberrarent.
831 399 1082 441 Debrossius
1116 398 1246 451 enim,
1294 407 1417 449 quem
1443 394 1630 436 nonnulli

130 473 411 514 immortaliter
438 473 492 512 de
524 471 798 512 Historiarum
827 466 1083 518 Fragmentis
1120 478 1216 507 esse
1246 465 1434 506 meritum
1469 462 1629 514 praedi-

131 546 244 591 eant,
279 553 406 592 quum
440 540 520 582 sibi
562 540 645 580 non
676 538 833 579 ratione
862 537 938 577 sed
965 534 1239 576 imbecillitate
1269 534 1447 584 quadam
1477 530 1630 582 ingenii

129 609 427 661 persuasisset,
463 609 615 649 nullam
645 605 935 657 grammaticos
968 604 1009 644 in
1040 602 1256 643 laudandis
1286 603 1628 652 Fragmentorum

130 677 241 718 libris
267 676 415 727 mereri
444 677 589 729 iidem,
619 675 773 726 quippe
802 673 871 724 qui
901 674 986 712 sere
1014 683 1224 722 nunquam
1251 682 1397 711 verum
1412 681 1627 710 numerum

130 745 381 795 exhiberent,
410 747 529 785 locos
557 742 800 794 saepissime
820 741 1132 788 confunderent,
1161 751 1210 780 ac
1239 742 1483 790 plerumque
1500 737 1629 777 verba

133 812 314 854 auctoris
345 813 579 854 memoriter
606 812 800 852 afferrent
829 813 886 856 (v.
913 808 1016 848 Hist.
1048 810 1100 848 de
1131 810 1169 848 la
1197 807 1373 859 Republ.
1400 817 1504 846 rom.
1532 806 1629 845 Vol.

134 883 166 920 Ι.
194 893 236 932 p.
266 880 400 930 2230,
444 892 494 921 eo
534 879 710 921 levitatis
743 891 995 931 progressus
1025 883 1113 926 est,
1148 881 1194 917 ut
1221 877 1332 916 nulla
1361 886 1534 926 prorsus
1564 886 1633 914 au·

136 947 335 989 ctoritatis
365 948 726 999 grammaticorum
764 947 924 988 ratione
958 946 1097 986 habita
1134 955 1242 994 quae
1274 942 1330 983 illi
1358 954 1410 982 ex
1433 941 1566 994 primo
1580 940 1635 981 li-

131 1018 208 1057 bro
237 1015 426 1068 laudant,
467 1027 628 1056 summa
656 1014 820 1056 libidine
847 1016 916 1055 vel
949 1015 990 1055 in
1018 1013 1267 1060 secundum,
1298 1012 1365 1050 vel
1388 1010 1429 1051 in
1456 1009 1635 1058 tertium,

135 1085 200 1124 vel
223 1083 264 1123 in
291 1083 512 1134 quemlibet
540 1084 662 1124 aliurn
693 1084 947 1131 transferret,
975 1088 1016 1123 et
1042 1087 1198 1130 contra,
1229 1091 1312 1130 quo
1342 1080 1424 1120 hoc
1443 1077 1636 1118 effectum

133 1157 217 1201 est,
255 1157 301 1192 ut
337 1151 425 1192 eius
456 1163 585 1203 opera
611 1153 858 1203 Fragmenta
888 1153 1015 1191 multo
1045 1150 1175 1201 magis
1207 1148 1410 1189 dissoluta
1437 1157 1487 1187 ac
1516 1145 1636 1185 disie-

136 1226 202 1262 cta
238 1220 338 1269 sint,
379 1231 502 1271 quam
531 1219 572 1260 in
601 1221 685 1260 ulla
711 1220 789 1259 alia
826 1219 1019 1260 editione.
1079 1216 1318 1258 Gerlachius
1347 1226 1449 1254 vero
1477 1217 1636 1253 tantum

135 1288 283 1337 abluit,
306 1290 353 1328 u't
379 1288 460 1328 hoc
484 1289 674 1338 exemplo
704 1288 884 1329 monitus
918 1293 1002 1328 tam
1036 1285 1281 1325 dissolutam
1314 1286 1482 1322 caveret
1514 1281 1637 1322 ratio—

134 1369 248 1406 nem,
278 1362 324 1397 ut
348 1357 444 1397 Vol.
465 1357 529 1396 111.
560 1368 603 1407 p.
634 1356 725 1396 101.
748 1361 789 1397 et
814 1355 905 1396 153.
929 1356 1074 1396 eadem
1104 1363 1209 1393 vana
1236 1349 1499 1399 confidentia,
1530 1361 1638 1401 quae

134 1423 403 1465 Debrossium
431 1429 715 1464 transversum
745 1424 848 1475 egit,
881 1424 1151 1464 contenderet
1174 1418 1464 1472 grammaticos
1492 1417 1534 1458 in
1565 1430 1637 1458 nu-

136 1504 250 1532 mero
289 1491 484 1532 librorum
518 1492 732 1546 afferendo
771 1491 924 1543 ubique
960 1493 1045 1532 rere
1078 1496 1162 1530 tam
1193 1487 1449 1539 negligenter
1485 1485 1636 1537 egisse,

135 1565 182 1600 ut
220 1560 317 1600 nihil
349 1571 494 1600 eorum
524 1559 759 1600 testimonio
787 1560 1047 1600 tribuendum
1075 1562 1209 1605 esset,
1251 1557 1508 1605 ordinemque
1531 1566 1637 1594 nar-

135 1630 302 1670 rationis
341 1638 419 1668 non
461 1629 520 1667 ad
560 1634 768 1680 corruptos
804 1640 1006 1677 numeros,
1056 1628 1130 1667 sed
1168 1626 1227 1665 ad
1268 1626 1466 1664 internam
1502 1633 1638 1663 rerum

135 1697 360 1737 fimena-am
406 1700 447 1736 et
488 1698 673 1746 temporis
720 1697 929 1736 decursum
979 1694 1289 1736 constituendum
1338 1702 1434 1732 esse.
1513 1690 1639 1741 Quasi

138 1775 242 1804 vero
267 1763 427 1804 interna
456 1774 594 1803 rerum
622 1762 832 1812 iunctura,
877 1775 1001 1814 quam
1029 1762 1098 1803 ille
1144 1760 1412 1802 certissimam
1450 1769 1638 1799 normam

66 1833 69 1835 ’
139 1832 475 1882 Fragmentorum
511 1830 865 1881 disponendorum
906 1836 1031 1881 atque
1067 1829 1406 1881 explicandorum
1443 1837 1542 1868 esse
1569 1837 1638 1866 au-

138 1903 289 1947 tumat,
323 1898 404 1938 iam
427 1910 503 1949 per
531 1909 578 1938 se
606 1898 844 1948 planissime
871 1904 1050 1949 pateret,
1083 1909 1219 1947 neque
1246 1901 1381 1936 totum
1406 1896 1488 1935 hoc
1516 1895 1638 1944 Frag-

140 1970 277 2005 menta
317 1965 547 2005 illustrandi
587 1966 795 2015 negotium
841 1967 899 2006 ita
934 1971 1216 2017 comparatum
1246 1969 1379 2012 esset,
1424 1968 1492 2011 ut,
1527 1967 1638 2002 ante-

143 2043 265 2082 quam
300 2032 352 2071 de
389 2031 575 2072 iunctura
611 2043 747 2072 rerum
775 2039 940 2084 agatur,
973 2034 1093 2084 ipsae
1120 2043 1189 2073 res
1224 2031 1417 2082 cognitae
1442 2041 1539 2071 csse
1569 2030 1638 2069 de-

142 2101 283 2148 beant,
314 2111 422 2150 quae
446 2105 558 2140 certe
586 2112 670 2140 non
701 2100 864 2141 aliunde
898 2113 1020 2152 quam
1056 2112 1110 2141 ex
1143 2099 1501 2151 grammaticorum
1527 2094 1638 2138 testi-

145 2167 292 2209 moniis
332 2168 529 2218 cognosci
564 2172 755 2219 possunt.
825 2169 979 2219 Quibus
1009 2170 1079 2220 qui
1105 2180 1269 2210 omnem
1298 2168 1424 2208 fidem
1451 2167 1637 2216 derogat,

144 2248 197 2276 ne
225 2236 292 2276 ille
321 2235 483 2275 videtur
509 2235 580 2275 vix
606 2236 732 2276 ullum
766 2241 949 2277 veterem
984 2237 1292 2288 grammaticum
1316 2235 1508 2283 novisse3
1543 2245 1638 2273 nam

145 2304 215 2355 qui
248 2305 316 2343 vel
354 2302 486 2344 obiter
522 2314 597 2343 eos
629 2302 877 2355 inspexerit,
918 2307 1103 2356 profecto
1140 2305 1339 2355 intelliget
1375 2308 1456 2344 tam
1494 2301 1638 2354 paucis

143 2371 246 2412 locis
283 2382 496 2411 numerum
530 2370 742 2422 librorum,
786 2373 897 2413 unde
939 2375 1127 2424 exempla
1170 2373 1407 2420 laudarunt,
1452 2370 1639 2421 ipsorum

142 2440 264 2489 culpa
293 2439 446 2478 falsum
478 2435 549 2478 aut
580 2438 836 2481 librariorum
874 2452 1016 2482 errore
1054 2446 1293 2492 corruptum
1318 2450 1426 2488 esse,
1452 2443 1499 2478 ut
1526 2438 1638 2477 nullo

143 2510 266 2558 pacto
299 2507 352 2546 de
395 2510 625 2546 ceterorum
658 2507 830 2548 veritate
865 2509 1041 2549 dubitari
1082 2509 1230 2560 possit.
1306 2506 1479 2548 Omissis
1519 2505 1642 2556 igitur

144 2573 358 2615 Debrossii
396 2579 437 2614 et
466 2572 665 2613 Gerlachii
698 2576 906 2625 perversis
941 2576 1188 2625 rationibus,
1225 2575 1373 2627 quibus
1408 2574 1572 2614 minime
1598 2572 1639 2612 in

146 2641 331 2682 ordinem
356 2640 490 2682 redire
527 2651 576 2680 ac
603 2642 735 2682 lucem
762 2643 950 2695 accipere
977 2649 1175 2695 possunt,
1212 2654 1318 2694 quae
1343 2643 1516 2682 confusa
1545 2644 1642 2681 sunt

145 2713 187 2748 et
222 2710 421 2758 obscura,
461 2709 502 2748 id
540 2707 643 2748 mihi
665 2711 869 2759 agendum
896 2711 1058 2762 putavi,
1087 2717 1134 2752 ut
1162 2712 1417 2762 singulorum
1443 2709 1640 2748 librorum

143 2782 423 2829 argumentum
458 2782 554 2819 ante
582 2776 718 2818 omnia
742 2790 794 2820 ex
832 2779 881 2821 iis
907 2779 1160 2832 Fragmentis
1189 2778 1504 2825 constituerem,
1537 2786 1638 2827 quo·
