1774 3002
135 171 221 214 384
248 147 253 151 ’
625 175 664 213 c,
697 175 927 214 SALLUSTI
955 177 1104 217 cmspl

271 303 340 345 53.
397 299 524 361 Equo
555 300 694 361 atque
717 301 849 345 armis
879 300 1140 361 insignibus.

273 388 341 430 54.
399 382 599 443 Pyrrhus
646 383 933 443 interemptus
979 385 1060 431 fuit
1101 385 1145 430 in
1191 385 1300 430 aede
1346 383 1511 430 Dianae
1555 399 1583 430 a

136 467 322 527 quadam
342 466 523 511 muliere
547 465 745 527 [Tr-090,
778 466 994 514 Sallustio
1012 473 1059 513 et
1083 467 1268 513 Lucceio
1293 465 1584 527 auctoribus]

271 553 339 595 55.
398 549 641 610 Staphylus
679 549 847 609 primus
881 550 1028 596 docuit
1061 550 1212 596 vinum
1252 564 1367 611 aqua
1394 549 1579 596 misceri.

133 632 211 695 [C.
243 632 416 680 Plinius
441 637 489 678 et
511 632 747 679 Sallustius
779 638 983 680 auctores
1010 633 1152 694 sunt]

135 794 310 830 convicia
339 792 556 829 dicebant.“
588 792 629 828 In
657 793 896 830 altercatione
926 794 1051 841 aliqua
1077 793 1173 829 haec
1206 793 1322 830 verba
1351 792 1469 829 fuisse
1497 793 1579 828 luee

135 851 273 887 clarius
295 854 363 886 est.
385 851 568 897 Perquam
586 850 772 898 sagaciter
789 851 900 898 igitur
910 851 1095 886 Linkerus
1117 850 1155 885 in
1173 848 1379 886 Comment.
1402 848 1449 885 de
1464 850 1578 885 Prae-

135 907 231 944 fecto
259 907 361 944 urbis
392 907 568 943 seriarum
599 907 812 943 Latinarum
836 919 874 954 p.
905 909 938 945 7.
968 906 1205 952 (Commentt.
1235 905 1416 942 Academ.
1447 906 1578 942 scient.

133 963 349 1000 vindobon.
375 962 516 1000 Classis
544 963 761 1010 philosoph.
785 963 873 1001 hist.
897 964 982 1000 Vol.
1002 963 1048 999 X.
1071 974 1107 999 a.
1136 963 1260 1007 1853.)
1280 963 1492 1009 suspicatur
1511 956 1580 998 Ca-

133 1022 250 1057 tulum
279 1021 339 1057 his
368 1021 496 1056 verbis
522 1020 559 1055 in
588 1020 769 1067 Lepidum
800 1020 988 1057 invectum
1008 1030 1116 1065 esse,
1149 1030 1261 1067 quum
1282 1019 1320 1054 in
1346 1020 1430 1066 ipso
1451 1017 1579 1056 Sullae

135 1078 266 1114 sunere
295 1076 533 1140 gravissimis
557 1076 739 1115 eonvieiis
770 1087 811 1113 se
839 1078 1133 1122 insectarentur,
1162 1077 1246 1113 coll.
1246 1075 1442 1138 Appiano
1467 1075 1515 1111 de
1536 1075 1578 1110 Β.

137 1133 234 1179 c.1,
256 1136 339 1172 107.
367 1123 462 1170 ’Ami
484 1128 527 1170 δὲ
546 1131 615 1180 τῆς
633 1132 762 1196 πυρᾶς
786 1132 1000 1183 χωροῦντες
1024 1125 1148 1177 εὐθυς
1175 1129 1217 1169 οἱ
1241 1123 1385 1168 ὕπατοι
1412 1124 1580 1195 λόγοις

133 1184 455 1254 βλασφήμοις
485 1184 530 1233 ἐς
556 1181 804 1238 ἀλλήλους
836 1185 1158 1240 διεφέροντο,
1187 1182 1257 1225 καὶ
1283 1179 1327 1225 τὸ
1345 1179 1520 1225 ἆστυκὸν
1540 1182 1579 1232 ἐς

134 1237 278 1291 αὐτους
303 1242 486 1299 διῄρητο,
507 1246 556 1282 ad
576 1258 689 1293 quam
710 1257 789 1282 rem
805 1246 973 1293 respexit
995 1246 1106 1282 etiam
1126 1246 1258 1282 Florus
1278 1244 1339 1289 111,
1359 1247 1483 1290 23,1.
1513 1244 1577 1289 (11,

134 1308 193 1343 11.
212 1301 348 1352 Jahn.)
375 1301 703 1350 Quantumcunque
721 1302 798 1349 fax
816 1303 912 1339 illius
929 1307 1046 1339 motus
1067 1302 1123 1338 ab
1153 1304 1255 1349 ipso
1276 1300 1441 1338 Sullae
1466 1311 1578 1348 roqo

134 1361 304 1397 exarsit?
340 1359 558 1407 Tyrannum
581 1358 734 1396 Catulus
758 1360 923 1406 appellat
948 1358 1150 1406 Lepidum,
1176 1357 1278 1406 quod
1302 1358 1342 1394 vi
1365 1361 1402 1393 et
1429 1368 1498 1404 per
1525 1357 1580 1392 in-

134 1417 330 1454 solentiam
349 1415 476 1453 Sullae
499 1420 583 1452 aeta
605 1415 822 1453 rescindere
841 1417 1020 1463 parabat;
1041 1417 1102 1465 cui
1128 1425 1241 1462 quum
1260 1418 1347 1451 ante
1366 1408 1497 1450 decem
1515 1423 1580 1449 an-

133 1485 204 1510 nos
234 1473 354 1510 Cinna
386 1473 555 1509 similiter
584 1473 809 1511 adversatus
835 1477 958 1519 esset,
988 1472 1128 1510 civitati
1154 1471 1403 1522 maximarum
1428 1469 1578 1507 cladum

133 1535 287 1576 auctor,
314 1531 424 1566 facile
457 1533 561 1577 patet
583 1533 761 1576 quantam
791 1529 972 1566 invidiam
997 1529 1153 1566 haberet
1186 1527 1327 1564 Cinnae
1353 1537 1491 1563 nomen
1511 1527 1578 1562 Le—

132 1587 224 1635 pido
254 1588 484 1634 impositum.
532 1586 568 1623 A
596 1585 722 1623 Sullae
755 1590 871 1622 morte
902 1597 1015 1633 quum
1041 1584 1172 1632 Lepidi
1201 1585 1331 1621 turbae
1361 1583 1577 1631 inciperent,

132 1644 398 1691 Fragmentum
422 1643 516 1678 inter
537 1643 574 1688 I,
597 1644 657 1681 45.
680 1639 716 1677 et
736 1644 796 1680 46.
817 1641 1078 1679 collocandum
1101 1645 1191 1677 erat.

247 1699 308 1736 Fr.
331 1703 393 1738 53.
414 1697 531 1744 [Cort.
550 1710 588 1746 p,
607 1701 711 1737 1006.
737 1699 837 1735 Gerl.
861 1698 922 1734 ed.
944 1699 1030 1734 mai.
1053 1698 1129 1734 Ine.
1150 1700 1210 1736 89.
1228 1696 1287 1733 ed.
1307 1696 1396 1732 min.
1419 1696 1493 1732 Ine.
1506 1698 1575 1734 -28,

132 1755 658 1805 p.237,19.Debr.11‚65.
691 1755 744 1799 II,
775 1757 856 1793 126.
884 1755 954 1800 IV,
983 1756 1042 1792 46.
1067 1754 1115 1789 V.
1145 1751 1221 1801 29.]
1251 1752 1360 1790 Serv.
1390 1751 1439 1788 ad
1468 1752 1576 1798 Virg.

133 1814 232 1850 Aen.
251 1812 310 1859 X,
331 1815 414 1851 539.
438 1813 510 1848 Pro
530 1821 621 1859 equo
641 1811 679 1846 in
699 1811 872 1848 omnibus
894 1810 988 1848 Sall.
1009 1809 1097 1868 edd.
1125 1810 1206 1846 sine
1224 1809 1364 1867 idonea
1383 1819 1520 1845 caussa
1543 1811 1579 1842 et

134 1868 236 1907 nulla
257 1862 474 1906 auctoritate
495 1867 646 1916 legitur
650 1866 767 1915 equae.

245 1926 306 1963 Fr.
328 1928 388 1964 54.
414 1925 546 1971 [Deest
563 1923 665 1971 apud
688 1923 799 1968 Cort„
821 1923 922 1960 Gerl.
942 1922 1004 1959 ed.
1025 1922 1114 1958 mai.
1135 1925 1171 1958 et
1189 1920 1300 1958 Debr.
1318 1939 1367 1947 ——
1391 1919 1576 1956 Ger1.ed.

132 1984 222 2020 min.
247 1983 315 2028 ΙΙΙ,
335 1984 392 2020 94.
414 1993 453 2030 p.
471 1983 554 2026 224,
564 1978 618 2029 8.]
636 1980 773 2017 Caecil.
794 1979 942 2027 Apulei.
966 1979 1014 2015 de
1035 1978 1203 2025 orthogr.
1223 1981 1258 2021 s.
1275 1981 1332 2017 16.
1353 1976 1416 2013 ed.
1437 1976 1576 2014 Osann.

132 2041 229 2077 haee
252 2040 303 2075 ita
326 2038 472 2083 laudat,
493 2042 533 2074 ut
553 2048 626 2073 non
657 2038 741 2084 ipsa
769 2035 935 2073 Sallustii
964 2036 1081 2072 verba
1102 2035 1242 2071 referre
1271 2045 1356 2071 eum
1385 2035 1578 2080 appareat.

132 2097 234 2133 Nihil
251 2099 375 2132 autem
396 2106 445 2130 ex
463 2095 535 2131 hoe
556 2094 584 2130 F
587 2098 780 2141 ragmento
813 2094 940 2140 colligi
964 2094 1108 2138 potest,
1141 2101 1253 2138 quam
1274 2089 1491 2127 Sallustium
1512 2090 1579 2125 ali-

133 2154 217 2190 eubi
238 2153 357 2189 obiter
375 2150 509 2199 Pyrrhi
533 2151 662 2187 mortis
690 2149 915 2185 mentionem
941 2149 1141 2192 iniecisse3
1167 2146 1351 2183 Gerlachii
1373 2146 1472 2182 enim
1493 2156 1579 2181 sen-

135 2210 250 2246 tentia
273 2209 377 2254 (Vol.
400 2208 460 2244 III.
482 2219 521 2255 p.
544 2208 657 2254 146),
678 2207 717 2243 id
737 2207 872 2243 sactum
901 2216 987 2242 esse
1016 2206 1080 2249 „in
1105 2203 1356 2251 descriptione
1376 2202 1502 2238 ltaliae
1524 2202 1577 2238 in-

134 2266 306 2310 terioris,
329 2265 391 2300 ubi
418 2264 465 2299 de
494 2264 662 2310 fugitivis
683 2262 894 2310 expositum
915 2262 1019 2306 est,“
1041 2260 1192 2296 memini
1214 2260 1322 2296 facile
1346 2258 1577 2306 probabitur.

74 2368 77 2371 y
134 2322 189 2359 De
209 2319 344 2370 Pyrrhi
362 2324 495 2364 morte,
515 2319 630 2366 Argis
648 2331 671 2356 a
690 2320 847 2355 muliere
864 2318 1001 2365 lapidis
1023 2317 1097 2354 ictu
1118 2316 1313 2361 interfecti,
1333 2326 1371 2353 v.
1391 2314 1578 2353 Plutarch.

136 2380 175 2415 in
199 2377 333 2427 Pyrrh.
356 2388 389 2413 c.
411 2379 469 2415 34.
494 2375 624 2411 lustin.
647 2375 774 2419 XXV,
793 2379 828 2419 5,
851 2377 885 2412 l.

247 2435 308 2471 Fr.
331 2436 389 2471 55.
413 2432 542 2478 [Deest
560 2431 662 2478 apud
682 2430 791 2474 Cort,
816 2430 914 2466 Gerl.
938 2428 998 2465 ed.
1020 2429 1105 2464 mai.
1127 2433 1163 2464 et
1181 2428 1292 2466 Debr
1314 2446 1372 2454 —
1393 2426 1492 2464 Gerl.
1513 2425 1576 2462 ed.

135 2491 224 2529 min.
242 2491 302 2535 111,
319 2493 378 2529 92.
400 2500 437 2536 p.
459 2490 540 2533 224,
552 2488 603 2534 6.]
627 2486 764 2524 Caecil.
788 2486 936 2532 Apulei.
961 2484 1007 2521 de
1029 2485 1194 2532 orthogr.
1216 2488 1251 2528 s.
1273 2487 1330 2523 12.
1351 2482 1412 2519 ed.
1436 2482 1574 2520 Osann.

136 2548 215 2585 Hoc
240 2556 388 2595 quoque
408 2546 671 2593 Fragmentum
691 2543 813 2590 magis
842 2553 921 2578 rem
943 2553 966 2577 a
986 2540 1162 2578 Sallustio
1184 2542 1302 2579 obiter
1320 2541 1575 2582 memoratam,

137 2615 250 2652 quam
274 2604 356 2639 eius
383 2603 500 2639 verba
520 2601 703 2645 continet,
723 2610 820 2647 quae
840 2598 964 2647 potius
987 2601 1197 2646 congruunt
1225 2608 1309 2635 eum
1331 2595 1451 2632 Plinio
1466 2594 1509 2631 H.
1529 2592 1574 2630 N.

214 2685 309 2754 ’.ΕΓ
330 2717 388 2754 56.
414 2713 527 2759 [Cori.
550 2725 584 2760 p.
602 2714 704 2752 1009.
728 2711 825 2749 Gerl.
846 2710 906 2746 ed.
932 2710 1020 2746 mai.
1041 2710 1118 2746 Ine.
1142 2713 1220 2748 140.
1239 2708 1300 2746 ed.
1320 2707 1409 2744 min.
1431 2705 1491 2751 111,
1512 2707 1574 2744 73.

136 2785 176 2821 p.
196 2776 284 2819 220,
303 2774 338 2812 9.
359 2770 470 2810 Debr.
490 2770 557 2816 111,
581 2769 657 2815 75.]
677 2767 785 2806 Serv.
809 2766 859 2803 ad
878 2767 985 2814 Virg.
1008 2766 1103 2804 Aen.
1125 2766 1226 2812 VIII,
1250 2767 1332 2804 278.
1362 2762 1403 2798 In
1430 2772 1577 2798 summa
