1774 3002
169 114 252 156 126
675 118 715 155 C.
746 118 977 156 SALLUSTI
1007 118 1157 158 cmspl

305 245 346 286 6.
398 240 619 287 Daedalus
658 242 843 302 primum
884 243 1152 300 Sardiniam,
1191 248 1296 304 post
1341 246 1513 293 delatus
1549 250 1619 293 est

172 322 346 369 Cumas.

306 410 344 453 7.
401 406 634 452 Aristaeus
670 411 773 467 post
805 409 1014 493 laniatum
1061 425 1088 455 a
1129 410 1310 456 canibus
1347 411 1617 458 Actaeonem

167 560 215 595 cl'.
228 560 479 595 Aristotelem
488 557 535 593 dc
546 558 719 594 Mirabill.
730 559 951 596 Auscultatt.
961 564 1021 599 81.
1043 561 1148 597 Tom.
1159 563 1199 599 II.
1222 574 1259 609 p.
1269 551 1351 601 836.
1376 562 1437 602 ed
1447 561 1612 598 Bekker.

162 606 229 652 Ἐν
258 615 342 659 ταῖς
350 607 576 681 Ἠλεκτοίσι
607 607 741 676 νήσοις
765 612 888 663 φασιν
908 609 1010 655 εἶναι
1035 609 1107 655 δύο
1137 609 1376 682 ἀνδριάντας
1408 608 1614 667 ἇνακειμέ-

164 682 277 716 νους·
317 667 465 721 λέγεται
483 668 526 707 δε
552 663 714 716 τούτους
740 665 1003 711 Δαιδάλου
1027 666 1128 710 εἶναι
1147 670 1266 724 ἔργα,
1292 666 1506 738 ὕπομνημα
1535 674 1618 711 τῶν

164 720 308 790 πάλαι,
343 722 423 765 ότε
451 723 596 765 Μίνω
635 719 836 777 φεύγων
865 725 917 768 ἐκ
941 727 1179 776 Σικελίας
1209 726 1293 771 καὶ
1319 724 1517 783 Κρήτης
1542 727 1616 776 εἰς

164 776 378 829 τούτους
398 774 518 830 τούς
537 775 725 845 τόπους
750 781 1020 848 παρέβαλε.
1070 787 1249 830 Herodot,
1269 787 1454 834 V11‚17o.
1494 782 1614 838 Λέγε-

165 852 229 877 ται
256 838 406 878 Μίνω
432 829 558 878 κατὰ
596 832 807 890 ζήτησιν
838 836 1099 881 Δαιδάλου
1120 834 1432 907 ἀπικόμενον
1459 838 1509 888 ἒς
1531 843 1612 881 Σι-

165 894 374 946 κανίην,
404 887 497 946 τὴν
519 895 609 934 νῦν
629 894 871 948 Σικελίην
890 894 1226 949 καλευμένην,
1255 889 1478 938 ἀποθανεῖν
1495 896 1614 952 βιαίῳ

166 948 346 1006 θανάτῳ.
407 953 518 990 Adde
539 953 651 990 Diod.
673 953 750 990 Sic.
768 954 830 1000 IV,
853 957 909 994 79.
935 956 1019 992 Vol.
1040 956 1064 991 Ι
1086 967 1126 1005 Ρ.
1148 959 1230 997 322.
1252 956 1431 1002 Wessel„
1450 956 1614 994 Pausan.

166 1011 194 1056 1,
209 1015 268 1055 21,
289 992 326 1048 4’.
351 1022 390 1058 Ρ.
415 1013 473 1049 39.
500 1009 623 1047 Bekk.
645 1009 805 1056 id.-V11‚
826 1013 860 1055 4,
881 1014 913 1050 6.
934 1023 972 1060 Ρ.
993 1015 1075 1052 419.
1137 1012 1308 1050 Ceterum
1336 1013 1536 1053 Sallustius
1560 1012 1614 1048 in-

167 1068 330 1103 solenter
356 1078 400 1103 ac
421 1067 548 1113 paullo
571 1066 701 1103 durius
721 1066 856 1114 fuqere
883 1069 993 1106 simul
1022 1080 1104 1105 cum
1135 1069 1317 1106 adverbio
1340 1069 1411 1106 loci
1439 1073 1477 1104 et
1504 1079 1613 1105 accu-

167 1124 289 1161 sativo
311 1124 447 1160 obiecti
469 1123 672 1170 coniunxit,
694 1134 851 1170 quorum
872 1124 966 1162 illud
979 1125 1265 1170 intransitivum,
1290 1125 1362 1162 hoc
1378 1125 1614 1164 transitivum

167 1181 272 1218 verbi
294 1191 449 1217 sensum
469 1180 635 1228 requirit.
667 1180 843 1217 Fortasse
864 1191 911 1218 ea
928 1192 969 1218 re
991 1181 1163 1219 offensus
1184 1181 1312 1219 Carrio
1334 1193 1386 1230 ex>
1400 1181 1485 1218 cod.
1497 1180 1613 1219 Thos.

165 1237 315 1286 scripsit
337 1247 439 1273 cum
459 1235 617 1274 Minonis
641 1236 842 1284 [προνοί
870 1239 967 1274 iram
993 1242 1101 1286 atque
1125 1248 1214 1286 opes
1222 1253 1234 1279 ‚-
1273 1238 1344 1276 sed
1364 1250 1409 1274 eo
1432 1237 1615 1276 sententia

165 1294 216 1330 ita
238 1294 471 1338 immutatur,
508 1297 546 1329 ut
564 1293 722 1331 Daedali
753 1294 842 1341 fuga
862 1305 939 1330 non
962 1305 1009 1332 ex
1030 1293 1158 1340 Creta,
1192 1294 1263 1331 sed
1291 1305 1339 1330 ex
1360 1294 1491 1332 Sicilia
1516 1294 1613 1330 sacta

167 1362 254 1387 esse
277 1350 436 1387 dicatur.
493 1350 666 1387 Eundem
693 1361 847 1386 sensum
866 1350 981 1388 habet
1011 1351 1196 1400 scriptura
1219 1362 1242 1387 a
1263 1351 1461 1388 Gerlachio
1487 1350 1524 1386 in
1548 1349 1611 1386 ed.

167 1408 255 1443 mai.
286 1415 489 1454 expressa:
524 1418 610 1454 quo
629 1405 724 1443 Min.
746 1407 943 1455 fuqeret
967 1409 1076 1444 iram.
1135 1407 1214 1445 Sed
1241 1411 1280 1445 ut
1306 1407 1457 1455 probari
1486 1407 1612 1454 nequit

169 1463 378 1500 Daedalum
401 1463 537 1500 Minois
560 1463 688 1500 timore
711 1463 879 1502 Siciliam
902 1465 1124 1513 reliquisse,
1153 1464 1203 1513 ita
1225 1475 1274 1503 ex
1297 1475 1365 1509 eo,
1394 1463 1496 1510 quod
1523 1472 1612 1511 opes

168 1521 304 1557 Minois
329 1521 470 1567 fugisse
492 1519 648 1566 dieitur,
678 1525 782 1567 patet
802 1519 1019 1558 Cretensem
1045 1522 1171 1569 sugam
1206 1531 1291 1557 esse
1315 1519 1613 1568 intelligendam.

168 1597 224 1601 -—
253 1578 323 1612 Pro
348 1575 508 1613 Minonis
528 1576 775 1613 Gerlachius
768 1588 805 1614 in
831 1576 891 1613 ed.
911 1578 1001 1615 mai.
1021 1578 1117 1614 male
1139 1577 1291 1624 scripsit
1308 1576 1464 1621 Minoas,
1483 1579 1614 1615 eontra

167 1632 348 1669 disertum
370 1632 549 1669 Prisciani
567 1636 621 1667 tes
627 1634 829 1680 timonium,
851 1633 1085 1694 quiMinonis
1105 1645 1126 1669 a
1143 1633 1317 1671 Sallustio
1341 1632 1478 1674 eodem.
1497 1631 1611 1669 modo

168 1689 306 1725 dictum
329 1700 414 1724 esse
439 1689 561 1734 docet,
588 1699 661 1735 quo
683 1681 912 1736 Syracusis
895 1682 1024 1742 ἥρων,
1052 1682 1205 1740 ἥρωνος
1227 1689 1395 1727 dicerent
1408 1700 1478 1737 pro
1493 1679 1611 1739 ἥρως,

166 1737 194 1794 ’ἦ
221 1757 306 1790 ωος.

196 1758 219 1796 (²
281 1802 341 1838 Fr.
361 1804 397 1839 6.
441 1801 569 1846 [Deest
588 1800 690 1851 apud
712 1800 809 1838 Cort.
835 1821 891 1826 —-
914 1801 1012 1837 Gerl.
1033 1801 1095 1838 ed.
1119 1802 1205 1838 mai.
1229 1801 1304 1838 Ine.
1325 1803 1406 1840 197.
1431 1800 1494 1838 ed.
1521 1800 1609 1837 min.

169 1859 212 1903 ΙΙ,
239 1856 290 1896 12.
319 1870 356 1905 Ρ.
375 1862 462 1903 201,
488 1860 522 1897 9-
562 1858 670 1895 Debr.
700 1857 752 1902 11,
772 1858 850 1902 34.]
908 1857 1033 1893 Verba
1060 1857 1226 1894 laudavit
1249 1857 1407 1895 Servius
1432 1856 1482 1894 ad
1501 1857 1609 1904 Virg.

171 1916 268 1952 Aen.
292 1915 352 1960 VI,
383 1917 439 1954 14.
451 1941 460 1961 ,
491 1914 572 1952 libri
606 1925 759 1952 numero
789 1925 864 1951 non
885 1913 1071 1959 indicato;
1103 1913 1173 1951 sed
1201 1913 1251 1950 ad
1270 1913 1431 1951 eandem
1449 1913 1611 1954 fabulam

169 1976 358 2019 spectare,
390 1982 502 2017 quain
520 1970 756 2020 praecedens
780 1970 1056 2017 Fragmentum,
1079 1981 1189 2008 nemo
1209 1970 1398 2009 dubitabit.
1443 1970 1494 2005 cl'.
1512 1970 1606 2007 Pau-

170 2039 251 2064 san.
271 2028 319 2073 X,
345 2031 400 2072 17,
420 2031 453 2067 4
473 2038 511 2075 Ρ.
534 2030 616 2068 665.
659 2028 782 2064 Bekk.
825 2023 880 2064 Οἱ
891 2021 934 2062 δε
956 2022 1024 2064 καὶ
1045 2023 1247 2064 Δαίδαλον
1265 2017 1493 2093 ἀποδρᾶναι
1507 2037 1610 2076 τηνι-

172 2083 298 2120 καῦτα
309 2057 497 2132 ’Καμίκου
517 2075 583 2122 διὰ
605 2075 678 2134 τὴν
698 2078 964 2134 ἐπιστρατείαν
967 2073 1055 2146 τὴν
1073 2081 1252 2132 Romam,
1275 2077 1361 2123 καὶ
1379 2072 1612 2128 ἀποικίας

169 2135 216 2184 ἐς
243 2131 338 2188 τὴν
362 2131 543 2190 Σαρδώ
573 2139 840 2188 μετασχεῖν
881 2138 944 2189 τῷ
967 2130 1225 2192 Ἀρισταίῳ
1263 2135 1498 2189 νομίζουσιν.
1557 2139 1612 2176 De

171 2195 326 2232 Daedali
343 2194 478 2232 Cumas
500 2196 666 2234 adventu
696 2196 745 2232 cr.
771 2194 904 2233 Silium
923 2194 1002 2239 XII,
1023 2197 1070 2236 90
1090 2206 1173 2246 sqq.
1194 2215 1250 2220 —
1270 2195 1374 2245 Quae
1398 2195 1434 2230 in
1455 2199 1610 2243 utraque

171 2251 357 2288 Gerlachii
386 2250 445 2286 ed.
473 2256 557 2298 post
587 2252 776 2288 Daedalus
817 2252 951 2298 legitur
981 2261 1067 2287 vero
1097 2251 1298 2298 particula,
1327 2262 1404 2289 non
1433 2250 1611 2299 Sallustii,

171 2308 241 2345 sed
271 2308 394 2346 Servii
425 2312 502 2354 est,
540 2318 646 2345 suam
675 2308 880 2344 orationem
900 2308 1113 2353 ,nectentis
1149 2318 1263 2356 quare
1298 2307 1610 2362 eum-Demossio

175 2365 397 2402 delevimus.

284 2421 344 2457 Fr.
367 2423 403 2460 7.
439 2418 552 2466 [Cort.
574 2430 610 2468 p.
631 2423 735 2459 1010.
767 2420 866 2457 Gerl.
893 2420 954 2456 ed.
976 2421 1061 2458 mai.
1097 2420 1171 2457 Ine.
1191 2422 1269 2461 196.
1290 2419 1351 2457 ed.
1379 2416 1473 2460 min.
1489 2419 1532 2465 11,
1554 2422 1610 2460 11.

170 2490 207 2524 p.
230 2482 316 2523 201,
341 2479 377 2515 4.
418 2477 528 2513 Debr.
550 2475 604 2521 Il,
623 2472 699 2525 32]
757 2476 900 2520 Locus,
921 2487 943 2512 a
968 2475 1101 2514 Servio
1127 2475 1175 2512 ad
1195 2476 1303 2524 Virg.
1322 2476 1461 2524 θοοῖς.
1487 2475 1524 2520 Ι,
1555 2477 1611 2513 14.

173 2535 326 2576 allatus,
345 2544 432 2568 num
452 2533 562 2580 plane
582 2532 770 2581 genuinus.
789 2532 859 2577 sit,
879 2531 1036 2569 dubitari
1057 2536 1199 2581 potest3
1233 2542 1320 2570 nam
1339 2542 1383 2567 eo
1406 2530 1507 2579 quod
1527 2529 1613 2568 Ser-

92 2582 95 2585 ’
173 2591 257 2627 vius
279 2589 383 2625 addit
400 2593 441 2625 ut
455 2588 649 2626 Sallustius
670 2588 822 2635 docet,
844 2587 1048 2635 significari
1071 2587 1217 2627 videtur
1241 2598 1320 2625 rem
1340 2587 1477 2633 potius,
1499 2597 1610 2635 quam

171 2647 288 2684 verba
318 2645 480 2682 auctoris
502 2656 589 2683 cum
607 2643 682 2681 fide
712 2644 854 2680 referri.
915 2643 990 2681 Sed
1009 2648 1087 2682 utut
1107 2647 1186 2691 est,
1205 2643 1277 2681 hoc
1307 2646 1412 2683 certe„
1427 2646 1540 2689 patet,
1561 2641 1608 2678 de

173 2702 346 2739 Aristaeo
369 2701 531 2737 fabulam
554 2712 576 2737 a
591 2699 766 2738 Sallustio
789 2700 825 2735 in
847 2700 1071 2746 explicanda
1094 2698 1290 2736 Sardiniae
1311 2698 1526 2745 antiquitate
1549 2709 1606 2733 re-
