1774 3002
472 162 477 168 ·
529 143 859 182 msromARum
885 141 1197 180 FRAGMENTA.
1258 143 1348 179 LIB.
1378 143 1423 179 11.
1598 138 1680 182 155

371 272 441 314 49.
500 279 523 312 .·
545 297 558 313 .
589 267 628 313 is
661 266 857 313 saevitia.
916 265 1015 322 Qua
1057 279 1107 311 re
1143 265 1331 327 fatigata
1370 265 1525 326 plebes
1566 267 1683 312 forte

238 427 337 463 culto
355 427 395 462 in
412 426 445 461 11
464 426 557 463 libro
577 437 625 462 nc
647 428 767 462 verbo
784 425 933 472 quidem
960 430 1083 462 aetum
1103 430 1181 469 est,
1214 429 1254 461 ut
1272 429 1415 461 taceam
1434 427 1681 472 posteriorem

236 482 549 528 enunciationem,
570 494 666 530 quae
684 484 838 518 alteram
862 483 1025 518 continet
1046 482 1156 518 [arnis
1175 492 1365 525 caussam,
1385 481 1547 518 absurde
1568 483 1681 519 adiici

236 539 373 588 priori,
391 549 467 586 qua
485 539 603 575 fames
622 540 697 575 iarn
716 538 924 575 machmam
946 538 1081 574 dicitur
1097 540 1194 586 reyis
1213 549 1319 574 cura.
1342 557 1401 566 —-
1427 538 1537 583 Quod
1558 539 1681 576 locum

236 595 323 632 huie
341 595 566 642 Fragmento
598 596 793 642 assignavi
815 596 909 630 inter
929 595 1087 641 primum
1117 606 1161 630 ac
1191 594 1398 631 secundum
1417 595 1682 642 Fragmentum

236 651 474 695 Taenarium,
495 651 678 687 audacius
699 652 849 699 quidem
873 651 993 687 videri
1015 652 1135 698 possit
1143 662 1155 696 ;
1189 651 1260 687 sed
1280 652 1363 698 qui,
1395 662 1491 698 quae
1513 653 1607 688 ratio
1629 654 1683 688 in-

237 700 406 743 tercedat
430 707 527 743 inter
555 719 719 755 sequens
745 709 805 744 Fr.
838 713 873 743 et
904 708 1110 743 orationem
1138 708 1285 752 Cottae,
1320 709 1571 755 reputaverit,
1606 720 1682 746 non

237 764 411 808 multum,
430 764 584 810 opinor,
611 764 811 808 dubitabit,
834 765 924 811 quin
945 764 1040 800 haec
1069 766 1186 800 verba
1203 764 1250 799 ea
1274 765 1471 800 columnae
1490 765 1683 802 secundae

237 824 362 866 parte,
389 830 486 865 quae
506 820 713 864 intercidit,
745 821 842 856 lecta
862 821 1007 856 suerint.
1058 819 1183 856 Tertia
1199 821 1300 856 enim
1318 821 1554 868 palimpsesti
1574 821 1684 858 Tole—

239 876 313 911 tani
342 876 517 912 columna
542 887 656 923 quum
678 876 726 912 de
750 878 907 926 tumultu
926 877 1047 924 plebis
1075 877 1247 923 factoque
1277 877 1317 912 in
1336 879 1513 913 consules
1543 878 1684 926 impetu

238 931 403 975 dicatur,
432 942 591 977 necesse
611 938 669 968 est
688 934 726 969 in
754 933 1060 970 antecedentibus
1083 944 1242 970 caussas
1265 934 1348 969 eius
1369 934 1545 970 tumultus
1566 934 1684 972 fuisse

237 993 560 1027 commemoratas-
608 989 671 1025 Ad
698 1000 764 1025 eas
792 990 1003 1037 respiciens
1027 988 1133 1025 Cotta
1161 990 1198 1025 in
1225 990 1394 1026 oratione
1426 990 1475 1026 ad
1501 992 1683 1038 populum

236 1043 456 1090 animosque
476 1044 638 1081 irritatos
657 1045 792 1082 sedare
813 1045 968 1082 studens
987 1045 1098 1082 docet
1111 1050 1334 1093 praesentes
1350 1047 1520 1083 mer-‘as
1545 1049 1599 1092 (S.
1615 1050 1683 1093 1.),

236 1098 335 1136 donni
359 1099 510 1147 bellique
533 1102 842 1148 bipeditissimam
868 1102 1046 1149 rempubl.
1073 1104 1125 1146 (S.
1146 1104 1224 1147 6.),
1252 1102 1387 1149 &festa
1407 1102 1542 1139 Italiae
1567 1106 1682 1140 mar-i—

237 1161 336 1191 mma
357 1157 490 1200 (§.7.),
509 1157 699 1204 fortunam
718 1169 941 1194 communem
961 1169 1136 1206 asperam
1158 1162 1199 1204 (s
1221 1162 1279 1203 8.)
1301 1159 1382 1194 sine
1403 1170 1475 1195 sua
1492 1160 1604 1207 culpa
1622 1172 1685 1197 ac-

237 1210 397 1256 cidisse,
417 1211 658 1260 hortaturque
678 1219 717 1250 ut
734 1216 895 1251 advorsa
917 1216 1070 1251 tolerem
1088 1219 1141 1259 (S.
1166 1217 1261 1260 13.)‚
1290 1226 1388 1252 neve
1400 1218 1511 1262 pacis
1529 1218 1679 1264 opulen—

237 1269 323 1303 tiam
342 1274 542 1314 quaerant,
573 1281 685 1316 quum
706 1272 831 1307 omnia
850 1283 988 1318 aspera
1008 1272 1082 1307 sint
1107 1275 1161 1316 (S.
1185 1274 1272 1315 14.).
1318 1272 1353 1309 ls
1375 1271 1538 1309 afflictus
1557 1277 1682 1310 autem

238 1334 360 1360 rerum
390 1326 613 1361 urbanarum
642 1330 760 1363 status
789 1328 950 1363 maxime
973 1330 1167 1364 constabat
1190 1325 1325 1375 sames
1344 1339 1418 1375 qua
1438 1329 1512 1364 iam
1539 1329 1605 1366 diu
1631 1331 1686 1366 la·

238 1381 457 1425 borabatur,
489 1383 603 1418 variis
624 1383 771 1419 caussis
801 1383 949 1420 effecta.
991 1384 1066 1419 Has
1088 1384 1200 1431 igitur
1224 1395 1338 1430 quum
1366 1389 1496 1431 aperte
1524 1387 1686 1433 tetigerit

238 1434 450 1481 Sallustius,
474 1442 513 1473 ut
532 1438 733 1474 ostendunt
754 1441 870 1476 verba
888 1440 1080 1486 sequentis
1101 1440 1161 1476 Fr.
1181 1451 1271 1487 qua
1290 1450 1340 1476 re
1364 1441 1523 1489 [οὔθατα
1542 1443 1682 1489 plebes,

237 1502 350 1537 quam
370 1494 532 1529 maxime
551 1496 744 1540 probabile
765 1501 823 1531 est
843 1497 937 1531 inter
957 1497 1031 1532 alia
1052 1497 1163 1532 etiam
1191 1501 1411 1533 conmeatus
1438 1509 1463 1532 a
1482 1499 1685 1536 latronibus

238 1549 457 1595 ihm-copim
475 1561 562 1585 eum
582 1561 918 1596 commemorasse,
948 1552 998 1588 ad
1018 1563 1130 1599 quam
1151 1563 1230 1588 rem
1250 1553 1360 1589 etiam
1387 1553 1493 1590 Cotta
1510 1557 1545 1597 S.
1568 1556 1603 1593 7.
1625 1560 1681 1594 ll.

240 1607 278 1638 et
297 1605 352 1641 14.
381 1606 544 1652 respicit.
592 1607 773 1643 Laeron&
791 1612 916 1644 utrum
937 1608 1170 1656 intelligendi
1189 1608 1265 1645 sint
1291 1607 1505 1656 terr-esem,
1534 1622 1583 1647 an
1601 1623 1683 1648 ma-

238 1660 367 1703 rihni,
396 1671 473 1697 non
488 1663 599 1708 plane
623 1664 757 1709 liquet;
795 1676 1021 1712 quamquam
1041 1666 1143 1701 enim
1160 1665 1224 1701 illo
1242 1676 1356 1702 sensu
1379 1668 1607 1714 frequentius
1627 1669 1684 1704 di-

239 1720 391 1760 cuntur,
423 1722 544 1754 tamen
568 1719 725 1755 dubitari
747 1721 894 1767 nequit,
925 1722 1015 1768 quin
1040 1722 1149 1757 etiam
1171 1722 1385 1768 praedones
1414 1724 1464 1759 ita
1490 1723 1578 1760 dicti
1603 1726 1683 1760 sue—

241 1773 332 1816 rint,
371 1785 483 1820 quum
513 1776 697 1812 latrocinii
721 1787 870 1823 quoque
897 1782 935 1813 et
961 1779 1209 1814 lau-oehundi
1234 1781 1420 1815 vocabula
1450 1780 1497 1815 de
1525 1781 1683 1827 piratica

241 1834 531 1875 usurparentur;
568 1833 615 1867 cf.
638 1833 735 1869 Vett.
758 1833 801 1876 ΙΙ,
821 1836 880 1876 73,
899 1837 934 1871 3.
962 1833 1039 1870 Cic.
1063 1834 1109 1869 de
1132 1835 1224 1881 Rep.
1248 1835 1291 1879 ll,
1310 1838 1344 1872 4.
1378 1856 1435 1860 ——
1468 1838 1539 1872 Pro
1566 1839 1682 1873 inccr-

239 1885 359 1920 ierant
385 1885 626 1931 Gerlachius,
662 1888 827 1923 Douzam
853 1894 890 1923 et
918 1889 1133 1925 Carrionem
1156 1895 1328 1935 secutus,
1357 1893 1537 1938 scriptum
1565 1894 1683 1929 fuisse

241 1940 391 1976 coniicit
407 1943 592 1988 interfecti
607 1949 733 1987 mul,
764 1955 859 1990 quae
881 1946 1097 1982 coniectura
1117 1957 1211 1990 non,
1233 1951 1272 1981 ut
1292 1948 1353 1982 ille
1375 1948 1443 1993 ait,
1465 1950 1682 1995 probabilis,

241 1995 310 2030 sed
329 2006 486 2040 prorsus
506 1998 628 2044 inepta
657 2004 726 2034 est.
776 2001 869 2034 Nam
893 2001 995 2046 quod
1012 2012 1096 2037 eam
1117 2003 1288 2037 lemmate
1317 2003 1463 2039 articuli
1490 2016 1683 2041 commen-

242 2050 324 2086 dari
342 2055 491 2097 putant,
512 2054 677 2099 primum
697 2066 770 2090 non
796 2055 970 2092 viderunt
988 2057 1028 2092 id
1049 2058 1104 2093 sic
1122 2057 1284 2094 habere:
1310 2058 1494 2107 „interfici
1512 2065 1549 2096 et
1566 2063 1686 2098 occ-feli

242 2110 279 2141 et
317 2107 518 2144 inanimata
555 2121 692 2156 posse,
741 2116 889 2148 veteres
924 2113 1134 2149 vehementi
1169 2116 1385 2151 auctoritate
1416 2122 1644 2163 pnsum-unu
1657 2119 1682 2136 “

243 2168 316 2198 tum
346 2174 414 2199 eos
436 2164 531 2211 fugit
549 2166 658 2201 Nonii
678 2169 851 2214 exempla
870 2179 946 2204 non
966 2169 1062 2205 haec
1082 2170 1212 2216 modo,
1242 2171 1313 2207 sed
1333 2173 1446 2209 etiam
1465 2173 1602 2210 similia
1623 2176 1682 2210 in-

242 2219 410 2255 tereundi
433 2224 471 2255 et
488 2223 698 2267 peritnendi
720 2225 837 2260 verba
854 2226 1072 2272 complecti,
1105 2237 1223 2273 quae,
1251 2228 1284 2263 si
1312 2228 1383 2264 sibi
1402 2234 1575 2266 constare
1604 2232 1683 2267 vel-

244 2276 339 2318 lent,
365 2276 503 2321 paritcr
524 2288 593 2323 pro
610 2280 798 2326 ‚corruptis
818 2279 959 2317 habere
979 2286 1017 2317 et
1037 2282 1075 2318 in
1094 2293 1224 2319 eorum
1243 2284 1366 2321 locum
1392 2286 1600 2333 iraterficere
1619 2289 1680 2323 vel

241 2330 338 2366 adeo
356 2332 765 2372 occiderersubstituere
787 2336 972 2373 debebant
979 2348 990 2382 ;
1025 2338 1186 2386 denique
1216 2341 1301 2377 vim·
1320 2341 1451 2377 barum
1477 2342 1681 2379 dictionum

243 2392 315 2422 tam
343 2398 475 2433 parum
493 2392 655 2426 assecuti
679 2397 782 2437 sunt,
817 2398 856 2428 ut
880 2405 1003 2440 neque
1029 2396 1135 2431 varia
1158 2396 1309 2432 dicendi
1330 2409 1470 2444 genera
1490 2399 1683 2435 discerne-

243 2447 333 2488 rent,
355 2455 476 2490 neque
494 2447 760 2493 perspicerent,
780 2449 925 2485 etiamsi
941 2450 1028 2486 licet
1046 2452 1085 2486 in
1105 2452 1235 2488 iocoso
1256 2457 1293 2488 et
1312 2454 1485 2490 familiari
1506 2467 1681 2493 sermone

242 2510 310 2546 pro
332 2503 887 2547 consumptisoemeatsbus
905 2506 1030 2542 dicere
1053 2509 1344 2554 interfectos
1364 2516 1601 2554 comunes,
1628 2517 1682 2548 ta-

243 2566 328 2591 men
349 2557 564 2603 neutiquam
583 2558 696 2594 licere
712 2564 950 2607 comeam,
973 2564 1038 2609 qm·
1056 2565 1365 2611 interierunt,
1391 2567 1681 2615 interfectos

244 2610 383 2649 dicere.
587 2624 589 2626 ·
735 2634 738 2636 >
992 2650 997 2653 .

353 2668 415 2703 Fr.
434 2669 495 2706 49.
549 2666 686 2716 [Deest
712 2671 815 2717 apud
828 2672 952 2718 Goth,
974 2674 1070 2710 Gerl.
1100 2675 1162 2710 ed.
1184 2676 1270 2711 mai.
1295 2680 1333 2712 et
1359 2678 1449 2713 min.
1475 2683 1511 2714 et
1539 2679 1677 2725 Dein-‚J

243 2722 507 2771 Fragmentum
546 2736 679 2762 recens
706 2729 878 2764 accessit
913 2740 964 2765 ex
988 2731 1236 2779 Palimpsesto
1267 2731 1446 2770 Toletano
1461 2763 1471 2778 ,
1510 2736 1584 2770 col.
1611 2735 1677 2772 111.
