1774 3002
322 375 901 455 misiliminum
959 336 1455 449 FRAGMENTA.

716 772 1068 811 ARGUMENTUM.

819 870 907 904 Car.
934 871 960 905 l.

265 941 387 985 Lepidi
411 951 465 974 res
490 946 661 974 extremae
685 950 725 973 ac
751 949 842 973 mors
867 940 901 972 in
925 939 1084 973 Sardinia
1106 943 1293 971 narrantur.
1318 955 1364 960 —
1390 936 1612 969 Insulae-de-

172 1003 312 1046 scriptio
337 1007 369 1035 et
390 1002 618 1050 antiquitate&
644 1018 691 1023 —
715 1000 872 1034 Corsicae
895 1000 1092 1043 descriptio.
1112 1017 1159 1022 -
1181 999 1371 1040 Perpernae
1389 1007 1465 1029 cum
1480 997 1611 1040 Lepido

172 1063 341 1096 coniuncti
364 1062 448 1105 fuga
469 1071 513 1094 ex
536 1060 657 1093 Sicilia
686 1066 719 1093 et
749 1060 888 1102 Corsica
915 1060 950 1092 in
982 1059 1129 1093 Galliam
1157 1058 1303 1100 indeque
1334 1058 1368 1090 in
1397 1058 1610 1102 Hispaniam,

173 1124 228 1157 Fr.
256 1122 394 1158 1—15.
415 1121 526 1167 [Anni
549 1121 606 1154 77.
633 1119 690 1154 76.
718 1131 749 1170 a.
776 1121 856 1155 Chr.
881 1120 932 1164 n.]

822 1199 913 1233 cai».
938 1199 982 1234 11.

263 1269 395 1304 Bellum
418 1269 661 1304 Sertorianum.
687 1269 841 1313 Pompeii
861 1269 897 1300 in
910 1268 1109 1311 Hispaniam
1134 1267 1197 1299 iter
1217 1271 1248 1299 et
1274 1266 1451 1301 adventus.
1468 1285 1515 1290 --
1530 1266 1612 1299 Eius

173 1332 348 1376 ingenim
368 1330 566 1363 illustratur.
590 1348 638 1355 —
661 1331 785 1364 Rerum
808 1333 980 1373 gestarum
1011 1328 1195 1360 narrationi
1227 1327 1454 1370 praemittitur
1485 1328 1614 1360 descri-

172 1393 244 1436 ptio
266 1391 395 1436 ingenii
418 1390 658 1434 Hffipanorum.
684 1408 733 1413 —
755 1390 894 1433 Pugnae
918 1389 1011 1432 apud
1036 1388 1206 1427 italicam,
1238 1387 1447 1426 Lauronem,
1474 1388 1611 1421 Turiam

172 1453 246 1485 sive
269 1451 475 1495 Saguntum,
501 1451 601 1485 aliae.
622 1468 675 1473 ——
696 1450 824 1483 Metelli
847 1450 883 1482 in
911 1449 1106 1482 ulteriorem
1136 1445 1346 1492 provinciam
1374 1457 1540 1489 recessus.
1566 1466 1613 1472 -

174 1512 368 1546 Incertioris
391 1512 576 1544 sententiae
604 1511 805 1553 Fragmenta
834 1511 1001 1552 quaedam
1026 1510 1070 1543 ad
1100 1509 1284 1543 Sertorium
1318 1508 1519 1552 spectantia.
1556 1509 1610 1541 Fr.

178 1571 335 1609 16—37.
362 1569 471 1615 [Anni
494 1571 654 1606 77—75.
682 1581 713 1605 a.
740 1569 818 1604 chr.
843 1570 893 1615 n.]

807 1650 896 1683 cap.
924 1652 983 1685 111.

263 1717 396 1752 Bellum
418 1723 534 1751 contra
558 1719 687 1762 piratas
712 1719 747 1751 in
761 1719 892 1753 Pisidia
912 1725 944 1753 et
964 1719 1169 1765 Pamphylia
1192 1730 1214 1752 a
1234 1720 1271 1752 P.
1291 1717 1439 1753 Servilio
1463 1725 1610 1764 gestum.

173 1778 414 1814 51238-40
441 1776 549 1821 [Anni
570 1778 733 1815 76-75.
759 1789 792 1815 a.
819 1780 898 1813 Chr.
923 1780 974 1824 n.]

808 1861 897 1895 Gan.
920 1862 977 1895 IV.

267 1926 416 1959 Bellum
424 1930 540 1958 contra
563 1926 765 1962 Macedonas
787 1936 819 1962 et
843 1931 1022 1964 Dardanos
1045 1941 1066 1963 a
1094 1930 1132 1963 C.
1158 1930 1268 1962 Scrib.
1296 1928 1441 1964 Curione
1464 1937 1612 1975 gestum.

176 1986 231 2020 Fr.
256 1984 422 2020 41—43.
456 1985 562 2028 [Anni
583 1986 746 2022 76—74.
770 2000 801 2022 a.
827 1991 908 2025 Chr.
933 1990 986 2034 n.]

812 2065 910 2102 Cui
926 2070 971 2102 V.

159 2191 167 2194 .
268 2133 337 2168 Res
354 2132 515 2166 urbanae.
540 2151 587 2158 —
611 2121 851 2171 Contentiones
877 2139 921 2171 de
936 2132 1159 2172 vrestituenda
1179 2143 1346 2182 potestate
1366 2123 1617 2175 tribunicias—

175 2196 341 2228 Annonae
373 2194 515 2237 caritas,
548 2206 654 2239 eaque
681 2203 775 2231 ortus
806 2199 919 2243 plebis
948 2200 1124 2233 tumultus.
1165 2217 1212 2222 —
1242 2198 1279 2231 C.
1313 2198 1431 2232 Cottae
1462 2201 1614 2235 consulis

177 2255 299 2291 oratio.
314 2273 370 2284 .—
392 2254 517 2288 Terrae
540 2261 664 2293 motus.
689 2277 736 2282 —
759 2259 814 2292 Fr.
840 2260 1001 2294 44—52.
1030 2259 1136 2304 [Anni
1155 2259 1214 2293 76.
1240 2259 1299 2293 75.
1323 2270 1356 2294 a.
1384 2259 1463 2292 Chr.
1491 2260 1543 2304 n.]

807 2338 897 2373 cu.
923 2340 982 2375 Vl.

266 2401 399 2434 Bellum
422 2399 684 2438 Mithridaticum
707 2399 865 2445 tertium„
878 2425 925 2431 —·
944 2408 995 2441 De
1018 2382 1231 2440 Mithridatis
1249 2384 1375 2451 genere
1407 2413 1439 2440 et
1470 2408 1606 2440 maiori-

175 2462 256 2520 bus,
288 2466 359 2495 tum
383 2471 450 2504 qno
482 2464 632 2507 ingenio‘
646 2460 686 2498 ac
714 2469 865 2502 moribus
892 2468 1012 2509 fuerit,
1040 2469 1231 2512 exponitur.
1258 2486 1306 2491 -
1334 2468 1422 2501 Belli
1453 2464 1550 2506 initia
1580 2475 1614 2502 et

176 2521 359 2558 adiutores.
382 2541 429 2546 -—-
452 2523 498 2556 Μ.
518 2523 633 2558 Cottae
656 2526 770 2562 clades
793 2521 837 2562 ad
862 2529 1122 2565 chalcedonem.
1140 2529 1195 2563 Fr.
1216 2527 1377 2563 53—61.
1401 2527 1535 2571 [Annus
1552 2530 1610 2564 74.

177 2593 209 2616 a.
232 2583 312 2617 chr.
338 2581 391 2626 n.]

795 2666 885 2702 cu».
909 2671 985 2703 vn.

262 2731 463 2777 Fragmenta
501 2734 690 2768 incertioris
727 2732 968 2780 explicationis
1005 2739 1195 2783 spectantia
1233 2739 1278 2772 ad
1309 2740 1528 2783 Pompeium,
1567 2738 1612 2771 ad
