1774 3002
484 171 815 212 ms'romstfflum
842 152 1155 209 FRAGMENTA.
1211 170 1298 207 ιιΒ.
1327 170 1354 206 1.
1575 163 1631 207 81

194 295 368 353 Quanto
393 295 640 343 mehercule
664 296 838 343 avidius
871 309 1025 357 pacem
1060 294 1291 355 petieritis,
1322 295 1444 341 tanto
1470 293 1632 339 bellum

193 381 338 426 acrius
366 380 468 437 erit,
504 395 637 442 quum
666 379 893 441 intelleget
918 394 969 426 se
994 383 1112 425 metu
1141 378 1286 441 magis
1327 391 1457 440 quam
1487 390 1631 438 aequo

141 474 185 510 18
193 466 238 509 et
266 464 382 510 bono
406 465 709 510 sustentatum.
762 464 871 510 Nam
902 463 977 526 qui
1003 463 1155 509 turbas
1190 465 1234 509 et
1267 462 1445 508 caedem
1472 460 1631 506 civium

194 545 344 592 odisse
369 546 451 603 ait,
475 549 519 593 et
547 547 605 593 ob
640 547 684 592 id
716 550 883 594 armato
915 547 1083 607 Lepido
1117 560 1203 592 vos
1240 546 1432 591 inermos
1462 542 1631 598 retinet,

195 634 308 690 quae
334 628 462 676 victis
487 630 714 676 toleranda
732 635 856 688 sunt,
888 646 961 687 ea,
986 644 1122 691 quum
1151 629 1297 675 facere
1315 627 1497 688 possitis
1512 663 1523 683 ,
1548 641 1635 687 pa-

194 711 357 758 tiamini
390 712 540 772 potius
574 695 734 759 censet.
788 714 852 759 Ita
882 714 942 759 illi
980 729 1008 760 a
1049 713 1177 758 vobis
1210 725 1384 771 pacem,
1415 711 1544 757 vobis
1579 711 1634 756 ab

144 795 271 844 mino
308 796 470 841 bellum
508 797 678 842 suadet.
743 796 864 841 Haec
906 796 943 842 si
981 796 1175 856 placent,
1209 794 1246 841 si
1289 797 1409 840 tanta
1450 795 1636 854 torpedo

196 862 366 924 animos
389 878 630 939 oppressit,
661 882 709 924 ut
736 878 857 925 obliti
885 879 1101 925 scelerum
1120 877 1306 934 Cinnae,
1335 877 1461 924 cuius
1486 877 1531 922 in
1555 893 1638 923 ur-

199 1018 327 1050 contra
350 1013 514 1051 Sallustii
537 1025 680 1059 usum;·
696 1026 734 1051 v.
760 1014 810 1051 ad
835 1013 913 1050 Cat.
934 1013 1088 1059 XXXV,
1107 1018 1144 1052 2.
1175 1014 1248 1059 LII,
1269 1016 1328 1052 35.
1355 1014 1439 1062 lug.
1455 1013 1637 1061 LXXXV,

198 1073 258 1108 45.
285 1069 360 1115 CX,
380 1074 415 1108 2.
445 1091 494 1096 -
529 1069 630 1107 Metu
652 1083 707 1107 sc.
729 1075 866 1116 vestro,
890 1071 914 1106 i.
935 1081 969 1106 e.
989 1081 1055 1116 eo,
1078 1070 1179 1118 quod
1202 1082 1224 1106 a
1245 1071 1356 1107 vobis
1375 1071 1564 1107 metuitur.
1583 1091 1640 1096 —

197 1126 320 1174 Aoqaoo
340 1130 376 1162 et
391 1126 494 1171 bono,
511 1138 550 1163 v.
574 1127 710 1175 adlug.
733 1140 768 1167 c.
789 1127 917 1172 XV,3.
940 1131 976 1163 et
996 1126 1045 1163 ad
1064 1128 1126 1163 Fr.
1138 1127 1411 1165 Inc.42.—De
1433 1131 1640 1164 sustentare

200 1184 314 1219 verbo
345 1183 479 1219 eadem
503 1184 647 1229 valent,
680 1195 774 1231 qnae
796 1184 843 1219 de
871 1185 1051 1220 sustinere
1073 1183 1236 1220 diximus
1258 1183 1307 1220 ad
1331 1182 1409 1219 Cat.
1435 1195 1470 1220 c.
1490 1183 1580 1228 LIII,
1601 1187 1639 1222 2.

311 1241 348 1282 S.
370 1240 434 1278 18.
452 1241 517 1286 qui
531 1261 581 1266 —
602 1242 670 1285 ait)
708 1241 810 1277 Haec
831 1241 880 1276 ita
901 1239 1093 1286 dicuntur,
1128 1245 1167 1276 ut
1189 1240 1383 1287 Phiiippus
1404 1250 1479 1276 non
1500 1241 1538 1276 in
1558 1241 1638 1276 uni-

199 1305 351 1332 versum
379 1295 584 1343 significet,
614 1299 649 1333 si
671 1299 754 1345 quis
774 1299 825 1333 ita
853 1298 950 1341 anm,
979 1308 1065 1333 eum
1090 1307 1272 1344 perverse
1300 1307 1475 1342 censere,
1505 1296 1575 1333 sed
1604 1300 1643 1332 ut

199 1350 317 1388 certos
352 1357 566 1396 senatores,
600 1355 663 1400 qui
694 1354 805 1390 nimis
836 1354 997 1389 molliter
1031 1354 1252 1389 sententiam
1283 1352 1473 1397 dixerant,
1514 1357 1642 1400 aperte
1712 1380 1720 1384 -

200 1411 313 1444 notet.
340 1427 397 1434 ——-
421 1407 610 1454 Inermos,
637 1421 705 1456 pro
727 1421 801 1456 quo
823 1409 988 1454 eortius,
1018 1409 1108 1445 edd.
1128 1410 1268 1456 antiqq.
1292 1413 1457 1453 secutus,
1484 1410 1644 1445 inermes

202 1464 371 1510 scripsit,
419 1465 456 1500 in
492 1465 663 1501 omnibus
701 1465 814 1501 codd.
850 1469 992 1510 exstem
1034 1477 1074 1501 v.
1113 1465 1163 1502 ad
1192 1464 1272 1503 Cat.
1302 1476 1336 1501 c.
1365 1464 1458 1509 LIX,
1488 1469 1524 1504 5.
1561 1465 1643 1512 lug.

201 1530 235 1555 c.
271 1518 376 1563 CVII,
408 1525 440 1558 1.
476 1540 534 1547 —
583 1521 700 1566 Quaem
734 1522 772 1558 h.
810 1523 833 1558 l.
873 1521 1061 1569 significat
1091 1532 1313 1569 quamquam
1318 1535 1332 1562 ‚·
1372 1532 1411 1557 v.
1451 1521 1503 1556 ad
1536 1520 1643 1558 Catil.

202 1574 414 1620 mxxka
426 1578 461 1613 4.
476 1577 570 1613 Hist.
579 1578 638 1614 Fr.
649 1578 708 1622 111,
718 1579 776 1622 77,
787 1580 846 1616 18.
864 1581 900 1614 et
915 1578 963 1613 cl.
974 1578 1116 1625 Zumpt.
1132 1577 1296 1614 Gramm.
1311 1578 1391 1614 Lat.
1406 1578 1510 1622 578,
1521 1581 1644 1616 11.—

201 1631 328 1668 Verba
345 1632 398 1667 ita
423 1633 480 1668 itti
494 1652 553 1659 —
571 1633 702 1670 bellum
721 1634 852 1670 suadet
870 1633 1090 1670 Gerlachius
1109 1634 1309 1681 pervertit,
1338 1634 1425 1669 Vol.
1447 1630 1509 1669 111.
1530 1645 1569 1681 p.
1585 1635 1644 1672 'to-

202 1687 295 1724 haee
310 1691 513 1725 annotans:
545 1690 631 1734 „vis
647 1691 853 1726 sententiae
873 1701 947 1726 non
962 1694 1036 1726 tam
1051 1691 1090 1726 in
1102 1691 1287 1738 oppositis
1295 1699 1431 1738 pacem
1448 1705 1498 1715 --
1515 1689 1646 1726 bellum

202 1743 368 1787 vertitur,
390 1755 502 1791 quam
523 1746 562 1782 in
581 1746 719 1783 additis
739 1747 1045 1794 pronominibus3
1069 1757 1205 1783 sensus
1226 1751 1305 1783 est:
1336 1747 1388 1782 illi
1410 1757 1433 1782 a
1451 1747 1561 1783 vobis
1580 1757 1646 1794 pa-

203 1811 287 1836 cem
314 1805 498 1847 praestat,
528 1803 638 1839 vobis
664 1802 819 1848 (v0s?)
849 1804 1011 1839 inermos
1032 1804 1085 1839 illi
1107 1803 1258 1840 tradit.“
1300 1802 1378 1840 Sed
1398 1803 1524 1850 quivis
1542 1802 1648 1839 videt

203 1867 279 1906 non
301 1857 422 1903 magis
449 1857 520 1894 sibi
542 1859 679 1906 opponi
709 1861 951 1906 pronomina,
987 1871 1099 1906 quam
1120 1861 1232 1907 pacis
1260 1870 1304 1895 ac
1331 1859 1415 1896 belli
1438 1860 1645 1904 vocabula3

205 1922 320 1958 quare
350 1923 486 1950 sensus
513 1915 564 1950 ita
592 1920 660 1951 est·
677 1912 970 1962 concipiendus:
1010 1926 1105 1962 quae
1136 1917 1168 1951 is
1198 1914 1350 1959 suadet,
1388 1925 1433 1949 eo
1466 1918 1648 1962 spectant,

206 1972 246 2003 ut
258 1967 423 2014 Lepidus
448 1980 471 2005 a
495 1971 605 2006 vobis
627 1981 759 2016 pacem
778 1971 914 2007 habeat
937 1975 973 2006 et
995 1972 1146 2018 impune
1165 1972 1323 2017 quaevis
1349 1970 1511 2006 faciendi
1534 1971 1650 2008 licen-

208 2024 293 2058 tiam
304 2051 315 2067 ,
337 2034 408 2059 vos
425 2025 598 2071 aLepido
612 2027 749 2062 bellum
763 2027 933 2062 habeatis
955 2031 991 2062 et
1008 2027 1234 2074 gravissima
1250 2037 1422 2073 quaeque
1440 2027 1649 2073 patiamini.

318 2081 354 2121 S.
382 2081 439 2117 19.
467 2081 636 2128 torpedo)
687 2082 748 2118 Ad
776 2082 875 2118 hanc
902 2093 1037 2118 vocem
1064 2083 1271 2130 respiciunt
1300 2082 1445 2118 Charis.
1470 2083 1500 2119 I.
1527 2095 1567 2131 p.
1590 2086 1651 2122 48.

208 2134 376 2170 Lindem.
404 2136 462 2182 (p.
480 2138 540 2176 66.
560 2137 730 2182 Putsch.)
765 2142 802 2174 et
829 2139 926 2174 Non.
942 2138 1005 2183 ΠΙ,
1026 2142 1110 2177 250.
1139 2150 1179 2186 p.
1196 2141 1280 2184 229,
1299 2142 1337 2177 3.
1357 2139 1528 2186 Meroen,
1549 2140 1651 2188 apud

210 2201 319 2237 quem
344 2201 416 2237 pro
441 2195 625 2240 oppressit
647 2194 784 2230 vitiose
814 2195 934 2230 editur
964 2194 1136 2243 obrepsit.
1186 2196 1235 2231 cf.
1253 2195 1401 2242 Fragm.
1430 2195 1490 2241 ΠΙ,
1511 2199 1571 2242 82,
1590 2200 1650 2236 26.

212 2246 409 2294 Occupaut
431 2250 552 2285 nescio
571 2261 645 2296 qua
665 2260 728 2286 vos
746 2251 953 2298 torpedo.
999 2250 1258 2288 Pseudo-Sall.
1278 2251 1375 2298 Epp.
1404 2251 1454 2287 ad
1474 2251 1583 2289 Caes.
1606 2253 1651 2297 Π,

209 2305 245 2346 8,
266 2303 300 2339 7.
324 2302 474 2343 Desidia
493 2306 678 2342 etmertia
703 2311 739 2343 et
754 2310 885 2355 stupor
907 2316 968 2344 eos
987 2311 1096 2355 atque
1123 2307 1320 2354 torpedo
1346 2309 1489 2344 t’ruvasit.
1534 2308 1653 2345 Tacit.

211 2359 368 2394 Historr.
390 2358 450 2402 Ill,
470 2363 528 2398 63.
555 2361 673 2397 Tanta
698 2363 896 2410 torpedo
916 2364 1116 2400 >invaserat
1143 2364 1316 2400 animm.
1345 2383 1401 2388 —
1439 2364 1494 2415 De
1516 2364 1655 2402 Cinnae

211 2415 308 2450 bello
330 2415 430 2450 civili
449 2420 486 2450 et
504 2416 628 2453 reditu
645 2418 681 2453 in
700 2420 831 2455 urbem
850 2430 891 2454 v.
905 2419 1068 2466 Appian.
1092 2419 1141 2455 de
1158 2419 1203 2454 B.
1228 2418 1309 2455 Civ.
1329 2419 1356 2463 1,
1376 2422 1424 2458 64
1444 2431 1526 2467 sqq.
1551 2421 1652 2457 Flor.

211 2470 273 2515 III,
293 2474 352 2514 21,
374 2473 532 2510 9—17.
567 2492 623 2498 —
657 2474 780 2510 Decus
806 2475 947 2511 ordinis
971 2475 1082 2511 huius
1108 2476 1262 2519 interiit,
1293 2486 1403 2522 quam
1431 2478 1654 2524 scripturam

212 2536 342 2562 omnes
371 2527 483 2565 codd.
511 2532 677 2574 tuentur,
705 2529 894 2567 Weissius
922 2542 969 2566 ex
999 2531 1229 2579 interpolatis
1258 2530 1348 2568 edd.
1376 2532 1431 2567 sic
1453 2534 1653 2579 pervertit:

213 2582 325 2618 decus
342 2587 483 2631 atque
502 2584 696 2621 ordines
712 2596 867 2622 omnes
885 2588 1200 2632 interierunt,
1230 2588 1337 2623 cuius
1357 2590 1569 2625 mutationis
1592 2590 1655 2625 ab-

218 2638 434 2675 surditatem
461 2651 535 2675 non
564 2647 659 2688 opus
685 2646 743 2678 est
767 2643 890 2678 multis
919 2643 1191 2680 demonstrare.
1240 2643 1334 2679 Nam
1362 2644 1397 2678 in
1425 2646 1552 2692 aprico
1585 2650 1654 2688 est,

217 2693 427 2742 Philippum
450 2695 664 2743 significare
697 2697 992 2735 crudelissimam
1015 2704 1227 2735 senatorum
1258 2700 1453 2735 illustrium
1486 2701 1655 2743 caedem,

220 2748 359 2787 Cinnae
382 2762 426 2789 ae
443 2752 552 2789 Marii
576 2754 682 2790 iussu
706 2754 860 2798 factam,
891 2754 938 2790 de
958 2766 1032 2801 qua
1061 2767 1096 2791 v.
1117 2755 1214 2791 Flori
1241 2759 1276 2790 et
1296 2756 1458 2802 Appiani
1482 2758 1519 2792 ll.
1542 2758 1580 2791 ll.
1601 2774 1654 2781 ——

275 2817 440 2843 sutusri
471 2819 605 2844 famu.
1357 2807 1386 2848 6
