1774 3002
126 196 183 239 40
611 199 651 238 C.
682 198 913 239 SALLUSTI
943 198 1094 238 CRISPI

129 326 261 372 amini
279 324 556 387 (praesertim
575 340 709 386 quum
723 324 783 371 illi
803 339 907 385 spes
921 324 1063 372 omnis
1081 324 1125 371 in
1143 324 1309 373 scelere
1322 326 1453 385 atque
1469 338 1579 384 per—

131 409 235 459 fidia
252 409 330 464 sit,
364 423 508 469 neque
533 424 583 454 se
613 410 739 457 aliter
758 411 899 457 tutum
915 410 1060 469 putet,
1093 424 1223 470 quam
1242 408 1278 457 si
1303 407 1428 468 peior
1446 409 1580 468 atque

129 491 416 538 intestabilior
436 494 554 538 metu
573 495 728 539 vostro
753 493 896 549 fuerit,
926 509 1014 554 quo
1039 493 1177 554 captis
1197 491 1408 538 libertatis
1428 505 1578 537 curam

129 576 304 626 miseria
332 575 549 636 eximat),
580 578 656 623 aut
680 577 715 624 si
743 575 1046 639 provideritiS,
1075 576 1119 623 in
1150 575 1340 623 vitandis
1369 573 1576 637 perieulis

128 724 240 761 quum
266 733 313 739 —
339 715 487 749 miseria
513 715 653 750 eximat
683 717 720 752 in
751 715 966 762 parenthesi
998 715 1098 752 dicta
1127 715 1178 752 ad
1207 714 1473 751 antecedentia
1502 714 1586 750 illu-

130 769 287 806 stranda
301 771 508 817 pertinent3
532 771 666 817 quibus
688 784 784 819 quae
801 773 1049 808 subiiciuntur
1063 783 1130 818 per
1146 775 1211 808 atet
1224 771 1447 818 particulam
1468 771 1583 814 illata,

129 827 179 862 ita
202 827 413 862 referuntur
435 826 483 863 ad
513 828 710 874 superiora
731 830 812 871 illa,
845 823 929 864 ante
952 828 1198 875 parenthesin
1219 828 1366 875 posita,
1399 830 1438 863 ut
1457 826 1586 864 verbis

120 889 264 931 parum
285 883 469 920 credendo
499 883 728 930 respondeat
747 887 781 921 si
795 886 1054 932 provideritis,
1083 885 1134 921 ad
1161 884 1498 922 circumveniamini
1521 877 1586 922 au-

126 943 199 976 tem
228 951 275 976 ex
300 941 416 976 altero
440 942 604 977 membro
631 943 827 977 teneamini
843 942 1039 988 pertineat.
1085 942 1148 978 Ad
1177 940 1444 987 simpliciorem
1474 939 1597 990 igitur-

126 997 284 1033 sormam
302 996 455 1033 redacta
470 997 667 1042 sententia,
690 1002 824 1034 ornatu
841 998 1022 1034 orationis
1041 998 1220 1041 detracto,
1243 997 1338 1033 haec
1354 1001 1435 1034 est:
1460 997 1587 1040 timeo,

125 1054 256 1098 nessi
287 1054 425 1089 incauti
456 1053 560 1101 sitis,
596 1056 815 1100 capiamini,
842 1058 924 1101 aut,
954 1056 985 1091 si
1007 1056 1115 1091 vobis
1142 1054 1331 1098 caveatis,
1360 1053 1398 1088 in
1420 1052 1586 1100 vitandis

127 1108 240 1145 modo
260 1109 439 1156 periculis
467 1111 672 1146 teneamini.
714 1112 836 1156 Quare
859 1123 881 1147 a
904 1122 994 1148 vero
1016 1112 1204 1148 aberravit
1225 1110 1439 1156 Zumptius,
1465 1109 1527 1156 qui
1549 1109 1588 1144 in

125 1166 276 1203 Annall.
300 1166 395 1202 critt.
417 1166 541 1203 Berol.
565 1179 599 1203 a.
622 1169 726 1206 1834.
751 1168 837 1202 Vol.
854 1167 899 1203 ΙΙ.
917 1169 986 1204 No.
1002 1171 1061 1214 39.
1085 1179 1122 1215 p.
1144 1170 1239 1209 315.ss
1253 1170 1368 1202 totum
1391 1166 1515 1202 locum
1537 1165 1588 1201 ita

127 1226 260 1259 censet
288 1223 652 1270 interpungendum,
687 1227 724 1260 ut
751 1225 989 1270 parenthesis
1012 1215 1124 1272 signo
1156 1224 1303 1260 sublato
1325 1232 1474 1258 comma
1502 1225 1590 1269 post

127 1281 267 1316 eximat
285 1284 447 1326 ponatur
468 1279 586 1325 (Gerl.
609 1280 708 1316 enim
729 1281 935 1317 semicolon
956 1281 1106 1326 habet),
1129 1281 1217 1328 quia
1236 1279 1434 1316 teneamini
1448 1279 1590 1326 pariter

128 1340 239 1385 atque
260 1337 400 1373 eximat
419 1347 467 1372 ex
481 1347 552 1383 quo
570 1338 756 1384 particula
772 1336 960 1384 pendeat3
991 1339 1129 1385 quippe
1151 1338 1327 1384 opposita
1347 1346 1434 1372 esse
1451 1347 1495 1372 ac
1511 1335 1591 1372 sibi

127 1392 360 1440 respondere
382 1394 500 1429 verba
531 1394 706 1433 libertatis
728 1405 859 1430 curam
883 1396 1024 1431 eximat
1040 1399 1076 1430 et
1091 1394 1345 1442 provideritis.
1369 1391 1474 1428 ‚Hac
1490 1395 1590 1427 stru-

129 1453 257 1486 cturae
286 1450 430 1485 ratione
462 1450 553 1486 inita
584 1451 707 1487 locum
720 1451 792 1493 >,sic
819 1451 1104 1498 interpretatur:
1135 1451 1211 1487 Das
1242 1449 1366 1491 Elend
1397 1448 1468 1485 soll
1492 1447 1591 1484 euch

129 1506 200 1542 den
221 1505 422 1547 Gedanlcen
439 1506 507 1543 der
526 1507 693 1543 Freiheit
710 1508 726 1552 (
737 1507 761 1542 i.
787 1519 821 1543 e.
844 1509 912 1544 srei
932 1507 1087 1544 werden
1110 1519 1164 1550 zu*
1177 1506 1345 1552 wollen)
1364 1505 1590 1550 benehmen‚

129 1562 234 1607 oder,
258 1573 366 1599 menn
379 1563 441 1600 ihr
456 1563 550 1600 doch
571 1564 695 1600 daran
715 1563 838 1610 denkt,
856 1565 942 1601 sollt
959 1564 1016 1600 ihr
1036 1575 1165 1612 gcnug
1181 1574 1228 1600 zu
1247 1562 1340 1599 thun
1356 1561 1590 1599 »bekommen

131 1619 192 1655 die
213 1619 388 1666 Angriffe
413 1620 678 1656 abzuwehren.
698 1637 755 1644 —-
800 1620 854 1656 De
876 1622 915 1657 vi
945 1622 1216 1668 particularum
1232 1619 1459 1666 praesertim
1480 1629 1592 1665 quum

130 1688 168 1712 v.
191 1675 242 1711 ad
263 1674 340 1711 Cat.
364 1688 396 1712 c.
419 1676 483 1721 LI,
507 1680 564 1715 19.
586 1688 623 1723 p.
645 1679 727 1715 248.
755 1698 800 1702 —
849 1676 1098 1714 Intestabilior
1119 1676 1210 1723 quid
1230 1676 1419 1722 significet
1440 1674 1592 1712 abunde

131 1732 295 1769 diximus
318 1732 367 1768 ad
387 1733 468 1780 Iug-
489 1744 522 1768 c.
545 1733 697 1778 LXVII,
717 1735 752 1770 3.
773 1745 810 1780 p.
831 1735 913 1772 367.
935 1755 991 1762 --
1028 1732 1131 1770 Metu
1150 1735 1270 1769 vostro
1293 1731 1447 1769 ablativi
1467 1742 1591 1778 neque

130 1789 170 1825 vi
189 1789 423 1825 instrumenti
446 1788 660 1836 significant
674 1800 750 1836 per
772 1794 904 1826 metum
923 1802 975 1835 v.‚
1009 1800 1128 1836 neque
1148 1790 1187 1826 vi
1209 1799 1370 1825 caussae
1393 1787 1438 1825 ob
1451 1791 1592 1824 metum

131 1857 186 1894 v.,
209 1843 278 1882 sed
299 1856 348 1881 ex
367 1847 625 1892 comparativo
647 1846 856 1893 pendentes
876 1846 976 1883 hunc
998 1857 1151 1882 sensum
1173 1845 1334 1882 habent:
1361 1845 1393 1882 si
1413 1845 1520 1892 peior
1537 1845 1592 1882 fu-

132 1902 201 1938 erit
223 1912 334 1949 quam
355 1911 417 1938 vos
440 1903 589 1942 timeri&
617 1903 791 1939 nimirum
821 1907 858 1939 ut
883 1903 1018 1940 dicitur
1039 1904 1212 1950 opinione.
1230 1903 1369 1946 maior,
1399 1911 1470 1948 spe
1497 1902 1589 1938 cele-

132 1960 223 2004 rior,
243 1962 281 1994 et
302 1959 450 2003 similia,
468 1959 520 1995 ita
540 1959 741 1996 Sallustius
762 1959 854 1995 dixit
873 1963 970 1996 metu
981 1961 1092 2007 peior
1100 1975 1113 2000 ,·
1133 1960 1179 1995 cI.
1202 1959 1363 1995 Gramm.
1387 1958 1450 1995 lat.
1472 1962 1590 1993 nostr.

133 2019 166 2058 §-
191 2018 279 2059 124,
306 2018 342 2054 4.
362 2017 407 2052 b.
430 2019 505 2051 not.
523 2018 562 2054 9.
594 2017 629 2052 b.
652 2027 690 2062 p.
713 2018 795 2054 327.
851 2017 930 2052 Hoc
958 2020 1081 2053 autem
1111 2017 1191 2052 vult
1217 2014 1406 2061 Lepidus,
1446 2012 1590 2050 Sullam

134 2083 209 2107 non
229 2075 346 2108 tutum
374 2082 415 2108 se
443 2076 593 2118 putare,
622 2073 696 2108 nisi
713 2073 913 2109 crudelitas
934 2075 1012 2110 eius
1033 2074 1192 2110 omnium
1213 2071 1462 2119 cogitationem
1476 2079 1592 2107 exsu-

127 2130 239 2176 peret
252 2130 287 2163 et
303 2127 356 2163 acl
372 2138 552 2164 summum
580 2131 760 2176 nequitiae
771 2132 989 2177 pervemat,-
1018 2129 1151 2165 eadem
1178 2127 1362 2165 sententia
1385 2127 1482 2164 infra
1503 2126 1594 2166 dicit

133 2188 168 2227 §-
188 2187 224 2222 6.
242 2194 319 2231 per
341 2185 491 2220 sceleris
511 2186 770 2221 immanitatem
789 2187 912 2225 adhue
933 2190 1029 2223 tutus
1050 2186 1134 2232 fuit.
1177 2186 1224 2220 cs.
1246 2185 1306 2220 Fr.
1333 2184 1406 2230 111,
1434 2187 1500 2228 82,
1532 2187 1590 2222 13.

138 2240 261 2278 Omnis
276 2241 412 2277 inim-ia
430 2242 608 2288 yravitate
622 2244 733 2278 tutior
749 2246 813 2278 est.
848 2244 929 2290 lug,
951 2241 1085 2286 XXXI,
1107 2243 1164 2279 14.
1202 2240 1320 2285 Quam
1336 2242 1487 2288 quisque
1500 2249 1591 2287 pes-

133 2307 236 2335 sume
253 2296 354 2344 fecit,
374 2301 449 2333 tam
464 2299 625 2333 maxime
644 2301 739 2334 tutus
754 2302 819 2334 est.
838 2317 894 2325 -——
929 2299 1053 2346 Captis
1075 2309 1159 2333 cum
1185 2297 1323 2334 Orellio
1345 2301 1382 2333 et
1402 2297 1522 2334 Fabro
1544 2307 1593 2332 ex

136 2355 221 2391 Vat.
243 2358 277 2391 1.
293 2357 329 2389 et
340 2355 375 2391 3.
394 2354 612 2400 scripsimus
631 2365 698 2400 pro
714 2355 877 2402 captivis,
896 2355 998 2401 quod
1014 2355 1127 2390 ceteri
1145 2354 1296 2400 quidem
1313 2353 1427 2390 codd.
1444 2364 1591 2390 omnes-

137 2421 210 2458 que
226 2409 410 2447 editiones
429 2414 565 2454 tenent,
589 2410 659 2446 sed
681 2421 797 2454 sensu
813 2422 993 2457 perquam
1010 2410 1262 2446 incommodo.
1302 2410 1476 2457 Captiva-r
1490 2410 1589 2445 enim

137 2478 212 2504 non
231 2467 305 2503 nisi
323 2467 475 2513 proprio
494 2477 608 2503 sensu
626 2468 658 2503 is
676 2466 823 2511 dicitur,
845 2468 906 2514 qui
927 2467 1010 2503 belli
1025 2477 1116 2503 casu
1136 2467 1173 2502 in
1194 2467 1348 2504 victoris
1367 2469 1589 2514 potestatem

139 2523 244 2560 venit
258 2527 295 2559 et
309 2523 461 2560 vinculis
480 2524 602 2573 inditis
622 2524 840 2571 servitutem
861 2524 1022 2570 patitur3
1046 2524 1225 2559 translato
1245 2534 1334 2560 vero
1355 2533 1471 2559 sensu
1490 2532 1589 2565 eum,

139 2581 203 2629 qui
230 2581 368 2628 captivi
390 2581 545 2616 instar
567 2584 624 2616 est
653 2584 689 2616 et
715 2582 824 2628 quasi
848 2580 1058 2616 condicione
1087 2581 1224 2627 captivi
1240 2581 1370 2624 utitur,
1401 2589 1590 2625 nunquam

139 2636 348 2685 significat,
383 2636 481 2672 unde
505 2636 545 2672 fit
573 2641 612 2672 ut
638 2638 858 2684 captivitatis
886 2647 1034 2683 quoque
1056 2637 1282 2672 vocabulum
1310 2636 1487 2671 translate
1516 2646 1591 2670 non

141 2697 353 2742 usurpetur.
390 2692 526 2730 Contra
544 2696 676 2741 captus
694 2694 834 2740 pariter
854 2698 893 2730 ut
914 2694 1130 2730 universum
1151 2701 1289 2740 capere
1302 2693 1458 2728 verbum
1478 2692 1590 2727 etiam

141 2749 189 2787 de
204 2761 251 2787 eo
267 2748 412 2794 dicitur,
436 2750 497 2797 qui
515 2749 602 2798 dolo
622 2754 686 2786 aut
706 2751 850 2787 scelere
869 2750 1030 2786 irretitus
1047 2754 1083 2784 et
1099 2760 1303 2796 oppressus
1321 2751 1401 2792 est;
1423 2748 1473 2783 cf.
1495 2748 1592 2783 infra

140 2810 175 2850 s.
191 2810 250 2846 20.
272 2806 422 2852 Vereor,
442 2816 489 2845 ne
501 2810 585 2843 ante
603 2808 873 2855 capiamini.
892 2807 974 2854 lug.
989 2818 1021 2842 c.
1035 2805 1216 2852 LXXXV,
1227 2808 1261 2843 6.
1278 2803 1356 2848 Quo
1367 2803 1456 2841 mihi
1464 2805 1590 2841 aot-ius
