1774 3002
0 0 23 214 Ε,
486 179 815 219 msromAmm
842 178 1154 217 FRAGMENTA.
1214 178 1300 214 mn.
1333 179 1360 214 1.
1580 150 1645 217 '57

150 309 303 358 ncilla
328 307 491 368 turpis,
525 307 741 354 honorum
766 305 958 354 omnium
983 303 1453 351 dehonestamentum?
1497 304 1648 366 ltaque

184 450 186 452 Ι
208 406 456 440 maxumam
477 390 581 437 mihi
604 389 809 436 fiduciam
829 390 942 450 parit
960 389 1102 436 victor
1124 384 1359 444 exercituS,
1384 386 1455 434 cui
1479 402 1560 448 per
1584 390 1651 433 tot

209 475 392 527 volnera
400 477 450 521 et
476 474 650 521 labores
678 472 785 520 nihil
817 475 993 534 praeter
1027 474 1260 533 tyrannum
1289 470 1535 532 quaesitum
1568 472 1650 517 est.

151 558 299 608 23Nisi
316 559 431 607 forte
452 557 724 606 tribuniciam
739 559 1004 618 potestatem
1020 570 1228 603 evorsum
1239 554 1425 617 profecti
1443 557 1559 612 sunt,
1571 570 1652 616 per

207 707 326 746 rasse.
355 695 409 732 Ita
425 694 553 732 Cicero
575 694 622 731 de
640 693 815 740 Curione,
838 694 1011 732 Caesaris
1035 692 1218 737 studioso,
1237 692 1333 740 Epp.
1349 692 1398 729 ad
1411 693 1519 730 Attic.
1542 697 1575 737 1,
1594 695 1652 731 14.

207 751 485 791 concinnabant
501 751 683 788 barbatuli
698 752 854 797 iuvenes,
874 752 967 788 duce
992 750 1156 799 filiola
1179 750 1415 787 Curionis.
1472 749 1575 785 Idem
1605 749 1652 785 de

211 809 340 846 Clodio
361 809 454 856 Epp.
480 808 529 845 ad
557 808 666 844 Attio.
685 808 748 852 IV,
772 813 828 847 ll.
871 808 1068 844 Perscribe
1086 807 1138 843 ad
1163 816 1240 851 me,
1270 805 1360 853 quid
1377 807 1539 853 Appius,
1567 807 1656 854 quid

208 865 487 913 illapopuli
512 865 736 911 Apuleia,·
757 876 852 912 quos
873 865 980 901 locos
1004 861 1150 900 coruus
1171 862 1301 899 attulit.
1351 862 1463 899 Plura
1485 873 1524 899 v.
1550 862 1654 910 apud

209 921 466 959 Heindorfium
483 920 534 957 ad
553 921 644 956 Hor.
670 919 747 958 Sat.
768 921 795 966 1,
814 924 851 965 8,
880 923 938 960 39.
955 932 994 968 p.
1020 923 1106 959 230.
1136 919 1197 956 ed.
1217 919 1427 955 Wuestem.

322 981 356 1021 S·
380 981 429 1017 22
443 997 501 1004 -
516 980 574 1016 23.
594 979 656 1014 oui
670 995 729 1004 -—
747 979 950 1025 quaesitum
969 978 1055 1020 est.)
1103 976 1159 1012 De
1186 974 1330 1012 ratione
1348 974 1460 1012 dativi
1478 986 1516 1011 v.
1538 984 1655 1011 anno-

210 1035 385 1074 tationem
404 1033 454 1070 ad
471 1034 607 1080 ingre.
629 1032 759 1077 XLVI,
779 1036 814 1071 3.
846 1035 894 1070 ct'.
919 1033 1016 1069 infra
1035 1035 1070 1076 s.
1085 1035 1144 1071 25.
1164 1051 1221 1057 —
1241 1029 1431 1076 Quaerere
1450 1041 1565 1067 sensu
1576 1041 1653 1080 pct-

207 1099 300 1128 rare
321 1090 427 1127 verbi
450 1089 613 1137 positum
634 1089 902 1128 illustravimus
916 1089 967 1126 ad
987 1089 1068 1136 lug.
1090 1089 1150 1133 III,
1169 1091 1207 1126 5.
1230 1099 1268 1135 p.
1294 1090 1353 1126 18.
1382 1099 1419 1124 v.
1439 1088 1535 1124 infra
1553 1090 1654 1130 §.2ss

209 1147 270 1195 ΠΙ,
290 1151 326 1191 1,
344 1151 380 1187 1.
400 1168 458 1175 -—-
475 1146 554 1183 Per
575 1156 696 1190 arma,
717 1157 814 1192 quae
832 1147 949 1183 verba
979 1146 1016 1181 in
1036 1146 1209 1182 omnibus
1230 1143 1320 1180 edd.
1340 1144 1655 1191 praecedentibus

211 1203 485 1251 adiunguntur,
505 1203 625 1239 Faber
655 1207 755 1238 recte
786 1213 871 1238 curn
894 1202 1091 1250 participio
1114 1201 1298 1238 conditam
1320 1201 1535 1245 coniunxit;
1566 1212 1654 1237 nam

211 1271 322 1307 quum
343 1259 478 1296 milites
501 1259 626 1295 omnia
644 1259 758 1295 armis
778 1263 911 1306 agant,
933 1256 1198 1295 incredibiliter
1219 1258 1373 1304 languet
1398 1257 1566 1303 additum
1579 1267 1656 1304 per

210 1327 339 1357 amm
372 1316 510 1363 optime
538 1321 663 1351 autem
691 1315 730 1352 id
747 1316 854 1352 valet
874 1315 921 1352 de
942 1315 1123 1352 tribunica
1155 1318 1361 1362 potestate,
1403 1325 1515 1361 quam
1540 1314 1656 1350 armis

211 1376 381 1421 paratam
403 1373 523 1408 fuisse
543 1371 746 1409 Sallustius
772 1372 925 1418 saepius
946 1375 1234 1415 commemoratu
1261 1371 1309 1406 cl'.
1334 1371 1414 1418 Iug.
1435 1369 1569 1415 XXXI,
1597 1371 1656 1408 17.

211 1430 368 1467 Historr.
386 1428 449 1465 Fr.
468 1429 496 1473 1,
517 1432 576 1466 10.
601 1428 660 1472 111,
678 1431 737 1472 82,
759 1433 790 1467 1.
812 1427 917 1464 Catil.
935 1427 1101 1471 XXXIII,
1121 1430 1157 1465 3.
1178 1447 1232 1454 —
1256 1426 1318 1463 Ad
1340 1426 1530 1474 duplicem
1548 1427 1655 1463 verbi

206 1484 372 1534 profecti
390 1488 476 1522 sunl
495 1487 716 1520 structuram
737 1484 809 1520 iam
834 1483 995 1521 Cottius¹>
1008 1484 1174 1520 animum
1195 1482 1394 1519 advertere
1419 1483 1549 1528 iussit,
1570 1483 1657 1520 coll.

214 1542 308 1578 Hist.
326 1541 478 1588 Fragm.
502 1540 570 1586 ΠΙ,
596 1543 663 1585 82,
696 1542 753 1578 17.
801 1540 929 1588 Neque
949 1550 1096 1588 eyovos
1121 1540 1270 1577 ultum
1289 1540 1447 1576 ineu-ias
1465 1539 1657 1579 hortor,-

214 1598 331 1646 Μαρία
351 1598 420 1634 uti
434 1598 597 1644 requiem
613 1598 833 1644 cupiatis.
860 1597 908 1633 cl'.
931 1597 982 1634 ad
1002 1595 1137 1641 Cat.V,
1156 1599 1191 1635 9.
1208 1596 1288 1643 lug.
1308 1596 1336 1640 I,
1356 1600 1391 1634 2.
1406 1594 1524 1642 XXV,
1546 1599 1581 1633 l.
1601 1616 1659 1621 —-

213 1649 382 1701 Releyaci
399 1654 439 1690 in
452 1653 614 1700 paludes
635 1663 683 1688 ex
702 1654 822 1700 primo
843 1653 1092 1690 Historiarum
1118 1653 1211 1690 libro
1232 1652 1361 1688 laudat
1378 1653 1492 1689 Arus.
1513 1665 1551 1700 p.
1573 1655 1657 1691 258.

214 1711 278 1748 ed.
297 1708 464 1747 Lindem.
476 1737 489 1755 ,
508 1709 591 1745 sed·
607 1709 742 1746 vitiose
772 1710 809 1746 in
837 1709 949 1746 codd.
971 1710 1107 1757 legitur
1136 1710 1291 1757 releyat.
1318 1729 1375 1734 —
1403 1708 1535 1755 Silvas,
1557 1708 1659 1756 quod

216 1777 348 1804 onmes
374 1765 487 1802 codd.
517 1770 660 1810 tenent,
689 1765 818 1803 Carrio
845 1771 882 1802 et
910 1767 1089 1803 Gruterus
1117 1766 1216 1802 male
1241 1769 1428 1807 mutarunt
1452 1766 1490 1801 in
1517 1766 1658 1803 silvam.

215 1842 273 1850 --
290 1823 347 1860 Ex
368 1821 441 1858 hoc
462 1821 629 1859 Sallustii
648 1822 732 1859 loco
754 1822 904 1859 Tacitus
923 1822 1110 1870 expressit
1131 1822 1318 1869 querelas,
1343 1832 1437 1868 quas
1452 1822 1659 1858 Percennio

218 1879 341 1916 tribuit
359 1879 405 1914 in·
426 1877 578 1921 Annali.
598 1879 643 1923 .1,
674 1880 728 1923 17,
748 1883 783 1918 2.
829 1878 873 1915 Si
888 1881 969 1926 quis
991 1882 1040 1915 tot
1057 1888 1169 1915 casus
1190 1880 1262 1915 vita
1280 1880 1532 1925 superaverit,
1563 1877 1664 1914 trahi

219 1935 341 1972 adhuc
358 1935 523 1970 diversas
542 1936 579 1970 in
599 1939 743 1980 terras,
763 1935 916 1983 wbiper‘
936 1945 1067 1971 nomen
1090 1945 1267 1982 aqrorum
1287 1935 1493 1981 uligines
1512 1934 1656 1981 palu-

221 1992 322 2027 dum
352 1991 425 2027 vel
456 1991 637 2026 inculta
669 1992 889 2027 montium
908 1993 1108 2038 accipiant.
1127 2010 1185 2015 —
1208 1990 1325 2026 Suam
1340 2001 1417 2026 non
1436 1990 1661 2035 attributum,

223 2046 290 2084 sed
318 2044 575 2093 praedicatum
593 2050 672 2091 est,
706 2047 765 2082 cui
791 2057 839 2083 ex
858 2047 974 2082 altera
1001 2050 1105 2093 parte
1136 2046 1342 2094 respondet
1363 2056 1483 2094 penes
1493 2057 1642 2094 paucos
1651 2062 1663 2087 ,-

222 2113 268 2138 ea
296 2112 338 2137 re
366 2112 442 2137 non
461 2102 649 2142 intellecta
677 2102 904 2149 antiquiores
925 2102 1090 2139 editores
1111 2103 1150 2139 in
1168 2103 1448 2150 praepositione
1473 2107 1562 2139 ante
1573 2114 1661 2140 con—

221 2158 403 2200 tumeliam
424 2157 538 2198 illata
543 2162 754 2201 contextum
776 2159 915 2195 foedav
918 2170 995 2195 ere.
1010 2179 1068 2185 —-
1080 2152 1330 2207 Intelleyerint
1348 2159 1508 2196 Orellius
1525 2161 1663 2207 optime

223 2214 372 2261 scripsit
390 2225 439 2250 ex
466 2214 552 2251 Vat.
573 2218 608 2252 1.
666 2215 761 2251 Nam
790 2215 893 2262 quod
919 2216 1033 2252 ceteri
1055 2215 1168 2252 codd.
1191 2220 1227 2252 et
1252 2215 1340 2252 edd.
1369 2226 1499 2252 omnes
1524 2215 1665 2253 habent

222 2271 479 2318 irateneyerent,
500 2270 701 2308 absurdam
718 2274 875 2318 praebet
895 2273 1129 2318 sententiam,
1150 2273 1287 2320 quippe
1307 2283 1403 2319 quae
1425 2273 1476 2309 ita
1500 2272 1552 2308 ad
1571 2273 1664 2309 illud

224 2333 371 2374 tempus
398 2327 598 2371 referatur,
628 2339 701 2374 quo
730 2329 867 2365 milites
897 2340 965 2377 pro
993 2328 1100 2366 Sulla
1122 2339 1226 2365 arma
1257 2333 1446 2376 caperent.
1498 2328 1663 2376 Lepidus

225 2388 348 2420 autern
368 2393 474 2429 spem
500 2382 546 2418 de
574 2384 751 2421 militibus
772 2396 821 2421 ex
840 2396 885 2422 eo
907 2396 948 2422 se
970 2396 1107 2432 capere
1128 2385 1239 2430 dicit,
1275 2385 1377 2432 quod
1395 2387 1585 2422 iamiam
1605 2387 1662 2421 in-

224 2440 433 2485 tellexerint
457 2442 683 2486 quantopere
705 2440 864 2482 ludibrio
891 2443 965 2479 sint
990 2441 1104 2478 habiti
1121 2452 1143 2477 a
1168 2441 1295 2487 Sulla,
1330 2443 1392 2488 qui
1412 2442 1664 2489 praemiorum

228 2498 311 2532 loco
324 2523 334 2540 ,
361 2506 457 2542 quae
483 2495 556 2531 illis
576 2497 811 2543 promiserat,
840 2498 1000 2545 paludes
1022 2503 1059 2533 et
1079 2498 1197 2534 silvas
1218 2498 1437 2543 attribuerit,
1459 2498 1612 2535 divitias
1629 2502 1665 2533 et

227 2563 320 2600 opes
348 2553 385 2588 in
415 2561 557 2598 paucos
577 2553 790 2599 contulerit3
818 2552 919 2601 quod
949 2566 1062 2601 quum
1088 2565 1135 2590 ex
1160 2558 1288 2591 eventu
1310 2554 1460 2591 demum
1490 2554 1665 2591 militibus

226 2613 354 2656 patere
380 2611 529 2655 posset,
559 2611 773 2647 necessario
805 2613 970 2658 sequitur
998 2611 1253 2657 imperfectum
1283 2611 1428 2647 falsum
1454 2621 1553 2647 esse.
1611 2610 1664 2646 De

232 2665 440 2712 antiquiore
460 2664 613 2711 perfecti
642 2665 759 2702 l'orma
788 2679 826 2703 v.
844 2667 895 2703 ad
914 2669 995 2715 lug.
1023 2678 1056 2703 c.
1077 2667 1153 2711 XL,
1174 2671 1208 2705 1.
1237 2678 1275 2714 p.
1295 2670 1365 2706 229
1386 2679 1443 2714 sq.

343 2725 376 2764 s.
399 2723 458 2758 24.
502 2719 625 2764 Quare
653 2721 762 2768 ἐρίων
782 2725 871 2768 etc.)
907 2723 1027 2771 Iyitur
1053 2724 1210 2761 refertur
1237 2723 1286 2759 ad
1305 2722 1403 2760 hanc
1424 2723 1661 2766 sententiam,

230 2787 325 2823 quae
352 2776 390 2813 in
417 2776 721 2813 antecedentibus
742 2772 856 2815 inest:
885 2791 996 2828 quum
1020 2779 1208 2826 militibus,
1235 2778 1283 2816 ab
1309 2789 1351 2816 eo
1377 2779 1556 2827 deceptis,
1590 2779 1665 2814 tam
