1774 3002
513 142 841 184 fflSTomARUM
868 142 1180 180 FRAGMENTA.
1240 141 1327 177 LIB.
1360 141 1387 176 1.
1616 134 1674 180 83

230 267 404 328 penatis
429 282 587 314 manus
614 281 797 314 armare.
852 265 931 311 Sin
971 265 1151 311 libertas
1178 266 1224 310 et
1251 278 1359 311 vera
1392 263 1537 324 magis
1571 263 1676 324 pla·-

231 353 349 407 cent,
375 351 595 397 decernite
624 350 761 410 digna
797 347 993 404 nomine,
1034 351 1078 394 et
1111 349 1276 410 augete
1306 347 1532 408 ingenium
1566 347 1673 392 viris

172 434 430 481 21fortibus.
484 434 627 479 Adest
656 446 802 478 novus
837 431 1079 488 exercitus,
1115 432 1171 478 ad
1201 431 1287 477 hoc
1313 430 1513 476 coloniae
1542 431 1673 475 vete-

229 532 326 563 rum
342 517 547 573 militum,
575 515 779 561 nobilitas
804 514 971 571 omniS,
996 514 1132 561 duces
1151 514 1355 575 .optumi;
1376 515 1553 560 fortuna
1572 526 1672 557 me-

228 599 363 646 liores
397 600 607 661 sequitur.
656 598 743 644 Iam
779 597 874 652 illa,
916 611 1028 657 quae
1064 597 1268 643 socordia
1307 598 1460 643 nostra
1489 596 1672 642 collecta

171 683 351 738 nsunt,
397 682 654 728 dilabentur'.
728 680 873 736 Quare
912 680 972 725 ita
1014 695 1198 726 censeo:
1236 679 1439 743 quoniam
1476 676 1672 739 Lepidus

224 829 313 865 gum
333 819 396 854 illo
419 822 587 865 tempore
607 818 645 853 in
663 817 846 864 Hispania
867 816 1005 859 luisse,
1036 819 1131 851 teste
1152 815 1331 852 Cicerone
1361 826 1400 862 p.
1421 815 1526 852 Sulla
1554 826 1588 851 c.
1611 818 1671 859 25,

224 875 281 912 70.
308 894 364 900 -—
396 875 513 922 Atque
540 875 645 910 alia
670 874 903 921 proditorum
918 873 1130 920 patrocinia
1148 872 1342 918 Philippus
1360 872 1463 908 haud
1486 871 1599 908 dubie
1618 872 1670 908 ita

223 930 448 981 intellectum
468 932 607 974 voluit,
637 931 744 977 quasi
766 930 926 966 dixisset
945 932 1054 975 atque
1072 929 1278 965 aliorum
1293 940 1362 975 pr.
1374 933 1480 975 patr.
1493 944 1505 968 ;
1533 927 1604 964 sed
1621 938 1669 963 ne

223 986 332 1032 ninus
352 992 536 1034 pungeret
562 990 750 1033 potentem
771 985 997 1032 Cethegum,
1026 984 1102 1020 alia
1122 995 1197 1020 non
1227 984 1278 1020 ad
1297 995 1500 1031 personam
1533 984 1668 1028 retulit,

221 1047 263 1080 ut
279 1053 438 1089 poscere
458 1036 655 1080 videbatur
673 1042 841 1079 instituta
868 1041 1047 1077 orationis
1069 1041 1208 1085 forma,
1237 1041 1307 1077 sed
1328 1040 1377 1078 ad
1396 1040 1667 1088 praedicatum,

223 1100 368 1145 utrique
396 1110 583 1146 personae
615 1110 828 1135 commune.
865 1117 920 1122 —
959 1097 1111 1133 Penatis
1137 1101 1195 1133 est
1223 1098 1262 1133 in
1284 1098 1371 1133 Vat.
1394 1101 1429 1136 1.
1447 1101 1510 1142 23
1551 1097 1668 1143 vulgo

0 1138 23 1186 ᾖ
221 1154 342 1191 editur
362 1160 531 1203 penates.
571 1175 628 1181 —
665 1154 802 1191 Manus
822 1164 974 1191 armare
995 1154 1032 1189 ·i.
1054 1165 1089 1190 c.
1112 1164 1217 1190 arma
1237 1164 1408 1199 sumere;
1447 1165 1485 1190 v.
1514 1152 1565 1189 ad
1586 1152 1668 1200 lug.

221 1221 255 1247 c.
277 1210 386 1256 CVII,
412 1217 530 1250 1.·—-—
569 1212 687 1256 Vera,
717 1210 818 1258 quod
839 1221 971 1247 omnes
992 1214 1118 1246 tenent
1138 1209 1263 1254 codd.‚
1289 1210 1477 1257 significat
1493 1219 1551 1255 ea,
1572 1219 1669 1256 quae

0 1069 25 1137 2ng51.
2 986 18 1051 ὕψι
8 964 19 972 ,ν

219 1277 282 1303 res
303 1269 388 1315 ipsa
416 1270 597 1315 postulat,
639 1278 735 1316 quae
761 1278 889 1304 rerum
919 1267 1123 1303 condic-'oni
1147 1277 1194 1302 ac
1228 1271 1388 1303 naturae
1421 1270 1668 1303 consentanea

218 1327 324 1364 3tml,·
351 1325 402 1360 cs.
421 1325 571 1372 Fragm.
591 1324 725 1369 111‚.82‚
743 1327 801 1362 13.
822 1323 991 1360 Sinera
1009 1327 1044 1359 el
1060 1323 1211 1359 honesta
1224 1324 1402 1370 flagitium
1421 1323 1666 1370 superaverit.

218 1379 284 1424 lv,
306 1384 362 1425 19,
384 1384 420 1419 3.
451 1381 532 1426 Ea,
559 1391 654 1428 quae
674 1384 707 1417 le
726 1381 870 1416 morari
884 1389 997 1427 posse
1022 1380 1210 1423 videnlur,
1238 1381 1274 1415 si
1300 1389 1413 1415 vera
1441 1380 1667 1415 memte

218 1436 334 1481 voles,
371 1447 546 1473 maxume
573 1436 827 1473 hortabuntur.
867 1447 906 1472 v.
933 1435 1133 1472 Ruhnken.
1162 1435 1212 1471 ad
1234 1435 1319 1471 Ter.
1338 1435 1458 1471 Andr.
1487 1435 1552 1479 lv,
1574 1439 1607 1479 1,
1628 1438 1664 1472 5.

218 1491 380 1540 Herzog.
411 1493 460 1529 ad
482 1492 590 1529 Caes.
610 1493 655 1528 B.
676 1492 720 1528 G.
748 1492 810 1534 IV,
830 1495 866 1529 8.
890 1492 1055 1528 Gronov.
1084 1495 1121 1527 et
1134 1491 1418 1531 Drakenborch.
1448 1490 1499 1526 ad
1515 1491 1599 1527 Liv.
1617 1490 1663 1535 11,

218 1549 277 1592 48,
296 1552 333 1586 2.
371 1549 539 1585 Pessime
560 1549 671 1595 igitur
693 1549 731 1584 in
751 1548 939 1584 nonnullis
960 1546 1049 1586 edd.
1070 1559 1139 1594 pro
1159 1558 1252 1584 vera
1274 1548 1455 1594 scriptum
1479 1551 1537 1583 est
1556 1546 1663 1590 ὺεΠα,

219 1604 280 1640 cui
299 1605 573 1652 interpolationi
594 1610 734 1640 temere
753 1604 1007 1651 patrocinatur
1026 1604 1335 1651 Havercampius.
1363 1623 1420 1629 —
1456 1604 1528 1638 Pro
1551 1603 1662 1650 digna

216 1662 399 1698 nomine
423 1661 643 1699 Gerlaehius
672 1661 710 1697 in
736 1660 798 1696 ed.
818 1661 908 1696 min.
930 1671 978 1696 ex
998 1661 1083 1696 Vat.
1099 1665 1133 1698 1.
1155 1665 1191 1696 et
1208 1665 1245 1699 2.
1274 1660 1424 1707 scripsit
1442 1659 1553 1707 difflua
1571 1670 1662 1696 no—

216 1717 347 1761 mini,
377 1717 478 1764 quod
499 1717 659 1754 Orellius
678 1718 809 1754 merito
832 1728 907 1752 non
927 1717 1112 1764 probavit.
1152 1717 1247 1754 Nam
1269 1718 1332 1763 qui
1353 1711 1507 1753 affertur
1527 1716 1661 1752 unicus

217 1773 322 1809 locus
357 1773 473 1810 dativi
512 1785 596 1810 cum
634 1774 774 1821 diynns-
799 1785 895 1809 voce
933 1773 1122 1810 coniuncti
1155 1774 1272 1811 Plaut.
1303 1774 1459 1810 Poenul.
1485 1773 1514 1818 l,
1543 1777 1581 1818 2,
1602 1774 1661 1811 44.

216 1828 323 1865 Diem
355 1831 502 1878 diynum
526 1830 783 1874 accelebrant,
822 1830 1010 1877 diynum
1045 1829 1219 1866 Veneri
1237 1831 1325 1877 pol,
1361 1841 1437 1865 non
1470 1840 1554 1865 eam
1583 1829 1661 1865 vim

216 1883 348 1930 habet,
387 1891 426 1922 ut
453 1886 603 1925 dativus
633 1887 814 1923 stabilitus
843 1886 965 1923 videri
995 1887 1135 1932 possit,
1169 1897 1282 1932 quum
1312 1887 1433 1921 minor
1460 1885 1660 1921 insolentia

219 1942 375 1985 existat,
403 1943 435 1978 si
464 1943 599 1979 Veneri
624 1953 691 1988 pro
718 1943 880 1978 ablativo
900 1942 1067 1985 habeas,
1096 1953 1208 1988 quam
1230 1942 1408 1985 sormam,
1437 1941 1587 1988 vulgari
1607 1942 1661 1978 lo.-

218 1997 355 2041 quendi
376 2009 448 2032 usu
467 1999 720 2034 excusabilem
742 1999 799 2041 (v.
811 1997 1031 2034 Schneideri
1048 1997 1209 2033 Granim.
1219 1998 1305 2033 Lat.
1322 1997 1367 2042 11,
1385 2001 1418 2035 1.
1434 2008 1472 2043 p.
1486 1998 1658 2043 235sq.),

217 2056 329 2097 poeta
351 2053 458 2088 metri
477 2064 615 2089 caussa
634 2053 706 2089 sibi
724 2054 941 2099 permisisse
964 2053 1126 2089 videtur.
1160 2054 1359 2089 Praeterea
1381 2063 1493 2100 quum
1513 2065 1537 2089 a
1556 2054 1657 2090 nullo

218 2110 458 2154 grammatico
491 2110 563 2145 ista
596 2113 780 2146 structura
816 2114 942 2146 notata
978 2110 1045 2154 sit,
1092 2110 1327 2145 librariorum
1360 2110 1486 2156 potius
1524 2111 1656 2155 errori,

218 2175 328 2209 quam
350 2166 421 2211 ipsi
440 2164 615 2202 Sallustio
637 2165 832 2202 tribuenda
850 2166 1013 2202 videtur.
1061 2165 1229 2202 Ceterum
1252 2166 1363 2213 digna
1389 2168 1576 2203 nomine
1590 2178 1655 2210 ‚se-

215 2225 333 2257 vestro
353 2221 538 2269 significat
559 2226 621 2258 am
642 2222 750 2269 (liqna
771 2224 962 2258 auctori
968 2226 1061 2259 tate
1081 2226 1223 2267 vestra,
1253 2226 1316 2258 aut
1335 2223 1445 2270 diqna
1466 2228 1654 2270 patrum

215 2278 352 2321 curci,
375 2279 511 2324 quippe
531 2289 625 2324 quos
645 2278 780 2314 deceat
794 2279 1023 2326 reipublicae
1035 2283 1136 2315 recte
1151 2280 1362 2315 consulere.
1386 2299 1436 2304 —
1462 2279 1655 2327 Ingenium

216 2344 290 2368 non
316 2334 427 2379 plane
454 2336 480 2370 i.
501 2345 535 2369 e.
563 2334 663 2381 quod
689 2337 871 2381 animum,
910 2336 979 2372 sed
1010 2335 1184 2382 designat
1208 2335 1457 2382 fortitudinem
1479 2341 1652 2372 natura

214 2390 333 2424 viris
355 2391 565 2430 insitam,·
602 2391 651 2426 cf.
671 2391 750 2438 lug.
769 2391 858 2436 Clll,
874 2396 908 2430 2.
932 2391 1097 2439 Quinque
1116 2392 1263 2438 deleqit,
1287 2403 1443 2438 quorum
1465 2393 1653 2439 inqem'a

213 2445 445 2482 validissuma
473 2449 591 2482 eram.
640 2445 745 2483 Catil.
763 2447 845 2492 XX,
868 2452 923 2486 11.
954 2447 1021 2485 Cui
1038 2449 1140 2484 vir-ile
1167 2449 1403 2494 ingenium
1438 2450 1541 2485 inest.
1580 2449 1653 2484 En-

214 2501 298 2538 nius
323 2502 425 2548 apud
451 2500 529 2537 Cic.
552 2501 598 2536 de
618 2501 718 2538 Orat.
738 2504 799 2548 111,
809 2507 877 2549 ⁷138,
900 2507 984 2542 218.
1011 2503 1124 2540 Nemo
1151 2508 1204 2539 est
1229 2508 1304 2539 tam
1326 2505 1436 2551 firmo
1463 2507 1652 2552 inqenio

215 2561 251 2593 et
270 2561 371 2594 tanta
391 2558 620 2604 confidentia.
659 2558 705 2594 Ut
722 2558 922 2596 Sallustius
943 2560 1037 2596 dixit
1054 2571 1143 2607 ειυς]
1154 2569 1232 2596 ere
1250 2561 1451 2613 inqeniiem,
1479 2562 1528 2597 ita
1549 2561 1650 2607 apud
1710 2611 1722 2617 -

215 2612 382 2651 Tacitum
400 2614 568 2660 Agricol.
589 2625 631 2650 c.1
643 2616 678 2651 3.
704 2617 894 2652 contrario
909 2616 1181 2668 mododegitur
1198 2617 1344 2663 inqenia
1371 2619 1649 2664 opprimere.

325 2674 361 2713 s.
391 2673 570 2708 21—22.
598 2668 728 2715 Adest)
756 2672 781 2706 i.
802 2682 840 2707 e.
866 2677 1018 2719 praesto
1046 2676 1116 2708 est.
1144 2691 1200 2698 -—
1231 2671 1284 2708 De
1314 2674 1350 2708 vi
1376 2675 1575 2710 verborum
1601 2673 1653 2708 ad

210 2724 279 2764 hoc
308 2737 347 2763 v.
375 2726 425 2763 ad
455 2725 563 2763 Catil.
582 2724 714 2770 XXXI,
733 2729 771 2764 8.
799 2739 837 2774 p.
861 2730 937 2766 148.
974 2749 1020 2754 —
1066 2728 1286 2764 Coloniae
1313 2733 1472 2820 gefmm
1500 2730 1649 2766 militum
