1774 3002
173 144 202 186 4
551 182 553 184 .
665 147 704 185 c.
740 147 982 199 SALLUSTI·
999 147 1150 186 cmsm

315 276 353 317 3.
396 270 564 316 Fannio
590 272 820 317 veritatem
847 271 883 333 [
885 274 1077 318 tradidit
1105 272 1341 318 Sallustius
1340 271 1389 333 ].

312 359 353 400 4.
402 354 575 400 Recens
605 355 793 416 scripsit.

178 503 298 541 genus
327 496 514 539 totamque
544 493 621 528 sere
649 494 829 530 orationis
851 494 1182 530 conformationem
1204 497 1239 529 et
1263 494 1427 529 colorem
1447 492 1625 536 imita-lym

177 561 262 587 esse
294 551 410 597 (quae
432 553 518 585 sunt
536 552 655 586 verba
670 551 821 586 Linkeri
842 552 868 586 l.
888 552 911 589 l.
933 562 972 598 p.
991 552 1082 596 30.)‚
1115 562 1177 587 res
1198 551 1394 587 notissima
1416 554 1472 586 est
1492 560 1627 597 saepe-

177 618 248 654 que
270 611 307 643 et
326 609 372 643 ab
393 607 607 642 auctoribus
631 608 821 644 veteribus
844 611 988 656 testata,
1011 612 1047 643 et
1069 609 1116 644 ab
1138 608 1274 654 iniquis
1296 608 1378 643 eius
1401 608 1628 654 vituperato-

175 665 279 700 ribus
301 664 490 711 exagitata
503 673 513 708 ;
546 664 594 699 cs.
617 663 773 700 Sueton.
796 665 843 701 de
865 666 996 702 illustr.
1020 669 1214 712 grammat.
1242 676 1274 700 c.
1297 668 1354 703 15.
1374 664 1429 700 Id.
1459 665 1496 700 in
1519 664 1626 700 Octa-

177 721 291 757 viano
314 733 348 756 c.
370 723 451 765 36„
473 724 567 755 extr.
628 720 706 757 Sed
725 726 764 757 ut
786 721 954 758 laudavit
975 721 1125 758 Catonis
1148 721 1299 757 dicendi
1321 731 1463 769 genus,
1488 722 1538 757 ita
1558 721 1626 756 mi-

177 789 247 814 nus
268 789 354 814 eum
374 778 557 824 probasse
577 777 727 814 videtur
754 789 776 814 a
796 775 952 815 veritate
973 779 1264 825 incorruptoque
1285 778 1332 814 de
1352 780 1465 814 rebus
1485 781 1523 813 et
1541 788 1625 824 per-

178 835 282 871 sonis
306 833 466 879 iudicio,
497 833 536 870 id
560 834 661 881 quod
681 839 783 882 patet
803 847 850 871 ex
869 831 930 872 Fr.
953 846 1033 882 seq.
1024 861 1054 883 .,
1084 839 1120 870 et
1139 836 1319 882 suspicati
1342 846 1472 871 sumus
1493 834 1543 871 ad
1562 834 1624 870 Fr.

176 892 254 927 Inc.
274 894 356 936 42.,
381 891 441 927 ubi
461 902 498 927 v.

244 981 247 983 .
290 949 352 984 Fr.
376 950 412 986 3.
461 936 581 996 [Cort.
602 959 638 994 p.
659 951 743 987 933.
776 949 875 985 Gerl.
897 948 961 994 ed,
980 949 1068 984 mai.
1089 950 1294 994 omissum;
1327 948 1387 984 ed.
1409 948 1499 983 min.
1520 947 1557 993 I,
1589 950 1625 986 4

175 1016 216 1053 p.
238 1008 320 1053 182,
340 1008 374 1042 5.
395 1005 506 1040 Debr.
526 1004 561 1052 1,
582 1002 640 1052 5.]
679 1005 736 1041 Ex
755 1007 862 1042 brevi
882 1006 956 1042 hoc
977 1006 1207 1054 fragmento,
1236 1005 1337 1053 quod
1357 1009 1415 1041 est
1439 1004 1541 1052 apud
1561 1003 1626 1040 Vi-

177 1063 361 1098 ctorinum
380 1062 418 1097 in
436 1060 513 1097 Cic.
525 1061 677 1098 Rhetor.
698 1074 734 1109 p.
756 1064 814 1108 57,
832 1065 880 1101 34
899 1062 1027 1110 0.re11.,
1049 1064 1172 1111 magis
1192 1063 1433 1110 cognoscitur
1446 1061 1535 1109 quid
1545 1060 1626 1098 Sal-

177 1119 311 1155 lustius
329 1118 477 1166 dixerit,
497 1129 608 1165 quam
625 1120 821 1166 quomodo,·
840 1120 1067 1156 constructio
1083 1122 1284 1157 verborum
1304 1121 1404 1155 enim
1418 1118 1559 1166 pendet
1578 1128 1626 1153 ex

178 1176 390 1212 tradidisset
411 1175 528 1211 verbo
541 1204 551 1220 ,
577 1175 679 1222 quod
698 1176 881 1212 Victorini
901 1180 973 1213 est.
1025 1177 1123 1212 Male
1145 1177 1256 1224 igitur
1282 1175 1428 1213 Cortius
1447 1187 1533 1212 cum
1551 1175 1626 1222 pri-

177 1233 304 1269 oribus
325 1232 530 1268 editoribus
548 1233 697 1280 scripsit
712 1233 881 1270 Fannius
899 1243 1006 1280 vere3
1027 1235 1122 1269 male
1147 1235 1257 1270 etiam
1272 1233 1498 1270 Debrossius
1518 1232 1626 1268 Fan-

178 1292 261 1326 nius
280 1299 365 1326 vero
384 1291 585 1326 veritatem.
624 1289 678 1325 De
699 1290 862 1338 Fannio,
887 1291 949 1337 qui
971 1292 1140 1338 aequalis
1162 1292 1228 1327 suit
1247 1290 1436 1338 Scipionis
1457 1289 1625 1326 Africani

177 1347 353 1391 Minoris,
387 1347 503 1382 Laelii
523 1357 661 1394 gener,
690 1351 726 1382 et
746 1343 896 1394 praetor
917 1359 952 1383 a.
980 1350 1060 1387 137.
1082 1360 1118 1384 a.
1149 1347 1232 1384 Chr.
1255 1359 1312 1393 n.‚
1345 1349 1392 1388 cf.
1423 1343 1501 1383 Cic.
1521 1346 1623 1382 Brut.

177 1414 210 1439 c.
232 1406 300 1451 26,
322 1406 401 1441 101.
444 1403 538 1439 Eius
559 1405 676 1439 omnis
691 1405 729 1439 in
749 1405 901 1440 dicendo
920 1404 1083 1451 facultas
1099 1414 1150 1441 ex
1168 1404 1320 1440 historia
1339 1405 1457 1452 ipsius
1474 1414 1548 1439 non
1567 1404 1626 1438 in-

177 1461 361 1508 eleyanter
386 1461 527 1506 scripta
541 1462 713 1508 perspici
727 1465 869 1508 potest,
899 1471 995 1508 quae
1014 1471 1130 1507 neque
1146 1463 1253 1497 nimis
1272 1465 1326 1497 est
1343 1460 1490 1508 infans,
1509 1468 1626 1507 neque

173 1517 342 1564 perfecte
361 1517 511 1552 diserta.
559 1518 600 1552 In
622 1528 761 1564 magno
781 1518 925 1553 honore
953 1518 1068 1554 fuisse
1091 1519 1172 1554 eius
1194 1518 1389 1554 historiam
1410 1516 1626 1563 intelligitur

177 1574 290 1610 etiarn
311 1584 358 1608 ex
379 1584 438 1618 eo,
459 1573 562 1620 quod
576 1575 626 1609 M.
643 1574 779 1610 Brutus
800 1586 884 1610 eam
906 1576 942 1610 in
962 1575 1151 1622 epitomen
1170 1575 1316 1623 redegit
1335 1578 1426 1611 teste
1445 1572 1624 1610 Cicerone

178 1631 215 1666 in
236 1631 331 1677 Epp.
356 1629 407 1665 ad
426 1630 536 1666 Attio.
555 1630 644 1678 XII,
664 1633 697 1668 5.

290 1687 350 1722 Fr.
369 1689 406 1724 4.
459 1685 580 1735 [Cort.
608 1698 642 1734 p.
672 1690 753 1725 954.
779 1687 878 1723 Gerl.
901 1687 963 1723 ed.
987 1688 1076 1723 mai.
1103 1687 1139 1732 Ι,
1169 1690 1229 1725 34.
1259 1687 1319 1723 ed.
1344 1688 1434 1723 min.
1462 1688 1500 1734 Ι,
1529 1690 1564 1725 6.
1585 1698 1623 1733 p.

178 1741 264 1790 182,
283 1745 317 1782 7.
337 1743 448 1779 Debr.
471 1744 499 1788 I,
516 1744 572 1789 8.]
603 1744 717 1791 Apud
732 1742 884 1780 Charis.
907 1744 960 1791 11,
989 1746 1046 1788 14,
1067 1746 1149 1783 198.
1170 1755 1207 1791 p.
1230 1748 1309 1782 120.
1334 1744 1504 1780 Lindem.
1524 1745 1623 1789 (192.

176 1800 354 1845 Putsch.)
383 1800 637 1836 tantummodo
660 1804 781 1837 exstat
799 1810 931 1837 recens
957 1802 1103 1847 scrip.
1162 1800 1271 1845 Quod
1294 1812 1408 1848 quum
1427 1800 1624 1836 Putschius

177 1859 370 1904 explesset
395 1858 594 1904 scripsi,
624 1856 789 1894 Sallustii
817 1857 981 1893 editores
1009 1859 1108 1893 bona
1132 1857 1206 1893 fide
1229 1868 1314 1893 eum
1333 1857 1450 1894 secuti
1470 1867 1625 1904 perver-

179 1915 350 1951 sissimas
374 1914 644 1961 explicationes
664 1914 924 1961 prodiderunt.
959 1914 1187 1951 Debrossius
1208 1915 1307 1950 enim
1328 1918 1518 1951 auctorem
1538 1924 1624 1949 cen-

179 1975 236 2007 set
268 1972 307 2007 in
320 1971 551 2017 praefatione
582 1971 827 2008 Historiarum
854 1971 915 2008 his
949 1972 1078 2008 verbis
1105 1972 1297 2018 respicere
1325 1971 1375 2008 ad
1398 1971 1528 2018 priora
1555 1980 1624 2006 sua

178 2039 296 2075 opera
318 2027 364 2063 de
385 2026 573 2064 'Catilinae
586 2030 589 2032 '
602 2029 858 2065 coniuratione
885 2032 921 2064 et
942 2027 990 2064 de
1009 2028 1227 2076 Iugurthino
1246 2028 1368 2073 bello;
1404 2027 1624 2064 Gerlachius

178 2089 301 2120 autem
329 2084 415 2121 Vol.
442 2085 502 2120 ΠΙ.
532 2096 572 2131 p.
593 2086 651 2123 73.
682 2085 900 2123 Sallustium
927 2086 998 2133 ait,
1037 2086 1075 2121 in
1093 2086 1324 2132 praefatione
1351 2085 1520 2121 veritatis
1549 2087 1624 2120 stu-

179 2140 281 2176 dium
310 2141 544 2189 professum,
577 2141 798 2190 addidisse,
834 2143 1062 2187 „veritatem
1090 2142 1214 2179 minus
1236 2153 1258 2178 a
1287 2153 1328 2178 se
1351 2140 1493 2177 inflecti
1514 2145 1624 2188 potu-

178 2198 276 2242 isse,
304 2198 403 2244 quod
425 2207 572 2242 rerum,
606 2209 699 2245 quas
727 2199 981 2247 descripserit,
1014 2200 1180 2246 aequalis
1205 2196 1379 2246 fuerit;“
1410 2208 1506 2245 quae
1540 2208 1625 2233 sen—

178 2255 424 2301 tentiaesquot
442 2255 580 2298 verba,
600 2258 653 2289 tot
672 2256 748 2290 sere
767 2255 907 2290 habent
925 2255 1098 2302 ineptias.
1143 2255 1364 2302 Quicunque
1383 2256 1485 2291 enim
1503 2265 1623 2290 nexus

178 2311 449 2348 sententiarum·
457 2311 536 2357 suit,
543 2310 710 2357 simplex
721 2312 935 2362 observatio
949 2315 1158 2358 temporum
1170 2311 1336 2348 ostendit
1347 2321 1478 2349 recens
1487 2311 1627 2358 scripsi

126 2372 128 2374 '
178 2379 254 2404 non
274 2378 361 2405 esse
386 2366 563 2411 Sallustii,
586 2368 723 2415 quippe
745 2369 821 2416 qui,
846 2379 959 2415 quum
977 2371 1037 2406 86.
1059 2379 1094 2404 a.
1120 2366 1186 2404 Ch.
1215 2380 1251 2404 n.
1274 2379 1371 2405 anno
1391 2372 1500 2405 natus
1521 2371 1624 2403 esset

34 2432 37 2436 '
106 2443 108 2446 ·
178 2429 216 2462 et
233 2429 318 2461 ante
340 2435 477 2460 annum
497 2426 544 2462 40
563 2435 598 2459 a.
618 2422 706 2460 Chr.
720 2436 755 2462 n.
776 2425 1018 2471 probabiliter
1034 2436 1110 2460 non
1131 2425 1179 2461 ad
1200 2426 1383 2462 Historias
1397 2435 1623 2471 componen-

179 2475 249 2519 das
269 2481 479 2526 accederet,
503 2492 544 2517 se
565 2491 626 2517 res
650 2483 695 2518 ab
723 2491 821 2518 anno
843 2483 890 2520 78
905 2492 1023 2529 usque
1043 2482 1094 2518 ad
1115 2484 1159 2520 67
1182 2486 1310 2530 gestas
1330 2485 1512 2518 recentem
1532 2481 1623 2517 scri-

165 2539 424 2587 psissenullo
453 2541 562 2585 pacto
583 2537 710 2574 dicere
728 2542 894 2585 poterat..
927 2539 1177 2575 Nihilominus
1199 2539 1294 2575 haec
1314 2539 1431 2575 verba
1450 2538 1489 2573 in
1514 2548 1623 2585 prae-

178 2596 448 2636 fationel'uisse
463 2595 652 2643 videntur,
675 2595 745 2631 sed
762 2595 809 2631 de
822 2595 896 2631 alio
912 2594 1062 2631 homine
1079 2596 1225 2642 alioque
1241 2605 1356 2643 opere
1372 2594 1492 2640 dicta3
1511 2605 1622 2642 quam

178 2654 226 2690 ob
249 2663 331 2688 rem
351 2651 433 2688 'non'
452 2653 606 2700 scripsi,
633 2652 702 2688 sed
720 2650 871 2699 scripsit
897 2652 1099 2699 legendum
1120 2657 1189 2688 est.
1235 2652 1316 2698 Quo
1336 2653 1419 2687 loco
1440 2651 1539 2687 enim
1558 2661 1622 2687 au-

178 2713 258 2747 ctor
285 2709 540 2756 desspri'oribus
569 2709 646 2756 egit
672 2719 798 2745 rerum
817 2709 1080 2757 scriptoribus,
1108 2714 1144 2745 et
1165 2708 1256 2756 quid
1273 2709 1408 2755 cuique
1427 2707 1619 2755 peculiare

179 2771 283 2804 esset
309 2766 512 2813 exposuit,
533 2765 580 2801 de
611 2766 736 2812 aliquo
765 2765 877 2801 etiam
905 2765 978 2802 hoc
1007 2766 1290 2813 pronunciavit,
1323 2769 1506 2801 recentem
1535 2775 1620 2800 eum
