1774 3002
170 142 253 184 284
670 148 710 186 C.
744 147 975 186 SALLUSTI
1014 147 1166 188 CRISPI

169 272 299 318 deum
328 273 627 319 consultorem
654 271 954 332 exspectatis?
982 273 1146 335 Magna
1175 274 1251 321 illa
1272 277 1503 324 consulum
1528 278 1615 325 im-
1626 293 1670 329 16

167 355 290 416 peria
333 360 376 402 et
412 359 586 417 patrum
624 358 800 404 decreta
834 372 918 403 vos
958 358 1244 419 exsequendo
1287 362 1383 406 rata
1428 360 1614 417 efficitis,

169 439 381 496 Quirites,
407 441 613 503 ultroque
638 441 855 487 licentiam
875 441 919 487 in
946 457 1030 488 vos
1056 444 1231 488 auctum
1263 445 1395 505 atque
1419 443 1615 492 adiutum

167 524 429 586 properatis.
478 525 631 587 Neque
660 541 748 587 ego
774 540 859 571 vos
884 526 1022 572 ultum
1054 525 1235 572 iniurias
1261 527 1435 584 hortor,
1469 527 1614 590 magis
1627 541 1668 578 17

169 683 218 689 -—
243 662 369 700 Plebei
398 663 465 708 (de
496 675 570 711 qua
599 664 755 712 genitivi
784 664 903 700 forma
932 675 970 700 v.
992 662 1215 701 Schneideri
1246 665 1407 701 Gramm.
1430 667 1492 702 lat.
1512 667 1556 711 II,
1579 671 1614 706 l.

166 732 202 768 p.
234 721 338 765 359.)
365 722 547 767 praebent
574 720 709 767 codd.;
741 720 886 758 Cortius
916 721 1067 769 scripsit
1092 721 1204 769 plebi.
1230 741 1288 747 —
1321 722 1457 759 Verbis
1487 723 1614 760 modo

159 778 429 825 patricium
464 779 718 826 mayistratum
756 778 990 826 significatur
1025 779 1286 826 magistratus,
1323 790 1433 826 quem
1467 780 1614 827 patricii

167 834 237 871 soli
265 833 474 882 habebant,
504 846 626 882 neque
655 835 798 872 aditum
827 835 878 872 ad
899 846 984 871 eum
1004 835 1163 883 plebeiis
1182 835 1459 881 concedebant,
1480 847 1615 873 verna·

166 892 250 927 cula
269 891 328 928 die
346 892 1077 940 ausschliesslichpatric-ischa
1107 892 1260 929 Warde.
1301 892 1542 930 Consulatum
1562 894 1612 930 in-

167 948 281 995 telligi
302 949 386 996 lege
408 950 550 985 Licinia
569 954 605 985 et
623 949 752 987 Sextia
772 960 807 985 a.
827 950 909 987 377.
933 960 970 986 a.
998 948 1071 986 Chr
1094 941 1318 996 n-pa'triciis
1337 954 1520 987 extortum
1535 952 1614 987 *cla-

165 1016 247 1041 rum
277 1010 348 1042 est.
393 1006 435 1042 In
463 1010 566 1043 tanta
595 1007 801 1044 sententiae
829 1006 1096 1053 perspicuitate
1118 1006 1393 1054 interpretibus,
1415 1008 1613 1055 quominus

165 1073 298 1099 verum
321 1064 593 1110 perspicerent,
612 1065 722 1100 unice
744 1062 902 1099 offuisse
924 1063 1073 1099 videtur
1094 1064 1266 1100 insolitus
1286 1064 1392 1100 modo
1407 1065 1614 1111 particulae

165 1120 284 1164 locus,
308 1131 405 1167 quae
427 1121 656 1168 frequentius
678 1131 771 1157 sane
792 1121 978 1157 vocabulo
991 1148 1000 1164 ,
1034 1119 1083 1156 ad
1109 1119 1210 1167 quod
1230 1121 1401 1167 pertinet,
1420 1122 1613 1169 postponi-

167 1181 236 1213 tur.
279 1175 358 1213 Sed
387 1178 500 1214 etiam
533 1181 618 1214 ante
649 1177 688 1214 id
707 1177 883 1214 collocari
907 1187 1022 1223 posse
1044 1181 1145 1212 recte
1170 1171 1353 1224 praecipit
1374 1177 1545 1214 Handius
1565 1177 1613 1214 de

166 1234 325 1270 Particc.
346 1235 423 1270 Lat.
445 1234 531 1271 Vol.
552 1235 613 1270 III.
633 1247 672 1282 p.
692 1238 775 1274 651.
795 1253 853 1260 —-
880 1233 1015 1270 Libera
1041 1233 1087 1270 ab
1106 1234 1314 1271 auctoribus
1334 1236 1508 1282 patricias
1529 1235 1611 1282 suf—

163 1291 293 1338 fragia
313 1302 408 1338 quae
432 1291 677 1338 intelligenda
698 1292 791 1335 sint,
811 1295 913 1338 patet
933 1302 982 1326 ex
1001 1291 1107 1327 Livio
1129 1291 1227 1335 Vlll,
1247 1294 1305 1336 12,
1325 1294 1382 1330 14.
1418 1292 1613 1328 Dic-samm

165 1347 228 1392 (Q.
248 1347 396 1385 Publilii
411 1347 578 1385 Philonis
597 1360 633 1384 α.
656 1351 738 1387 339.
760 1359 799 1384 α.
813 1347 902 1385 Chr.
917 1348 975 1393 n.)
990 1348 1187 1395 popularis
1205 1346 1289 1395 fuit,
1309 1348 1408 1395 quod
1425 1353 1500 1385 tres
1517 1349 1614 1396 leyes

164 1404 448 1442 secundissimas
471 1405 611 1454 plebei,
647 1406 829 1442 adversas
866 1405 1041 1441 nobilitati
1067 1405 1163 1450 tulit,
1199 1415 1313 1441 unam
1349 1409 1392 1441 ut
1421 1405 1611 1452 plebiscita

165 1471 289 1498 omnes
309 1460 470 1506 Quirites
489 1466 665 1509 tenerent,
686 1463 861 1508 alteram,
883 1466 931 1498 ut
951 1463 1117 1510 leyum,
1145 1472 1262 1509 quae
1283 1463 1483 1498 comitiis
1510 1472 1606 1498 cen-

166 1520 364 1556 turiatis
382 1519 660 1567 ferrentur,
689 1523 797 1556 ante
824 1520 991 1555 initum
1011 1518 1496 1566 suffrayiumpat'res
1525 1530 1612 1555 au-

165 1579 325 1612 ctores
344 1575 543 1624 fierent,
567 1578 723 1621 tertiam,
745 1580 786 1612 ut
806 1577 901 1612 alter
919 1578 1042 1624 utique
1061 1574 1230 1622 explebe
1248 1585 1381 1612 censor
1401 1580 1611 1612 crearetur.

165 1648 220 1658 --
239 1633 311 1668 Pro
331 1634 542 1670 auctoribus
570 1634 806 1680 patriciis
829 1632 1052 1669 Ciacconius
1075 1632 1205 1667 maluit
1226 1632 1437 1669 auctoribus
1455 1633 1610 1680 patri-

163 1690 268 1733 buS‚
291 1689 393 1736 quod
411 1701 474 1726 res
495 1690 579 1736 ipsa
598 1688 769 1736 flagitare
790 1689 958 1734 videtur;
981 1692 1113 1736 patres
1141 1689 1241 1724 enim
1259 1700 1336 1725 non
1363 1689 1505 1726 diversi
1527 1692 1613 1726 sunt

165 1758 188 1783 a
207 1750 350 1791 senatu,
375 1748 437 1793 qui
460 1747 522 1783 hic
542 1747 780 1794 intelligitur,
809 1745 879 1782 sed
898 1747 1016 1792 probe
1037 1744 1280 1781 discernendi
1302 1756 1325 1781 a
1343 1747 1528 1792 patriciis,
1549 1748 1611 1792 qui

166 1802 254 1840 inde
285 1814 309 1839 a
338 1803 474 1841 Servio
502 1803 623 1840 Tullio
651 1803 870 1840 universam
898 1802 1128 1840 nobilitatem
1154 1803 1238 1838 sive
1273 1806 1405 1850 gentes
1435 1802 1612 1839 nobilium

166 1859 521 1908 complectebantur.
561 1859 653 1896 Inde
680 1860 929 1908 perspicitur,
960 1870 1026 1895 cur
1052 1869 1246 1905 nunquam
1268 1859 1424 1906 patrimi
1441 1870 1510 1906 pro
1534 1870 1610 1906 pa—

165 1917 280 1954 tribus
300 1917 533 1963 dicerentur,
563 1928 790 1964 quamquam
821 1917 974 1953 inverso
996 1915 1110 1953 modo
1124 1918 1258 1963 patres
1276 1915 1461 1952 interdum
1480 1916 1612 1952 latiore

167 1986 284 2012 sensu
315 1986 384 2022 pro
415 1976 583 2022 patricias
613 1974 703 2011 dicti
733 1978 839 2019 sunt;
871 1985 909 2010 v.
931 1973 1092 2010 Beckeri
1113 1972 1266 2020 Antiqq.
1287 1983 1382 2009 rom.
1404 1972 1490 2009 Vol.
1512 1972 1557 2017 II,
1581 1976 1613 2010 1.

165 2043 202 2079 p.
226 2033 304 2070 141.
348 2031 598 2068 Nihilominus
619 2033 738 2069 verba
763 2031 875 2068 huius
894 2031 967 2067 loci
988 2031 1134 2078 integra
1157 2033 1344 2077 putamus,
1370 2029 1612 2076 Macrumque

166 2088 355 2125 invidiose
388 2090 509 2136 magis
532 2100 643 2136 quam
663 2100 753 2126 vere
776 2087 1044 2135 suffragiorum
1069 2090 1242 2123 auctores
1255 2087 1437 2134 patricios
1458 2085 1613 2131 dixisse,

167 2156 282 2192 quum
302 2146 558 2182 tantummodo
571 2149 704 2193 patres
723 2147 748 2183 i.
770 2157 803 2180 e.
827 2150 981 2181 senatus
1002 2143 1187 2180 dicendus
1209 2147 1324 2180 esset.
1338 2162 1396 2170 -
1414 2143 1487 2179 Pro
1503 2154 1615 2190 quum

166 2203 231 2246 vis,
250 2202 352 2248 quod
373 2202 486 2238 codd.
510 2204 703 2250 praebent,
724 2202 814 2238 edd.
835 2205 926 2237 vett.
946 2201 1190 2248 interpolatae
1210 2200 1352 2237 habent
1370 2200 1614 2248 quamvis.—

165 2257 332 2295 Eaedem
349 2258 521 2295 codicum
544 2250 743 2296 lectionem
764 2263 806 2295 et
825 2268 920 2306 quae
942 2260 1130 2294 mutarunt
1149 2257 1188 2292 in
1206 2258 1276 2294 uti
1292 2265 1399 2304 quae.
1413 2275 1470 2283 —-
1486 2256 1614 2292 Verba

165 2325 262 2364 quae
278 2317 380 2352 iussa
391 2326 468 2364 pro
487 2316 570 2352 aliis
589 2316 749 2353 toleratis
772 2315 918 2352 Cottius
942 2316 1037 2350 bene
1061 2313 1153 2350 vidit
1172 2317 1344 2361 spectare
1364 2311 1415 2349 ad
1432 2313 1612 2357 militiam,

166 2373 434 2420 gravissimum
464 2373 698 2419 plebeiorum
732 2384 827 2409 onus
859 2371 925 2416 (cs.
948 2371 1028 2419 Iug.
1050 2382 1083 2406 c.
1102 2370 1200 2415 XLI,
1227 2371 1303 2416 7.);
1334 2371 1385 2406 ita
1404 2369 1503 2406 enim
1531 2379 1614 2406 sen·

166 2430 318 2466 tentiam
348 2429 518 2476 supplet:
551 2429 623 2464 illis
647 2440 781 2476 nempe
812 2428 998 2472 militatis,
1027 2427 1099 2464 illis
1122 2427 1282 2463 vincitis.
1323 2427 1495 2464 Ceterum
1513 2427 1614 2462 iussa

167 2497 242 2522 non
263 2487 449 2523 obiectum
471 2485 599 2530 verbi,
622 2485 691 2521 sed
718 2486 928 2522 attributum
953 2485 1097 2520 relativi
1127 2489 1195 2521 est.
1218 2504 1275 2510 —
1302 2484 1376 2520 Aut
1402 2493 1476 2519 non
1503 2491 1614 2530 aqere

167 2547 288 2584 certe3
305 2543 365 2579 his
387 2543 513 2579 verbis
534 2543 662 2578 Macer
687 2544 760 2579 iarn
786 2542 942 2588 digitum
964 2541 1070 2588 quasi
1095 2540 1250 2576 intendit
1269 2540 1318 2576 ad
1339 2539 1396 2585 id,
1427 2538 1527 2586 quod
1550 2539 1612 2574 toti

168 2600 250 2636 eius
271 2599 431 2635 orationi
452 2599 538 2636 finis
558 2600 774 2647 propositus
799 2603 867 2642 est,
890 2602 928 2634 ut
947 2599 1075 2645 plebs,
1107 2608 1180 2644 quo
1198 2597 1431 2633 vnobilitatem
1453 2596 1612 2642 frangat,

168 2657 335 2693 militiam
362 2656 554 2693 detrectet.
1531 2658 1536 2663 '

275 2716 320 2756 S.
342 2716 399 2752 16.
425 2713 584 2761 Magna)
624 2712 737 2748 Recte
761 2710 930 2748 Cortius:
972 2715 1037 2755 „ut
1057 2710 1183 2746 omnia
1202 2710 1240 2744 in
1262 2708 1333 2744 hac
1356 2707 1538 2751 oratione,
1564 2707 1615 2744 ita

171 2774 209 2806 et
229 2781 305 2808 vox
325 2781 461 2819 maqna
484 2770 534 2807 ad
554 2769 735 2807 invidiam
756 2771 983 2817 comparata,
1004 2778 1072 2816 pro
1088 2765 1295 2814 maynifica,
1312 2765 1399 2811 alta,
1412 2763 1614 2812 superba.“
