1774 3002
531 111 859 185 HlSTomARUM
886 141 1198 182 FRAGMENTA.
1257 142 1345 178 LIB.
1377 142 1404 178 1.
1613 135 1694 178 153

252 273 374 335 perio
398 271 661 321 continenda
683 269 785 316 fuit.-
806 268 1040 314 Praeterea
1063 266 1342 312 diversorum
1359 264 1562 311 ordinum
1586 299 1597 310 .
1618 299 1629 310 .
1651 299 1661 310 .
1682 299 1693 309 .

253 438 375 470 tamen
398 442 483 469 cum
502 429 723 477 Kreyssigio
748 427 940 464 serendum
970 430 1156 473 putamus.
1193 423 1288 460 Nam
1308 435 1422 471 quum
1438 425 1651 460 Latinorum
1672 435 1697 460 u

254 491 370 526 breve
388 487 575 536 quandam
595 485 679 522 soni
699 484 977 521 similitudinem
997 493 1081 519 cum
1102 494 1129 519 υ
1149 491 1286 528 graeco
1306 480 1482 525 haberet,
1513 480 1695 528 quemad-

254 545 406 582 modum
426 543 612 581 vocabula
634 541 758 584 Sulla,
777 540 975 585 Romulus,
993 539 1122 586 Capua
1142 549 1280 586 graece
1300 537 1510 574 scribuntur
1528 530 1696 581 Σύλλας,

245 593 456 650 Ῥωμύλος,
483 590 640 647 Καπύη,
662 599 712 634 ita
735 597 846 633 etiarn
868 597 1019 632 inverso
1040 594 1152 631 modo
1173 593 1255 630 fieri
1277 594 1444 641 potuisse
1468 594 1635 637 videtur,
1660 598 1697 629 ut

254 657 373 698 Latini
400 667 468 704 pro
493 667 520 691 υ
546 666 683 702 graeco
712 665 738 690 u
767 657 959 700 ponerent.
999 652 1039 687 In
1069 651 1187 687 Taciti
1215 651 1300 687 cod.
1329 650 1430 686 Med.
1459 655 1557 686 certe
1585 649 1698 686 Suria

254 715 369 761 saepe
385 716 510 750 ‚exstat
528 723 597 759 pro
616 710 741 759 Syria,
758 721 879 756 neque
902 709 1084 746 dissimile
1107 711 1176 751 est,
1198 707 1300 754 quod
1319 707 1421 753 apud
1440 708 1518 743 Liv.
1528 706 1696 750 XXXIV,

253 772 311 814 62,
331 773 386 809 12.
418 771 456 805 in
487 768 571 805 cod.
592 767 789 813 Bamberg.
811 766 969 813 aliisque
990 765 1117 801 Bursa
1146 764 1281 811 legitur
1302 774 1372 811 pro
1396 764 1530 811 Byrsa.

365 825 464 873 quod
479 827 542 869 ea)
583 824 636 859 lta
660 823 827 858 Pertzius
856 826 956 859 recte
987 821 1156 867 scripsit,
1195 821 1282 856 lIcet
1309 820 1467 856 dimidia
1496 824 1635 856 tantum
1665 820 1696 865 Q

255 883 374 918 littera
398 883 439 919 in
462 881 705 929 palimpsesto
727 883 952 925 compareat.
1002 877 1103 914 Idem
1124 878 1222 924 reyis
1241 877 1395 924 Apionis
1419 877 1515 913 bene
1541 876 1700 913 restituit

255 950 300 975 ex
323 938 555 986 palimpsesti
574 935 744 983 vestigiis
764 933 1007 972 REGISAPI(
1032 959 1042 969 .
1058 961 1068 969 .
1086 959 1095 968 .
1127 933 1236 974 Locis
1263 933 1310 969 de
1342 933 1490 980 Apione
1514 943 1630 980 supra
1649 934 1701 969 al-

255 995 349 1031 latis.
368 994 466 1031 adde
495 993 622 1039 lustin.
645 991 812 1037 XXXIX,
832 996 868 1029 5.
899 991 1015 1027 Tacit.
1037 989 1137 1026 Ann.
1163 989 1262 1034 XIV,
1286 992 1342 1028 18.
1370 1009 1425 1015 —
1465 990 1547 1026 Non
1577 989 1700 1026 minus

254 1055 356 1087 certe
391 1050 557 1086 Pertzius
596 1050 770 1084 lacunam
810 1046 1044 1094 palimpsesti
1087 1045 1272 1082 NOBISD.
1304 1072 1314 1080 .
1348 1071 1358 1081 .
1394 1047 1559 1092 explevit
1599 1046 1701 1085 nobis

226 1130 232 1132 >
255 1107 387 1147 datm
415 1106 485 1143 sed
507 1103 698 1152 sequentis
718 1114 854 1140 versus
875 1102 1031 1140 restituti
1053 1106 1227 1148 recteque
1258 1102 1432 1138 intellecti
1456 1103 1538 1139 laus
1560 1103 1701 1150 Kreys-

257 1163 355 1210 sigio
375 1162 543 1199 debetur.
584 1162 679 1198 Nam
700 1172 811 1207 quum
830 1161 997 1196 Pertzius
1018 1158 1173 1195 mirifico
1197 1169 1325 1195 errore
1346 1158 1610 1196 PERGENTIS
1630 1170 1699 1206 pro

255 1219 450 1266 participio
476 1227 638 1266 perpere
670 1218 776 1254 verbi
802 1216 1015 1260 habuisset,
1061 1216 1232 1251 lacunam
1261 1215 1526 1262 praecedentis
1565 1226 1700 1253 versus

255 1276 340 1312 iride
360 1286 456 1312 voce
478 1275 661 1321 explevit,
690 1278 793 1309 ratus
814 1273 874 1309 his
898 1273 1024 1310 verbis
1044 1272 1181 1318 prioris
1210 1273 1451 1319 magistratus
1478 1273 1560 1309 sive
1589 1283 1702 1319 quae-

257 1332 367 1368 storis
394 1331 657 1368 decessionem
683 1341 704 1365 e
733 1329 880 1377 Cyrene
911 1328 1130 1376 significari.
1180 1327 1258 1364 Sed
1287 1338 1337 1364 ex
1363 1330 1558 1375 provincia
1586 1339 1700 1376 per-

255 1397 367 1435 yet-e
392 1399 505 1434 quum
534 1397 644 1423 nemo
675 1386 887 1422 Latinorum
915 1385 1072 1428 dixerit,
1109 1384 1264 1430 proprio
1293 1385 1330 1420 in
1358 1395 1404 1420 ea
1435 1396 1476 1421 re
1503 1385 1704 1421 decedendi

258 1445 447 1481 vocabulo
461 1444 649 1480 obtinente
672 1444 730 1487 (v.
750 1442 800 1478 ad
815 1442 895 1488 Iug.
908 1440 991 1485 XX,
1009 1445 1041 1479 l.
1057 1452 1096 1487 p.
1110 1443 1190 1479 126.
1203 1441 1400 1487 Kuehner.
1425 1441 1475 1477 ad
1496 1441 1571 1478 Cic.
1591 1441 1701 1479 Tusc.

258 1500 301 1545 ΙΙ,
322 1503 381 1545 26,
401 1503 459 1538 61.
479 1511 516 1546 p.
535 1502 618 1538 230.
646 1499 755 1534 Fabri
778 1498 827 1533 ad
849 1497 1040 1544 Sall..1ug.
1062 1496 1231 1540 XXXVI,
1255 1498 1331 1541 4.),
1360 1497 1700 1535 aliudeallustium

259 1557 458 1603 scripsisse
480 1566 639 1592 necesse
659 1559 728 1591 est.
771 1553 949 1591 Sollerter
972 1553 1351 1605 igIturKreyssigius
1379 1559 1576 1591 assecutus
1595 1554 1702 1591 PER-

260 1611 539 1649 GENTls-esse·
553 1621 628 1658 per
643 1615 785 1658 yeme&
814 1612 852 1647 in
873 1611 1007 1646 lacuna
1027 1610 1144 1646 ruisse
1166 1610 1327 1646 coniecit
1343 1610 1439 1655 illas,
1470 1623 1543 1658 quo
1566 1622 1701 1648 sensus

257 1669 382 1715 prodit
400 1670 512 1716 longe
531 1668 761 1715 aptissimus.
810 1668 903 1703 Nam
925 1677 1037 1713 quum
1058 1669 1183 1712 pateat
1203 1666 1422 1703 Sallustium
1443 1679 1619 1705 caussam
1648 1669 1701 1704 al*—

260 1725 378 1768 ferre,
409 1736 476 1761 cur
496 1724 670 1761 Lentulus
694 1722 862 1770 Cyrenas
885 1724 932 1759 sit
951 1723 1104 1768 missus,
1130 1723 1169 1758 in
1191 1734 1236 1758 eo
1257 1723 1416 1770 positam
1440 1724 1557 1761 fuisse
1578 1724 1700 1767 tradit,

259 1781 379 1828 quod,
409 1793 522 1828 quum
547 1780 742 1817 domestici
766 1781 1004 1827 magistratus
1029 1779 1112 1815 illas
1143 1779 1339 1824 civitates,
1372 1784 1413 1816 ut
1439 1785 1526 1817 sunt
1552 1782 1702 1818 omentis

254 1838 474 1885 populorum
499 1838 645 1885 inqenia
667 1837 719 1872 ad
739 1836 971 1884 tyrannidem
983 1846 1131 1882 prona,
1170 1836 1439 1882 imprudentius
1473 1842 1509 1872 et
1536 1838 1704 1874 ambitio0

260 1894 339 1929 sius
359 1896 566 1938 rexissent,
587 1904 655 1940 per
676 1897 911 1938 quaestorem
930 1891 1138 1927 Romanum
1162 1891 1308 1939 Cyrene
1328 1892 1570 1938 prudentiore
1591 1905 1701 1940 quam

260 1949 523 1995 inquilinorum
540 1954 576 1984 et
594 1950 715 1984 minus
735 1948 877 1994 gloriae
899 1947 1011 1983 avido
1029 1947 1184 1993 imperio
1200 1948 1425 1984 continenda
1441 1954 1555 1985 esset.
1596 1949 1701 1994 Quae

261 1998 378 2040 verba
401 2005 510 2040 simul
533 2004 636 2040 haud
655 2005 813 2039 obscure
841 2003 1053 2049 significant
1072 2014 1138 2038 cur
1161 2003 1306 2050 Cyrene
1327 2005 1363 2040 in
1384 2005 1604 2051 provinciae
1629 2007 1702 2042 sor-

262 2071 360 2096 mam
379 2059 533 2102 redacta
553 2059 681 2103 fuerit,
711 2063 748 2094 et
770 2063 898 2106 aperte
922 2058 1125 2094 ostendunt
1143 2060 1337 2096 Lentulum
1358 2072 1433 2096 non
1461 2062 1579 2098 fuisse
1603 2063 1702 2109 prio-

262 2116 312 2152 ris
332 2116 572 2162 magistratus
593 2126 870 2160 successorem,
901 2126 1010 2162 quem
1032 2116 1166 2152 Pertzii
1186 2127 1352 2152 errorem
1374 2118 1589 2155 Huschkius
1611 2130 1702 2166 quo-

262 2184 334 2218 que
357 2183 392 2218 p.
412 2174 494 2210 282.
522 2176 558 2207 et
578 2172 844 2208 Mommsenius
865 2182 902 2217 p.
925 2174 1005 2210 198.
1035 2173 1196 2219 amplexi
1218 2178 1315 2209 sunt.
1362 2174 1481 2219 Quem
1501 2174 1702 2212 Sallustius

262 2228 385 2275 paullo
407 2228 602 2264 obscurius
625 2227 812 2275 signifieat
831 2226 1070 2274 Cyrenarum
1082 2230 1313 2275 praelectum
1332 2241 1407 2266 non
1428 2232 1519 2267 satis
1538 2232 1702 2279 pruden-

264 2290 335 2319 tem
352 2283 568 2330 gloriaeque
585 2283 804 2327 avidiorem,
827 2288 918 2320 teste
936 2285 1132 2321 Plutarcho
1154 2285 1201 2321 de
1221 2286 1366 2322 mulier.
1392 2288 1478 2323 virt.
1499 2299 1532 2326 c.
1558 2291 1613 2326 19.
1637 2290 1703 2324 fuit

262 2340 377 2375 Nico
389 2351 408 2375 c
419 2350 436 2374 r
448 2344 485 2375 at
497 2351 516 2375 e
528 2353 565 2386 s,
587 2340 649 2386 qui
670 2340 868 2388 tyrannide
894 2343 1078 2387 occupata
1093 2342 1353 2378 crudelissime
1377 2344 1414 2379 in
1431 2344 1535 2381 cives
1552 2346 1702 2390 saeviit,

262 2397 416 2442 eiusque
437 2396 547 2431 frater
564 2397 590 2431 L
601 2407 685 2431 ean
698 2396 779 2432 der
791 2425 800 2440 ‚
814 2397 884 2432 'illo
896 2397 1022 2433 occiso
1042 2397 1118 2433 vim
1140 2409 1321 2445 summam
1336 2400 1470 2435 stolide
1481 2400 1702 2437 insolenter-

261 2463 333 2498 que
353 2462 546 2488 exercens.
573 2472 629 2476 —
662 2452 756 2488 Per
772 2454 908 2500 qenins,
936 2454 962 2489 i.
982 2465 1015 2489 e.
1038 2454 1132 2490 inter
1147 2458 1294 2502 yentes;
1323 2456 1372 2490 cs.
1395 2457 1499 2492 locos
1523 2468 1545 2492 a
1562 2458 1701 2505 Kreys-

261 2508 357 2554 sigio
379 2509 510 2544 allatos
533 2507 647 2545 Tacit.
667 2508 766 2544 Ann.
785 2508 864 2553 XII,
886 2512 941 2552 12,
962 2513 997 2547 1.
1018 2508 1078 2546 Ila
1097 2511 1244 2557 dt‘qnum
1263 2512 1461 2548 maioribus
1483 2513 1560 2549 suis·
1579 2517 1615 2549 et
1636 2514 1699 2561 fa·

260 2565 358 2600 milia
374 2563 500 2601 Cassia
522 2568 645 2609 ratus,
666 2573 758 2610 per
776 2565 886 2600 illas
905 2575 1045 2612 quoque
1063 2571 1225 2613 yentes
1243 2567 1439 2603 celebrata.
1478 2568 1573 2610 XIII,
1589 2573 1647 2614 55,
1663 2575 1698 2608 2.

260 2621 468 2667 Aderatque
487 2621 533 2656 iis
554 2620 680 2656 clarus
695 2629 785 2666 per
815 2620 928 2655 illas
952 2626 1118 2668 yentes
1143 2643 1198 2648 -——
1220 2622 1430 2660 Boiocalus.
1459 2646 1516 2650 —
1558 2625 1611 2660 De
1639 2637 1699 2662 ac-

260 2677 418 2712 cusativi
445 2677 702 2712 terminatione
725 2676 761 2711 in
782 2677 832 2717 2⁶8,
865 2687 976 2722 quam
996 2678 1117 2714 codex
1140 2679 1421 2724 antiquissimus
1446 2681 1697 2728 incorruptam

258 2734 432 2778 praebet,
462 2734 509 2769 cf.
532 2732 581 2768 ad
600 2732 660 2768 Fr.
682 2732 709 2775 I,
730 2735 796 2776 51,
814 2734 872 2769 20.
896 2732 956 2778 111,
980 2738 1012 2778 1,
1034 2738 1066 2772 l.
1098 2735 1158 2779 ΙΙΙ,
1178 2737 1236 2778 73,
1258 2738 1313 2772 10.
1336 2738 1393 2774 19.
