1774 3002
514 154 846 199 fflSTOmA‘RUM
872 156 1190 196 FRAGMENTA.
1213 157 1302 195 LIB.
1331 157 1375 193 II.
1594 148 1681 193 ’185

377 290 445 335 77.
495 285 649 332 Genus
679 282 866 330 militum
891 284 1067 330 suetum
1092 298 1120 329 a
1139 279 1335 344 pueritia
1360 278 1611 326 latrociniis.

327 373 481 417 78.
480 368 652 416 Genus
672 366 894 415 hominum
921 363 1089 428 vagum
1118 368 1163 413 et
1187 364 1351 472 rapinis
1385 365 1559 412 suetum
1583 379 1684 411 ma-

243 454 316 517 gis
347 469 477 516 quam
511 466 723 514 agrorum
751 450 954 498 cultibus.

374 541 443 587 7⁹.
497 537 652 585 Genus
684 536 817 584 armis
845 536 971 582 ferox
1008 536 1052 583 et
1080 533 1232 580 serviti
1262 532 1499 580 insolitum.

238 689 369 734 ruisse,
398 688 469 726 sed
495 690 533 726 in
558 692 719 725 remotas
748 688 860 725 sedes
890 687 1092 733 relegatos.
1149 685 1338 732 Denique,
1372 684 1475 732 quod
1504 685 1685 732 gravissi-

239 756 340 783 mum
365 749 433 791 est,
464 747 500 783 in
526 750 731 794 temporum
758 746 899 783 ratione
922 748 994 779 tam
1014 743 1169 790 turpiter
1196 743 1294 789 lapsi
1319 745 1427 788 sunt,
1455 746 1589 778 utnon
1618 741 1686 779 du-

241 803 399 840 bitarent
418 813 498 840 rem
514 813 612 839 anno
632 805 690 842 86.
708 814 742 839 a.
766 801 852 838 Chr.
876 812 911 838 n.
929 799 1112 847 flagrante
1133 797 1256 836 adhuc
1278 799 1399 846 primo
1421 798 1518 835 bello
1542 797 1685 835 Mithri-

240 858 363 897 datico
385 859 521 901 factam
546 858 596 895 ad
617 870 754 896 annum
774 862 844 904 74„
870 868 943 904 quo
962 852 1107 893 tertium
1127 855 1260 902 erupit,
1280 855 1495 894 transferre.

351 915 414 952 Fr.
432 918 491 956 75.
534 915 650 962 [Cort.
669 927 706 963 p.
725 919 809 955 962.
849 914 948 950 Gerl.
970 912 1033 949 ed.
1055 912 1143 958 mai.
1164 911 1208 957 11,
1230 915 1290 951 46.
1313 911 1375 948 ed.
1396 912 1486 950 min.
1502 912 1546 958 Π,
1563 915 1625 953 87,
1645 925 1688 962 p.

237 973 321 1018 ”53
340 973 399 1012 27.
449 971 560 1024 Debr.
581 972 642 1017 111,
658 973 735 1018 66.]
792 972 920 1008 Verba
940 981 963 1007 a
980 970 1104 1006 Nonio
1123 968 1221 1014 XIII,
1238 972 1275 1008 8.
1300 980 1339 1016 Ρ.
1360 971 1441 1014 534,
1462 972 1521 1008 30.
1571 969 1687 1007 Mero.

238 1027 351 1077 allata
370 1029 590 1066 obscuriora
605 1033 690 1065 sunt
711 1032 747 1064 et
761 1027 988 1074 abruptiora,
1007 1037 1120 1074 quam
1136 1036 1232 1072 quae
1247 1025 1488 1074 probabiliter
1505 1026 1688 1074 explicari

236 1085 394 1133 possint.
455 1085 591 1123 Incidit
612 1086 788 1132 speciosa
809 1083 972 1132 quidem,
994 1082 1064 1119 sed
1094 1081 1143 1119 ad
1166 1083 1290 1119 locum
1312 1082 1591 1130 expediendum
1612 1094 1686 1119 non

239 1142 330 1178 satis
352 1143 543 1179 fructuosa
561 1143 777 1178 coniectura
793 1144 850 1178 est
865 1139 1055 1178 Cari-ionis
1074 1150 1144 1187 pro
1164 1139 1298 1185 inducit,
1319 1138 1419 1186 quod
1442 1139 1551 1176 Nonii
1573 1139 1686 1176 codd.

238 1200 419 1246 praebent
427 1210 438 1245 ;
466 1197 537 1235 sed
557 1191 670 1236 iidem
692 1203 791 1235 recte
810 1200 935 1234 tenent
946 1206 1039 1245 per
1056 1199 1208 1241 noctem,
1230 1207 1300 1244 pro
1324 1207 1397 1243 quo
1422 1197 1535 1244 vulgo
1552 1197 1688 1245 legitur

236 1251 378 1303 Super
403 1260 563 1302 noctem,
602 1254 917 1302 quemadmodum
941 1252 1163 1291 Gerlachius
1192 1263 1339 1300 quoque
1371 1253 1407 1289 in
1435 1258 1591 1300 utraque
1625 1253 1686 1290 ed.

239 1311 403 1359 scripsit.
431 1311 642 1349 lenunculo
668 1310 836 1349 Sallustii
865 1309 1030 1347 editores
1050 1314 1180 1346 contra
1205 1309 1319 1345 fidem
1340 1309 1514 1346 codicum
1541 1314 1578 1346 et
1601 1321 1689 1347 ana-

241 1367 379 1415 logiam
404 1371 593 1405 mutarunt
612 1369 649 1403 in
667 1368 891 1408 renunculo;
910 1368 1049 1415 quippe
1074 1366 1290 1403 lenmculus
1319 1366 1467 1402 mollior
1487 1364 1545 1403 est
1567 1368 1687 1404 forma

239 1423 451 1463 diminutivi
473 1425 730 1470 lembum-dus,
765 1424 866 1472 quod
888 1435 910 1460 a
931 1423 1044 1461 lembo
1066 1422 1284 1467 descendit;
1318 1422 1365 1459 de
1391 1434 1436 1458 eo
1456 1424 1599 1472 navigii
1619 1435 1686 1471 ge·

237 1491 328 1518 nere
351 1482 398 1518 cs.
422 1481 601 1519 Orellium
625 1480 675 1517 ad
692 1481 810 1518 Tacit.
830 1481 931 1517 Ann.
947 1479 1049 1525 XIV,
1066 1484 1101 1524 5,
1123 1482 1161 1518 4.
1188 1483 1225 1515 et
1243 1479 1338 1521 Gell.
1357 1479 1404 1524 X,
1420 1483 1482 1518 25.
1518 1500 1576 1505 —
1614 1481 1687 1518 Pro

233 1538 415 1589 piseantt’s
437 1538 476 1574 in
495 1538 667 1575 omnibus
687 1537 797 1574 Nonii
818 1536 930 1575 codd.
950 1541 1007 1573 est
1014 1536 1222 1584 piscandis,
1243 1535 1344 1583 quod
1366 1536 1431 1573 vix
1453 1547 1587 1572 sanum
1609 1542 1686 1582 est3

232 1596 416 1644 piscantis
435 1594 577 1632 dudum
598 1595 829 1642 seripserunt
849 1593 1026 1639 editores,
1054 1597 1094 1629 ut
1116 1593 1154 1629 in
1176 1593 1338 1640 proclivi
1360 1597 1441 1629 erat
1461 1593 1685 1638 emendare3

241 1651 311 1688 sed
332 1656 452 1688 utrum
473 1663 556 1688 eam
574 1662 708 1688 vocem
728 1651 935 1699 genitivum
957 1651 1174 1698 singularis,
1194 1660 1241 1686 an
1257 1650 1515 1693 accusativum
1530 1651 1687 1698 pluralis

238 1708 383 1745 numeri
401 1707 556 1753 habeas,
578 1719 655 1744 non
681 1708 791 1755 facile
813 1707 967 1744 dixeris.
1007 1702 1010 1706 ’

351 1765 412 1802 Fr.
430 1768 490 1805 76.
531 1763 645 1810 [Cort.
666 1776 707 1812 p.
728 1767 810 1804 962.
850 1763 948 1800 Gerl.
974 1763 1037 1800 ed.
1058 1764 1146 1800 mai.
1163 1763 1207 1808 H,
1229 1765 1287 1801 53.
1309 1762 1368 1798 ed.
1382 1763 1473 1799 min.
1495 1763 1539 1809 ΙΙ,
1562 1766 1622 1802 90.
1647 1776 1686 1811 p.

238 1824 320 1866 2⁰6,
341 1824 379 1860 3.
415 1821 524 1859 Debr.
542 1821 664 1867 11‚n.
685 1822 730 1867 11,
751 1824 831 1860 134.
851 1821 905 1857 IV
907 1849 918 1865 ,
935 1823 997 1859 28.
1018 1820 1066 1865 V,
1085 1819 1162 1864 43]
1210 1819 1353 1856 Nonius
1375 1819 1420 1865 Π,
1441 1821 1524 1858 450.
1546 1831 1585 1867 p.
1606 1822 1688 1865 127,

239 1880 297 1916 26.
309 1877 424 1914 Mero.
447 1878 502 1914 De
522 1878 665 1914 ratione
686 1877 929 1925 grammatica
949 1887 1087 1914 vocum
1105 1877 1263 1912 humane
1278 1879 1454 1923 quantum
1475 1887 1511 1911 v.
1527 1876 1688 1913 Gramm.

243 1934 306 1970 lat.
331 1938 449 1970 nostr.
470 1937 505 1976 s.
522 1936 602 1978 134,
623 1937 659 1971 2.
679 1937 757 1970 not.
778 1945 811 1969 c.
835 1933 1014 1970 additam.
1035 1935 1069 1970 2.
1090 1944 1127 1979 p.
1146 1934 1228 1970 445.

352 1989 412 2025 Fr.
437 1992 498 2028 77.
547 1988 660 2034 [Cort.
680 2001 719 2036 p.
740 1991 821 2028 957.
872 1989 971 2025 Gerl.
991 1988 1053 2025 ed.
1075 1989 1164 2025 mai.
1184 1988 1228 2033 II,
1247 1990 1284 2027 7.
1304 1988 1366 2024 ed.
1390 1989 1479 2024 min.
1499 1989 1544 2034 11,
1565 1992 1624 2037 31.
1648 2001 1686 2036 p.

240 2047 380 2088 202,·9.
431 2045 543 2081 Debr.
563 2045 608 2090 11,
627 2047 684 2083 27.
712 2045 759 2089 11,
784 2047 843 2084 43.
871 2044 933 2089 ΙΠ,
953 2045 1050 2090 145.]
1106 2044 1286 2080 Arusian.
1312 2056 1349 2081 v.
1369 2050 1517 2089 suetus,
1545 2057 1584 2092 p.
1605 2048 1686 2086 262.

241 2100 348 2136 Lind.
396 2100 558 2149 Cogitari
585 2104 710 2148 potest
735 2100 781 2137 de
800 2102 986 2138 Lusitanis
1012 2105 1122 2148 atque
1143 2101 1321 2148 Hispanis
1350 2113 1419 2149 per
1438 2101 1645 2140 Sertorium
1665 2114 1688 2139 a

242 2157 445 2194 latrociniis
473 2157 523 2194 ad
550 2158 686 2195 iustam
716 2157 870 2195 militiae
899 2157 1137 2205 disciplinam
1158 2157 1360 2203 adductis,
1394 2159 1481 2195 coll.
1498 2159 1686 2195 Plutarch.

243 2213 308 2249 vit.
330 2212 607 2259 Sertor.c.14,
634 2213 687 2250 In.
720 2215 825 2259 (Vol.
848 2214 890 2250 11.
911 2226 950 2262 Ρ.
969 2217 1051 2253 602.
1067 2213 1183 2258 Sint.)
1202 2208 1277 2251 ’Ἐκ
1291 2226 1332 2252 τε
1350 2205 1401 2263 δὴ
1418 2206 1569 2252 τούτων
1587 2215 1689 2251 θαυ-

240 2261 454 2334 μαξάμενος
473 2260 652 2319 ἠγαπᾶτο
671 2261 779 2338 παρὰ
799 2271 881 2316 τοῖς
893 2261 1171 2338 βαρβάροις
1147 2281 1169 2307 o
1194 2264 1415 2335 Σερτώριος
1439 2266 1507 2308 και
1523 2262 1584 2334 ’ᾇτι
1594 2263 1687 2308 Ῥω·

241 2325 398 2387 μαῖκοῐς
425 2317 628 2375 ὁπλισμοῖς
657 2322 725 2363 καὶ
752 2320 882 2374 ταξεσι
909 2321 976 2364 καὶ
1005 2319 1261 2419 συνθήμασιν
1285 2319 1479 2391 ἇφαιρῶν
1498 2318 1542 2364 τὸ
1569 2340 1684 2376 μανι-

241 2371 314 2418 κᾶν
345 2377 413 2418 καὶ
438 2380 643 2447 θηριῶδες
655 2375 787 2420 αὐτῶν
803 2383 872 2433 τῆς
892 2376 1018 2434 ἆλκῆς
1037 2374 1128 2420 ἆντὶ
1150 2381 1360 2436 λῃστηρίου
1377 2376 1550 2434 μεγάλου
1573 2393 1685 2433 στρα-

242 2428 312 2474 τὸν
333 2433 498 2475 ἐποιεῖτο
514 2432 590 2486 τὴν
610 2431 801 2488 δυναμιν,
832 2440 900 2478 sed
924 2452 985 2477 res
1006 2441 1147 2476 incerta
1167 2444 1238 2477 est.

354 2495 414 2531 Fr.
433 2496 493 2534 78
540 2494 682 2540 [Deest.
704 2507 766 2543 ap.
786 2494 897 2543 Cort„
921 2497 1020 2534 Gerl.
1039 2496 1099 2533 ed.
1115 2497 1203 2532 mai.
1225 2500 1262 2532 et
1284 2496 1395 2534 Debr.
1416 2517 1474 2522 —
1499 2496 1597 2533 Gerl.
1622 2497 1685 2533 ed.

242 2551 333 2587 min.
364 2551 409 2595 Π,
430 2553 490 2590 32.
519 2562 556 2597 Ρ.
576 2555 659 2596 202,
680 2552 754 2596 10.]
797 2553 1072 2601 Fragmentum,
1095 2552 1196 2600 quod
1216 2563 1348 2589 recens
1369 2553 1529 2598 accedit,
1550 2553 1684 2589 eodem

240 2608 323 2643 loeo
345 2607 447 2654 apud
467 2607 694 2643 Arusianum
715 2609 869 2655 legitur,
898 2620 971 2656 quo
991 2609 1245 2656 praecedens3
1275 2614 1438 2645 ceterum
1460 2621 1534 2646 non
1562 2611 1684 2646 minus

238 2663 419 2700 incertam
446 2663 579 2711 habet,
602 2667 710 2710 atque
731 2664 834 2709 illud,
865 2664 1166 2713 explicationem.
1224 2665 1278 2701 De
1300 2666 1338 2701 viv
1358 2666 1513 2712 pluralis
1541 2666 1685 2702 numeri

241 2719 394 2756 moltibus
413 2733 452 2757 v.
474 2719 637 2756 Gramm.
658 2720 720 2757 lat.
742 2725 855 2756 nostr.
878 2725 913 2766 s.
935 2725 1015 2766 110,
1039 2726 1073 2760 1.
1099 2726 1174 2757 not.
1196 2725 1232 2760 3.
1255 2733 1295 2769 p.
1315 2725 1387 2760 224
1405 2733 1463 2770 sq.

355 2775 417 2812 Fr.
437 2777 496 2815 79.
544 2774 658 2822 [Cort.
676 2787 715 2824 p.
730 2779 810 2816 936.
828 2798 832 2800 ἡ
859 2777 958 2814 Gerl.
980 2778 1043 2814 ed.
1064 2778 1152 2814 mai.
1178 2778 1206 2823 Ι,
1228 2780 1284 2817 14.
1304 2777 1367 2815 ed.
1389 2779 1480 2814 min.
1501 2778 1543 2821 11,
1563 2780 1622 2816 38.
1642 2788 1682 2825 Ρ.
