1774 3002
493 163 824 204 mSTomARUM
850 162 1149 201 mausum
1175 160 1398 198 ιΝοΕΒΤΑ.
1530 137 1537 142 “
1564 155 1650 201 88³

351 293 421 335 49.
478 289 629 350 Neque
660 291 729 335 est
753 287 952 334 offensus
985 285 1280 333 dominatione
1310 285 1474 332 Sullae.

353 375 422 419 50.
477 372 639 419 Multos
664 374 809 417 tamen
835 370 890 415 ab
913 369 1211 416 adulescentia
1240 369 1382 416 bonos
1412 368 1650 416 insultavit.

352 457 420 501 51.
476 453 685 500 Pactione
718 453 882 500 amisso
909 452 1066 515 Publio
1100 451 1263 512 legato.

352 540 421 585 52.
475 537 814 598 Tyrannumque
848 538 893 583 et
928 534 1109 582 Cinnam
1133 534 1323 581 maxima
1354 549 1468 581 voce
1494 533 1654 594 appel-

217 618 327 664 lans.

330 776 393 813 Fr.
413 779 473 816 49.
492 774 608 825 [Cort.
628 788 668 824 p.
690 781 794 818 1001.
810 777 909 814 Gerl.
936 777 996 813 ed.
1018 777 1107 813 mai.
1135 776 1210 813 Ine.
1230 779 1312 815 114.
1339 774 1399 812 ed.
1422 775 1511 812 min.
1532 774 1569 819 1,
1592 777 1652 814 36.

218 845 256 880 p.
277 835 366 877 185,
386 837 424 872 6.
445 833 555 870 Debr.
577 833 604 878 Ι,
624 837 683 872 55.
703 834 730 879 Ι,
748 832 825 885 62]
843 833 1010 870 Donatus
1026 832 1077 869 ad
1096 832 1182 869 Ter.
1201 833 1350 870 Phorm.
1369 831 1414 876 ΙΙ,
1432 835 1468 877 3,
1483 833 1542 869 24.
1558 830 1655 869 haee

217 891 336 926 verba
354 890 405 926 ita
427 888 574 933 laudat,
597 894 635 926 ut
653 896 835 936 appareat
860 900 906 926 ea
934 890 1067 938 paucis
1095 893 1234 927 tantum
1264 888 1466 926 interiectis
1494 899 1518 923 a
1545 897 1657 934 supe-

216 947 317 982 riore
330 945 553 992 Fragmento
570 945 756 983 disiuncta
777 947 907 991 ruisse,
927 945 976 982 ad
990 945 1226 992 eundemque
1240 944 1429 981 hominem
1446 948 1655 991 spectasse.

218 1003 290 1038 Pro
305 1002 592 1048 dominationem,
607 1002 708 1051 quod
723 1003 858 1040 vitiose
874 1002 976 1049 apud
992 1002 1174 1038 Donatum
1185 1002 1333 1049 legitur,
1342 1000 1564 1038 Gerlaehius
1576 1004 1657 1036 tan-

219 1057 359 1095 demin
376 1057 438 1095 ed.
463 1058 554 1095 min.
573 1063 674 1095 reete
702 1060 853 1106 scripsit
878 1060 1138 1105 dominatione,
1172 1069 1286 1105 quum
1313 1058 1398 1094 Vol.
1426 1057 1489 1093 111.
1513 1068 1552 1104 p.
1575 1058 1656 1096 134.

217 1113 517 1162 perversissimis
533 1115 740 1162 quibusque
756 1115 804 1151 de
819 1115 1080 1154 constituenda
1097 1115 1256 1151 lectione
1271 1113 1426 1161 prolatis
1446 1114 1567 1150 solam
1585 1112 1657 1150 De-

217 1170 355 1208 brossii
369 1170 622 1209 coniecturam
636 1181 754 1219 neque
766 1176 821 1209 est
834 1171 1002 1219 defessus
1021 1172 1298 1210 dominat-‘onem
1311 1169 1417 1207 Sulla
1436 1171 1524 1206 terri
1538 1180 1655 1216 posse

217 1227 518 1275 pronunciasset.
549 1227 603 1265 De
623 1239 696 1274 quo
718 1229 888 1275 loquatur
903 1226 1118 1271 Sallustius,
1144 1227 1256 1263 valde
1275 1228 1475 1271 incertum;
1496 1227 1655 1263 sortasse

217 1283 433 1330 perstringit
451 1283 689 1330 Pompeium,
710 1285 773 1331 qui
793 1284 994 1321 immodica
1012 1274 1200 1331 potentiae
1221 1283 1421 1330 cupiditate
1443 1283 1654 1329 exagitatus

218 1349 350 1385 parem
368 1339 556 1376 neminem
574 1341 674 1376 serre
692 1342 854 1385 volebat,
875 1351 1098 1388 quamquam
1118 1340 1206 1376 olim
1218 1338 1345 1376 Sullae
1366 1338 1654 1375 dominationem

221 1405 342 1441 neque
363 1395 468 1441 queri
487 1406 603 1432 ausus
625 1400 724 1440 erat,
743 1407 864 1443 neque
884 1408 932 1435 ea
952 1397 1073 1433 suerat
1090 1395 1276 1433 offensus.

332 1451 393 1487 Fr.
413 1454 471 1490 50.
493 1449 610 1500 [Cort.
630 1464 670 1499 p.
691 1456 795 1492 1006.
812 1453 912 1490 Gerl.
930 1452 991 1489 ed.
1016 1452 1104 1490 mai.
1123 1452 1199 1488 Ine.
1221 1454 1282 1490 87.
1299 1451 1363 1489 ed.
1387 1453 1475 1488 min.
1496 1452 1524 1496 Ι,
1542 1410 1601 1490 45
1616 1463 1654 1498 p-

223 1510 311 1551 190,
328 1510 366 1545 2.
385 1507 498 1545 Debr.
519 1508 557 1553 1,
577 1509 652 1553 65.]
672 1509 804 1546 Donat.
827 1509 876 1546 ad
896 1509 981 1545 Ter.
1001 1509 1097 1545 Eun.
1116 1508 1167 1552 ΙΙ,
1195 1512 1238 1553 2,
1260 1512 1321 1547 54.
1352 1511 1470 1546 verba
1496 1509 1551 1545 sic
1579 1510 1657 1545 lau-

223 1563 307 1607 dat,
327 1568 367 1599 ut
385 1563 585 1601 edidimus.
606 1564 716 1603 Serv.
730 1565 781 1601 ad
800 1566 905 1612 Virg.
926 1565 1023 1602 Aen.
1051 1564 1122 1610 IX,
1144 1567 1225 1604 634.
1248 1566 1376 1602 multos
1395 1577 1420 1601 a
1438 1565 1657 1612 pueritia

223 1619 258 1655 b.
284 1620 563 1655 insultaverat.
597 1621 699 1659 Idem
719 1621 839 1666 mix,
858 1623 942 1660 643.
961 1621 1062 1658 mult.
1077 1621 1124 1657 ab
1142 1621 1301 1660 adolesc.
1320 1621 1354 1656 b.
1373 1622 1655 1664 insultaverat,

223 1686 320 1722 quae
339 1675 615 1722 discrepantiae
633 1677 720 1716 inde
739 1678 965 1724 repetendae
986 1681 1090 1722 sunt,
1112 1676 1214 1724 quod
1234 1679 1358 1714 locum
1372 1678 1585 1717 memoriter
1605 1681 1658 1713 at-

222 1731 315 1769 tulit.
349 1731 486 1769 Tamen
502 1734 684 1778 particula
702 1745 725 1770 a
751 1733 885 1772 Servio
908 1734 1006 1771 male
1032 1734 1174 1771 omissa
1194 1734 1357 1771 ostendit
1374 1734 1469 1771 haee
1498 1733 1546 1771 de
1574 1734 1657 1772 viro

225 1787 325 1824 dieta
347 1799 453 1832 esse,
475 1799 586 1835 quem
606 1790 706 1827 lama
732 1791 924 1826 meliorem
949 1790 1181 1834 celebrabat,
1210 1801 1321 1837 quam
1353 1801 1394 1826 re
1422 1801 1515 1826 vera
1542 1794 1656 1826 esset.

223 1843 318 1878 Eum
338 1854 424 1880 esse
443 1845 659 1890 Pompeium
678 1850 717 1881 ut
740 1846 988 1882 demonstrari
1015 1846 1157 1892 nequjt,
1187 1846 1239 1882 ita
1261 1857 1336 1882 non
1354 1846 1502 1883 videtur
1521 1847 1658 1893 impro-

226 1899 369 1943 babile;
389 1900 438 1934 cs.
459 1899 661 1937 Drumanni
679 1901 773 1938 Hist.
794 1900 904 1937 Rom.
928 1901 1011 1937 Vol.
1037 1901 1101 1937 IV.
1121 1912 1161 1947 p.
1180 1904 1405 1940 543—546.

338 1955 402 1990 Fr.
422 1958 482 1992 51.
504 1953 619 2003 [Cor-t.
646 1968 687 2003 p.
715 1960 817 1995 1005.
839 1956 937 1993 Gerl.
961 1957 1020 1992 ed.
1044 1957 1132 1994 mai.
1150 1958 1225 1995 Ine.
1246 1960 1306 1999 71.
1325 1958 1388 1995 ed.
1407 1959 1498 1997 min.
1522 1959 1600 1995 Ine.
1619 1962 1658 1999 3.

227 2021 267 2056 p.
290 2011 380 2054 237,
401 2013 438 2048 3.
453 2010 564 2047 Debr.
578 2012 634 2056 V,
652 2010 705 2060 2.]
726 2013 858 2050 Donat.
879 2013 931 2050 ad
949 2012 1033 2051 Ter.
1052 2013 1200 2050 Phorm.
1222 2014 1258 2058 I,
1279 2018 1315 2059 2,
1334 2018 1393 2053 91.
1424 2014 1592 2052 Publium
1610 2017 1658 2053 le-

226 2069 350 2113 qutun·
379 2076 466 2103 esse
497 2065 687 2112 Clodium,
712 2070 775 2115 qui
801 2069 954 2105 Lucullo
982 2070 1128 2116 legatus
1158 2074 1257 2115 erat,
1277 2070 1435 2107 dubitari
1456 2072 1603 2118 nequit,
1622 2076 1659 2108 et

230 2123 303 2158 iam
326 2121 421 2158 vidit
434 2122 670 2161 Debrossius.
686 2125 858 2171 Imperite
878 2125 989 2172 igitur
1009 2125 1229 2162 Gerlaehius
1252 2127 1290 2163 in
1308 2130 1464 2174 utraque
1483 2128 1548 2165 ed.
1568 2130 1659 2165 seri·

228 2178 302 2224 psit
315 2177 477 2215 Publica.
491 2179 633 2217 Annaeo
651 2180 816 2217 Donatus
837 2182 863 2217 l.
884 2182 908 2217 l.
932 2182 1192 2228 interpretatur
1204 2183 1351 2221 dimisso
1358 2199 1371 2225 ,·
1387 2185 1539 2231 proprie
1558 2187 1656 2222 enim

229 2235 393 2271 annuere
410 2235 549 2280 pariter
568 2240 607 2272 ut
626 2237 797 2284 ablegare
816 2239 923 2284 quasi
949 2242 1007 2274 est
1033 2249 1058 2273 a
1086 2247 1127 2274 se
1147 2239 1306 2284 minere,
1335 2251 1360 2277 α
1379 2241 1657 2287 praepositione

230 2291 472 2328 remotionem
492 2292 539 2328 ab
568 2293 691 2340 aliquo
725 2294 832 2339 loeo,
859 2294 922 2330 vel
946 2304 1008 2337 re,
1039 2294 1102 2331 vel
1130 2305 1296 2340 persona
1329 2296 1575 2344 designante,
1563 2309 1574 2317 ·
1607 2299 1655 2335 es.

229 2345 428 2382 Ruhnken.
447 2346 498 2382 ad
517 2347 602 2383 Ter.
625 2349 741 2386 Andr.
762 2349 818 2394 V,
837 2353 880 2394 3,
900 2351 958 2389 27.
988 2349 1041 2386 De
1055 2351 1229 2397 pactione
1250 2363 1327 2390 non
1339 2358 1497 2392 constat.

340 2401 400 2438 Fr.
420 2405 479 2439 52.
507 2402 622 2448 [Cort.
642 2417 681 2452 p.
703 2409 806 2444 1004.
830 2406 927 2442 Gerl.
948 2405 1010 2442 ed.
1030 2406 1118 2443 mai.
1138 2406 1215 2443 Ine.
1229 2412 1288 2447 56.
1309 2409 1369 2446 ed.
1387 2410 1476 2447 min.
1495 2410 1522 2454 I,
1542 2413 1602 2449 18.
1618 2421 1658 2457 p-

229 2459 318 2501 184,
336 2460 373 2496 8.
397 2456 507 2495 Debr.
534 2459 571 2505 1,
596 2465 656 2499 25.
677 2462 715 2504 Ι,
734 2462 808 2506 94.]
829 2461 938 2499 Serv.
961 2462 1011 2498 ad
1032 2462 1138 2509 Virg.
1162 2462 1260 2502 Aen.
1279 2466 1342 2511 IV,
1366 2469 1448 2506 214.
1483 2466 1588 2504 Idem
1608 2466 1658 2502 ad

230 2513 267 2556 I,
290 2517 327 2551 5.
349 2515 601 2552 tantummodo
620 2517 733 2554 habet
748 2521 1019 2566 tyrannumque
1036 2522 1072 2555 el
1090 2518 1263 2560 emnam
1253 2523 1550 2559 ·-Vietorinus
1565 2533 1657 2559 vero

231 2568 280 2604 ad
301 2567 377 2606 Cic.
399 2568 446 2607 de
466 2569 610 2609 Invent.
628 2573 657 2610 Ι.
676 2584 714 2619 p.
735 2576 793 2612 70
815 2573 926 2611 Orell.
947 2578 1217 2622 tyrannumque
1240 2581 1275 2613 et
1293 2578 1446 2615 &unam
1464 2579 1658 2626 appellan-

229 2618 315 2667 ies,
340 2624 679 2671 quemadmodum
671 2640 708 2665 ιιι
725 2628 815 2665 Sall.
841 2629 930 2666 edd.
947 2631 1118 2666 omnibus
1140 2635 1210 2666 est.
1240 2632 1318 2670 Sed
1333 2634 1457 2672 Servii
1475 2635 1656 2681 potiorem

227 2690 317 2716 esse
337 2681 609 2728 auctoritatem,
628 2688 704 2722 tum
724 2696 772 2720 ex
789 2686 955 2731 pleniore
973 2685 1186 2732 fragmenti
1202 2687 1319 2726 torma
1337 2691 1564 2737 intelligitur,
1582 2695 1657 2726 tum

231 2744 281 2772 ex
299 2747 366 2780 eo,
390 2735 492 2783 quod
510 2737 605 2779 haee
625 2739 841 2787 praemittit:
863 2742 1095 2789 „probi-osis,
1114 2753 1188 2780 non
1201 2743 1348 2783 lenibus
1365 2746 1489 2784 verbis
1511 2749 1657 2783 veteres
