1774 3002
485 133 814 173 HISTORIARUM
842 134 1154 173 FRAGMENTA.
1204 136 1291 173 LIB.
1320 137 1382 173 ΠΙ.
1567 132 1650 177 195

205 256 372 303 scentia
392 257 524 304 ductu
549 271 647 303 meo
673 258 987 305 scelestissumi
1016 259 1169 305 hostes
1196 259 1306 314 fusi,
1337 262 1380 305 et
1407 260 1534 305 vobis
1564 275 1645 306 sa-

204 338 275 385 lus
304 339 502 401 quaesita
526 343 615 396 est,
648 339 752 387 nihil
781 341 969 401 amplius
991 342 1035 388 in
1061 343 1285 389 absentem
1309 358 1378 389 me
1403 343 1642 389 statuisse-

203 476 291 522 quin
326 477 508 523 epistolae
537 489 559 514 a
589 477 764 515 Sallustio
799 477 985 515 exhibitae
1014 483 1271 526 argumentum
1297 481 1408 526 plane
1432 492 1516 516 cum
1546 482 1639 528 ipsis

201 532 366 578 Pompeii
386 533 514 570 litteris
542 538 727 582 congruat
748 535 814 579 (cs.
844 535 1045 572 Drumanni
1067 535 1160 571 Hist.
1184 536 1289 572 Rom.
1313 537 1396 572 Vol.
1418 537 1482 572 IV.
1509 548 1547 584 p.
1570 542 1637 577 361

200 589 288 634 sq.),
315 592 436 631 tamen
455 592 572 627 verba
596 595 704 638 atque
727 591 905 629 universa
924 592 1101 628 orationis
1125 592 1244 628 forma
1268 594 1437 630 consulto
1466 594 1514 630 ita
1537 606 1637 631 com-

198 647 328 690 parata
357 650 463 690 sunt,
500 651 538 682 ut
560 651 739 694 appareat
767 652 955 683 auctorem
984 648 1080 684 hane
1112 649 1307 695 epistolam
1338 651 1573 697 arrogantiae
1602 656 1637 687 et

198 691 315 736 fastus
342 701 531 749 Pompeii.
562 713 673 750 quem
703 702 852 747 oderat,
890 704 1038 750 insigne
1061 703 1324 740 documentum
1345 711 1497 742 exstare
1534 709 1636 744 volu-

197 756 287 792 isse.
346 757 439 793 Nam
470 769 581 806 quum
615 760 676 795 ille
710 760 889 796 exercitui
922 761 1151 807 reipublicae
1179 767 1373 808 praeesset
1403 767 1437 798 et
1465 774 1533 810 pro
1567 776 1636 811 po-

195 813 273 858 puli
302 814 445 850 romani
467 815 622 862 imperio
642 816 779 851 bellum
795 821 965 862 gereret,
986 827 1054 863 per
1083 821 1195 853 totam
1215 818 1411 864 epistolam
1433 830 1474 855 se
1508 824 1544 856 ut
1566 821 1634 857 do-

194 869 334 905 minum
362 871 456 917 gerit
479 872 717 918 reipublicae,
747 883 816 908 sua
839 873 877 908 in
898 883 1012 920 remp.
1038 874 1168 910 merita
1196 885 1311 921 supra
1335 874 1487 912 modum
1510 881 1634 924 auget,

195 923 391 962 Hannibali
413 938 454 963 se
476 929 659 974 praefert,
691 929 867 965 victorias
901 940 990 966 suas
1016 930 1054 965 in
1077 931 1223 966 coelum
1243 931 1363 976 elsert,
1387 931 1435 968 de
1454 934 1634 969 universo

193 981 292 1017 bello
307 993 352 1018 ac
375 982 424 1018 de
439 984 606 1020 exercitu
625 989 663 1021 ut
687 996 755 1020 suo
777 985 948 1032 loquitur,
968 990 1159 1032 postremo
1181 987 1329 1023 senatui
1347 987 1450 1024 haud
1472 990 1634 1026 obscure

191 1036 365 1082 minatur,
381 1039 453 1075 nisi
475 1040 672 1086 pecuniam
693 1041 820 1085 mittat,
851 1053 936 1079 curn
956 1043 1123 1079 exercitu
1145 1044 1279 1079 infesto
1301 1055 1343 1080 se
1368 1044 1524 1081 Romam
1545 1057 1634 1082 ven·

190 1096 327 1129 turum.
384 1095 488 1140 Quae
508 1097 624 1132 oratio
652 1097 735 1133 talis
761 1102 840 1142 est,
868 1102 906 1134 ut
935 1098 1056 1135 cuivis
1084 1103 1208 1146 pateat
1230 1110 1353 1147 neque
1384 1106 1492 1138 antea
1517 1103 1631 1139 ullum

190 1147 448 1196 imperatorem
471 1152 522 1188 ita
542 1153 641 1200 loqui
662 1164 794 1190 ausum
814 1165 912 1199 esse,
932 1155 1193 1202 etPompeium
1210 1157 1282 1193 iam
1298 1161 1373 1193 tum
1391 1169 1458 1194 eos
1477 1160 1631 1206 spiritus

189 1206 411 1253 sumpsisse,
438 1209 572 1254 quibus
591 1220 659 1256 per
688 1211 863 1246 relicuasn
884 1211 997 1247 vitam
1020 1212 1248 1258 reipublicae
1266 1213 1470 1251 insultavit.

301 1264 335 1304 S.
360 1268 391 1301 1.
406 1266 574 1311 pennus)
602 1266 702 1302 Haec
721 1267 926 1303 accusativi
947 1267 1064 1303 torma
1080 1269 1117 1304 in
1137 1269 1221 1305 Vat-
1245 1274 1275 1307 l.
1294 1274 1330 1308 2.
1351 1275 1491 1316 exstat3
1514 1273 1628 1320 vulgo

180 1321 338 1363 penales
365 1319 508 1366 editur3
529 1321 575 1359 cl'.
596 1322 646 1358 ad
667 1321 769 1359 Catil.
783 1323 814 1368 1,
832 1328 864 1360 1.
895 1344 952 1351 -
980 1325 1050 1360 Pro
1071 1328 1136 1360 tot
1152 1325 1307 1370 labores,
1330 1327 1431 1373 quod
1451 1329 1488 1364 in
1513 1329 1627 1365 codd.

187 1377 256 1417 est,
287 1373 374 1411 inde
399 1377 445 1412 ab
464 1377 599 1413 Ursino
629 1379 795 1415 nonnulli
815 1378 979 1416 editores
1008 1381 1240 1427 scripserunt
1268 1385 1441 1420 totiens
1469 1385 1626 1429 labores,

186 1430 364 1466 orationis
393 1433 663 1480 exaequandae
694 1446 853 1480 caussa,
882 1447 956 1482 quo
989 1447 1064 1472 non
1084 1442 1141 1473 est
1161 1449 1269 1484 opus,
1303 1450 1416 1486 quum
1436 1440 1626 1478 adiectivo

185 1487 398 1531 quantitatis
419 1488 638 1526 adverbium
662 1491 834 1527 eiusdem
854 1493 1015 1528 notionis
1035 1498 1136 1529 reete
1155 1495 1403 1541 respondeat;
1424 1498 1472 1533 cl'.
1495 1497 1572 1534 Cic.
1588 1510 1626 1545 p.

184 1540 291 1578 Balb.
314 1546 374 1588 20,
394 1542 470 1583 47.'
513 1545 551 1582 0.
570 1545 718 1584 Marius
737 1549 772 1584 si
788 1549 1076 1585 totcomulibus
1106 1553 1308 1597 meruisset,
1331 1555 1522 1599 quoties
1545 1556 1627 1602 ipse

183 1599 312 1634 consul
330 1598 475 1646 suisset.
534 1603 614 1638 Liv.
633 1603 677 1648 II,
702 1607 759 1648 13,
785 1608 819 1642 2.
882 1605 981 1642 Adeo
1002 1610 1164 1642 moverat
1183 1606 1415 1644 Porsennam
1437 1610 1625 1647 subetmda

181 1653 360 1691 άὺιιίεαιίο
377 1658 526 1703 toties,
547 1663 659 1705 quot
675 1661 859 1696 coniurati
866 1666 1113 1709 superessent,
1125 1667 1165 1699 ut
1178 1665 1290 1710 pacis
1298 1665 1519 1704 conditiones
1528 1668 1624 1709 ultro

177 1708 509 1756 fmetffRomanis.
537 1734 594 1740 —
620 1715 756 1752 Verbis
782 1728 806 1752 ιι
826 1718 955 1764 prima
983 1718 1228 1755 adulescentia
1257 1721 1456 1768 Pompeius
1479 1725 1622 1759 senatui

180 1775 256 1801 non
275 1767 356 1803 sine
374 1768 535 1815 quadam
557 1771 756 1808 insolentia
778 1773 816 1808 in
836 1775 1054 1810 memoriam
1076 1780 1240 1821 revocat,
1271 1778 1373 1824 quod
1402 1779 1623 1816 adolescen-

179 1822 278 1858 tulus
309 1824 418 1860 trium
445 1829 481 1860 et
508 1827 638 1874 viginti
673 1839 854 1864 annorum
886 1834 959 1866 tres
994 1831 1164 1877 legiones
1197 1844 1266 1868 suo
1299 1838 1447 1881 sumptu
1469 1840 1620 1882 paratas

179 1875 306 1913 Sullae
318 1879 526 1917 adduxerat
536 1884 592 1927 (v.
603 1883 788 1921 Plutarch.
811 1885 847 1919 in
867 1886 996 1933 Pomp.
1017 1889 1094 1931 αθ,
1117 1887 1249 1932 med.),
1267 1900 1310 1924 ae
1333 1890 1513 1938 deinceps
1534 1903 1619 1928 cum

179 1934 350 1970 omnibus
372 1936 453 1971 eius
481 1937 709 1974 adversariis
739 1939 971 1976 conflixerat.
1015 1963 1071 1968 —
1107 1942 1372 1980 Scelestsssumi
1394 1946 1514 1983 hostes
1535 1952 1620 1983 sunt

179 1986 298 2024 duces
316 1989 566 2028 Marianarum
586 1995 744 2040 partium
763 1994 948 2040 Carrinas,
965 1996 1130 2043 Clodius,
1151 1999 1300 2044 Brutus,
1321 2000 1461 2049 Scipio,
1482 2003 1616 2048 Carbo,

178 2041 378 2090 Domitius,
405 2046 612 2094 Perperna,
648 2050 833 2096 Lepidus,
870 2052 917 2088 de
953 2053 1086 2099 quibus
1106 2067 1143 2091 v.
1162 2055 1348 2093 Plutarch.
1372 2058 1409 2094 in
1430 2060 1561 2106 Pomp.
1581 2072 1615 2096 c.

175 2098 315 2139 7-416.
342 2120 398 2126 —
425 2101 534 2146 Quod
555 2106 673 2141 oratio
697 2106 734 2141 in
760 2107 916 2144 relativa
936 2111 1195 2158 enunciatione
1222 2113 1259 2148 in
1278 2115 1473 2159 passivum
1498 2120 1612 2152 trans-

176 2154 223 2197 it,
256 2166 331 2191 non
351 2158 579 2206 negligentia
602 2161 751 2207 sactum,
772 2163 841 2199 sed
865 2174 888 2199 a
911 2165 1084 2202 simulata
1104 2167 1287 2204 modestia
1304 2171 1525 2217 profectum,
1554 2173 1612 2216 iis,

108 2218 113 2224 ·
175 2220 271 2255 quae
281 2212 482 2259 Pompeius
502 2220 631 2263 aperte
653 2228 694 2253 se
715 2219 852 2255 secisse
875 2220 1072 2267 significat,
1099 2224 1315 2270 simpliciter
1335 2231 1372 2262 ut
1390 2228 1499 2264 factis
1514 2240 1613 2264 com-

176 2268 403 2304 memoratis.
434 2289 492 2297 —·
523 2271 707 2318 Ωιιαωίια,
733 2275 757 2310 i.
779 2286 821 2311 e.
843 2281 994 2322 parata;
1025 2288 1063 2313 v.
1089 2278 1184 2324 adl,
1205 2284 1265 2326 45,
1285 2285 1346 2319 22.
1382 2304 1440 2310 —
1477 2284 1612 2321 Contra

174 2326 340 2369 aetatem,
366 2325 388 2362 i.
409 2336 440 2360 e.
468 2331 599 2372 aetate,
621 2340 716 2376 quae
736 2332 851 2378 vulgo
873 2333 982 2370 tantis
1003 2336 1164 2381 negotiis
1187 2337 1314 2384 ‚impar
1332 2338 1500 2385 habetur,
1521 2352 1611 2387 qua-

174 2387 246 2422 que
262 2379 324 2415 alii
348 2380 414 2417 vix
436 2381 486 2418 ad
506 2386 771 2431 rempublicam
791 2388 974 2425 accedere
996 2391 1137 2436 solent;
1159 2393 1384 2431 tricesimum
1407 2397 1505 2432 enim
1521 2407 1610 2443 age-

174 2433 234 2468 bat
254 2445 390 2472 annum
410 2437 630 2486 Pompeius,
651 2452 763 2488 quum
787 2454 822 2480 a.
845 2445 903 2483 77.
923 2457 959 2482 a.
985 2445 1072 2483 Chr.
1093 2459 1130 2484 n.
1157 2449 1195 2484 in
1215 2449 1433 2496 Hispaniam
1459 2453 1541 2488 iret.
1554 2473 1609 2478 —

175 2488 256 2525 Non
279 2492 433 2528 missum
456 2504 497 2529 se
513 2522 522 2538 ,
552 2495 621 2531 sed
641 2499 845 2543 proiectum
864 2501 917 2537 ad
942 2502 1071 2539 bellum
1092 2506 1352 2542 εαευιζςειιηιαηι
1373 2519 1486 2554 quum
1506 2508 1606 2552 dicit,

122 2595 125 2597 -
172 2554 217 2579 eo
247 2547 461 2584 criminatur
485 2555 653 2589 senatum
675 2555 811 2591 nullam
840 2567 968 2593 curam
990 2559 1059 2595 sibi
1092 2564 1200 2606 atque
1232 2561 1318 2597 huie
1347 2565 1444 2600 bello
1466 2565 1606 2611 impen-

173 2599 296 2646 disse;
318 2614 403 2639 nam
421 2607 560 2651 proiit-i
578 2607 760 2654 dicuntur,
781 2622 877 2658 quae
899 2615 1068 2660 neglecta
1092 2620 1266 2662 tanquam
1293 2629 1355 2654 res
1385 2620 1478 2656 viles
1500 2621 1604 2656 casui

171 2660 206 2690 et
226 2659 401 2703 periculis
431 2668 685 2709 exponuntur;
716 2667 764 2702 cs.
794 2668 875 2703 Liv.
894 2669 1007 2714 XXII,
1034 2673 1092 2715 44,
1114 2674 1149 2710 7.
1206 2672 1251 2708 Si
1265 2675 1605 2722 quidproa'ectis

170 2721 216 2746 ac
235 2715 395 2759 proditis
413 2717 470 2772 ad-
488 2714 725 2757 mcbnsullam
749 2726 855 2769 atque
875 2725 1114 2771 improvidam
1139 2739 1304 2775 pugnam
1322 2731 1520 2777 leyionibus
1541 2742 1603 2766 ac-

1273 2793 1324 2832 13
1340 2794 1359 2816 *
