1774 3002
475 167 803 206 HISTORIARUM
830 166 1129 204 FRAGMENTA
1162 167 1250 203 LIB.
1271 167 1332 202 111.
1554 159 1636 201 199

197 294 276 349 tis,
307 295 352 338 et
390 291 574 352 primum
608 291 814 351 impetum
848 290 1015 336 Sertori
1038 289 1229 336 -victoris
1265 288 1393 335 novis
1429 288 1634 333 militibus

198 380 243 421 et
280 375 417 420 multo
453 374 731 435 paucioribus
763 373 972 428 sustinui,
1018 372 1290 434 hiememque
1327 370 1483 416 castris
1525 371 1636 416 inter

200 458 501 504 saevissumos
528 456 687 512 bostis,
725 470 812 501 non
842 457 922 515 pei*
947 456 1110 515 oppida
1138 471 1279 517 neque
1311 470 1368 501 ex
1403 454 1635 500 ambitione

163 554 186 589 6
201 555 297 586 mea
321 541 407 601 egi.
438 540 550 596 Quid
573 540 671 585 dein
701 538 868 599 proelia
885 542 961 584 aut
980 536 1281 599 expeditiones
1305 536 1521 593 hibernas,
1548 552 1636 597 op-

196 624 299 684 pida
322 623 471 670 excisa
496 625 571 668 aut
594 625 769 683 recepta
795 622 1076 668 enumerem?
1099 620 1275 683 quando
1301 634 1372 665 res
1391 620 1492 679 plus
1519 619 1637 666 valet

197 776 356 813 molliter
375 775 560 820 nimisque
581 773 780 809 liberaliter
799 773 971 817 habente,
994 778 1032 809 ut
1056 774 1145 810 Sall.
1169 772 1215 808 de
1239 770 1342 807 Sulla
1363 770 1535 817 loquitur,
1559 770 1635 807 Cat.

199 844 232 867 c.
253 831 315 875 XI,
343 835 380 869 5.
412 831 526 866 Multo
549 829 684 865 rectius
712 830 831 865 Faber
852 829 1087 865 ambitionem
1109 828 1278 875 intelligit
1303 838 1406 870 eam,
1437 838 1532 873 quae
1554 839 1638 873 per-

198 888 336 923 tinebat
361 887 409 923 ad
429 885 650 922 obtinendos
671 896 692 920 a
719 886 1010 932 provincialibus
1042 886 1206 921 honores
1233 889 1268 918 et
1296 884 1401 919 varia
1430 882 1637 919 officiorum

198 954 360 991 genera,
395 943 529 990 quibus
559 942 632 978 coli
661 942 877 988 gaudebant
903 943 1178 988 provinciarum
1209 940 1388 987 praefecti
1419 943 1455 974 et
1481 940 1639 986 impera·

198 1004 299 1036 tores
311 1010 322 1044 ;
347 1000 396 1035 cs.
418 998 646 1045 Tac.Agric.
669 1009 701 1035 c.
723 1002 779 1036 18.
819 999 1012 1046 Αρνίεοῑαε
1031 998 1248 1046 inyredienti
1262 997 1505 1043 provinciam,
1521 998 1641 1043 quod

199 1060 377 1102 tempus
397 1055 590 1101 aliiper
620 1056 982 1091 ostentationem
1011 1060 1092 1091 aut
1116 1054 1401 1101 officiorum
1425 1052 1639 1089 ambitum

198 1113 497 1159 transigunt,
518 1110 622 1147 labor
645 1114 680 1146 et
695 1112 902 1158 periculam
919 1112 1080 1158 placuit.-
1110 1111 1158 1147 ad
1180 1121 1287 1157 quem
1310 1110 1430 1144 locum
1442 1109 1638 1146 Walehius

199 1169 431 1214 comparavit
450 1166 534 1214 Dig.
557 1166 604 1202 de
624 1166 810 1204 offiProe.
832 1172 867 1203 et
891 1169 1002 1215 legati
1015 1169 1079 1203 IV.
1099 1171 1179 1210 S.3.
1220 1167 1420 1213 Antequam
1439 1166 1534 1212 fines
1544 1178 1636 1212 pro*

199 1225 337 1260 nme-*ae
357 1225 526 1260 decretae
547 1223 617 1259 sibi
625 1225 832 1270 proconsul
852 1225 1042 1271 inyressus
1059 1226 1115 1268 sit,
1136 1225 1292 1261 edietum
1316 1222 1419 1258 debet
1437 1224 1576 1258 mittere
1595 1224 1640 1258 de

199 1281 355 1317 adventu
381 1290 460 1323 suo,
479 1281 665 1315 continens
685 1281 1027 1317 commendationem
1046 1282 1205 1327 aliquam
1226 1281 1294 1323 sui,
1322 1282 1356 1314 et
1376 1281 1536 1314 maxime
1565 1289 1637 1315 ea:-

199 1338 431 1382 cusantis,
465 1346 520 1372 ne
542 1336 753 1383 publice,
783 1339 1080 1383 neprivatim
1099 1338 1142 1372 ei
1159 1339 1436 1372 occurrant.
1498 1335 1640 1371 Similia

199 1398 309 1439 atque
331 1393 529 1439 Pompeius
559 1392 606 1427 de
627 1403 667 1428 se
687 1393 882 1439 praedicat
904 1392 940 1429 C.
966 1393 1156 1429 Gracchus
1179 1391 1279 1439 apud
1299 1391 1456 1426 Gellium
1476 1391 1558 1435 XV,
1581 1396 1638 1430 12.

208 1450 382 1485 Versatus
399 1458 481 1484 sum
499 1442 536 1484 in
552 1450 756 1495 provincia,
781 1449 956 1495 quomodo
975 1459 1026 1486 ex
1047 1459 1116 1485 usu
1139 1454 1257 1486 vestro
1277 1448 1529 1483 existimabam
1548 1458 1640 1493 esse,

201 1517 273 1547 non
296 1506 471 1552 quomodo
491 1504 738 1541 ambitioni
753 1515 878 1541 meae
906 1506 1180 1542 conducere
1194 1503 1421 1541 arbitrabar.
1469 1503 1640 1540 Ceterum

200 1563 400 1608 Pompeius
420 1561 546 1597 verbis
567 1571 640 1597 non
647 1571 723 1608 per
741 1563 878 1609 oppida
897 1582 954 1587 —-
972 1563 1030 1608 eyi
1048 1562 1196 1608 oblique
1218 1562 1336 1607 carpit
1355 1561 1555 1604 Metellum,
1577 1562 1640 1608 qui

200 1629 269 1665 per
290 1617 431 1665 oppida
446 1618 549 1654 luxui
570 1621 606 1652 et
627 1618 816 1654 ambitioni
842 1618 1079 1664 indulgebat3
1103 1630 1139 1654 v.
1160 1618 1361 1661 Fr.11‚29.

309 1677 347 1716 §—
358 1677 398 1712 6
414 1674 578 1721 quando)
599 1673 651 1710 De
674 1675 710 1709 vi
731 1675 894 1710 caussali
915 1675 1027 1710 huius
1049 1675 1253 1721 particulae
1276 1687 1312 1711 v.
1339 1672 1388 1708 ad
1409 1673 1487 1720 [ug.
1510 1685 1543 1709 c.
1567 1673 1639 1717 CIl,

198 1733 234 1769 9.
258 1742 296 1777 p.
306 1734 389 1768 551.
406 1734 443 1766 et
463 1731 623 1766 Gramm.
646 1731 709 1766 lat.
731 1735 846 1766 nostr.
870 1735 906 1773 §.
918 1734 986 1769 148
1013 1742 1050 1777 p.
1068 1734 1138 1769 516
1159 1742 1214 1777 sq.
1235 1754 1292 1758 —
1310 1729 1363 1765 De
1385 1741 1512 1776 pugna
1538 1730 1643 1776 apud

202 1786 404 1823 Sucronem
427 1798 465 1823 v.
486 1786 648 1833 Appian.
670 1786 713 1823 B.
736 1786 775 1822 C.
801 1787 828 1851 13
852 1791 932 1825 110.
985 1777 1226 1851 Ἀρχομένσυ
1246 1777 1281 1822 δ’
1283 1797 1376 1835 ηρος
1396 1787 1502 1830 (anni
1525 1788 1581 1823 75.
1604 1797 1638 1821 a.

203 1841 290 1878 Chr.
310 1853 348 1878 n.
350 1843 373 1885 )
387 1835 556 1891 ἐπῄεσαν
570 1835 754 1890 α’λλήλοις
781 1837 852 1889 μὲν
879 1838 947 1879 καὶ
964 1836 1172 1890 Πομπήϊος
1203 1833 1281 1879 ἀπὸ
1300 1841 1379 1878 τῶν
1398 1838 1642 1890 Πυρηναίων

201 1887 319 1945 ὀρῶν,
339 1893 442 1934 ἔνθα
459 1894 707 1945 διεχείμαζον,
738 1891 956 1959 Σερτωριος
976 1894 1018 1934 δὲ
1038 1895 1106 1934 καὶ
1130 1895 1366 1962 Περπέννας
1392 1893 1435 1933 ἐκ
1464 1898 1639 1933 Λυσιτα-

202 1951 307 1999 νίας,
337 1949 406 1989 καὶ
429 1946 722 2001 συμβάλλουσιν
743 1944 925 2002 ἀλλήλοις
954 1965 1043 2002 περι
1068 1947 1206 2000 πόλιν,
1236 1942 1262 2004 ᾗ
1283 1947 1407 2001 ὄνομα
1435 1946 1640 2002 Σούκρων.

206 2009 389 2044 Plutarch.
411 2009 450 2044 in
469 2008 564 2046 sert.
586 2020 618 2044 e.
643 2013 698 2048 19.
709 2013 767 2047 20.
789 2010 818 2045 F
822 2011 888 2047 lor
907 2010 966 2054 111,
988 2014 1045 2054 22,
1061 2013 1097 2049 7.
1107 2031 1162 2036 ——
1181 2011 1366 2046 Proelium
1386 2010 1491 2056 apud
1503 2010 1642 2056 flumen

210 2065 370 2108 Turiam,
392 2065 527 2100 factum
548 2065 682 2102 eodem
701 2076 811 2107 anno,
835 2077 907 2112 quo
929 2065 1180 2111 Sucronense,
1212 2067 1321 2107 idem,
1337 2071 1416 2110 est⁷
1456 2066 1558 2112 quod
1586 2066 1641 2102 di-

205 2121 299 2156 citur
313 2121 416 2168 apud
442 2120 644 2168 Sayuncum
662 2123 718 2166 (V.
742 2122 942 2158 Drumanni
964 2122 1057 2158 Hist.
1078 2123 1186 2158 Rom.
1209 2124 1295 2158 Vol.
1316 2123 1381 2158 IV.
1398 2134 1432 2169 p.
1450 2125 1532 2160 368.
1560 2127 1639 2162 not.

204 2178 306 2221 65.);
327 2176 397 2213 sed
422 2178 461 2212 in
480 2178 689 2214 nominibus
710 2179 844 2224 ubique
866 2179 969 2214 varie
992 2179 1029 2214 in
1050 2179 1162 2214 codd.
1187 2181 1367 2216 turbatur.
1408 2180 1476 2214 Pro
1489 2178 1640 2215 Turiam

205 2233 303 2268 enim
326 2234 364 2268 in
374 2233 459 2269 Vat.
470 2238 505 2271 1.
529 2237 565 2269 et
582 2238 618 2272 2.
638 2238 696 2270 est
714 2234 883 2279 Durium,
905 2235 942 2270 in
964 2236 1100 2271 ceteris
1121 2235 1234 2271 codd.
1256 2236 1426 2278 Durium,
1448 2235 1549 2281 quod
1566 2237 1641 2271 iam

203 2289 360 2325 Ursinus
389 2289 623 2335 emendavit;
651 2301 735 2326 nam
766 2291 867 2337 quod
888 2303 962 2327 non
986 2293 1099 2327 multo
1129 2296 1214 2338 post
1237 2302 1401 2339 pugnam
1428 2291 1639 2328 Sucronen-

204 2355 283 2380 sem
299 2347 591 2382 committebatur
613 2347 809 2393 proelium,
828 2359 903 2383 non
921 2348 1040 2394 potuit
1059 2348 1140 2385 fieri
1161 2349 1211 2384 ad
1230 2349 1398 2394 Durium,
1427 2349 1639 2385 Lusitaniae

203 2402 503 2447 septentrionalis
522 2401 671 2446 flumen,
687 2403 747 2438 cui
768 2403 882 2440 hodie
894 2404 1019 2441 Duero
1041 2416 1177 2440 nomen
1192 2410 1261 2450 est,
1283 2405 1352 2440 sed
1369 2405 1503 2440 factum
1520 2416 1638 2451 prope

204 2456 352 2493 Turiam
372 2457 503 2499 (hodie
526 2457 804 2503 Guadalaviar)‚
835 2461 898 2507 qui
917 2461 1127 2497 Valentiam
1150 2463 1278 2497 urbem
1298 2472 1416 2507 parvo
1444 2461 1639 2498 intervallo

202 2513 443 2559 praeterfluit,
462 2515 509 2549 el'.
529 2515 590 2550 Fr.
611 2514 719 2559 1134.
746 2515 863 2553 Huius
881 2518 1015 2563 proelii
1036 2518 1258 2553 mentionem
1280 2518 1367 2553 facit
1385 2518 1498 2553 etiam
1509 2517 1638 2554 Cicero

203 2579 243 2615 p.
262 2571 366 2606 Balb.
391 2582 424 2606 e.
445 2573 481 2615 2,
504 2574 540 2608 5.
591 2570 792 2615 Accusator
817 2572 956 2619 fatetur
981 2574 1140 2610 Balbum
1166 2575 1206 2609 in
1231 2573 1419 2621 Hispania
1448 2575 1640 2610 acerrimis

204 2625 274 2661 ulis
295 2627 449 2673 proeliis
479 2631 513 2662 et
533 2627 703 2662 maximis
737 2626 961 2665 Sucronensi
986 2634 1020 2666 et
1058 2629 1286 2666 Turiensi
1315 2630 1546 2694 interfuisse,
1577 2631 1638 2666 ubi

202 2682 340 2746 pariter
361 2683 398 2718 in
418 2683 606 2718 nonnullis
626 2683 730 2719 libris
751 2683 845 2721 salso
865 2685 1123 2725 estDuriensi.
1155 2685 1343 2723 Plutarch.
1367 2687 1404 2722 in
1417 2685 1513 2723 Sert.
1535 2698 1568 2721 e.
1584 2689 1635 2723 19.

204 2736 254 2774 in.
295 2725 433 2774 ‘Ham
457 2733 530 2787 μὲν
563 2750 637 2775 ουν
663 2738 719 2791 τῷ
744 2737 949 2793 Σερτωρίῳ
970 2739 1141 2788 πλείονες
1166 2736 1411 2793 συνέβαινον.
1436 2737 1479 2779 ἐκ
1514 2736 1556 2778 δὲ
1582 2736 1640 2780 ὧν
