1774 3002
444 132 448 139 ’
484 149 814 189 fflsronmnnm
842 149 1153 187 FRAGMENTA.
1212 150 1299 186 Lm.
1329 150 1355 186 1.
1584 144 1641 187 ΞΒ

335 281 405 325 Ξθ.
448 276 610 323 Nexuit
635 277 815 322 catenae
846 274 991 320 modo.

334 364 404 407 24.
443 358 499 405 Et
519 358 694 405 Metello
712 358 866 419 procul
886 360 1047 419 agente
1071 357 1209 418 longa
1233 370 1337 416 spes
1358 355 1702 402 auxiliorum..

198 498 245 535 cs.
266 497 448 534 Plutarch.
469 497 506 533 in
526 496 616 534 Sull.
639 508 669 533 c.
691 501 747 541 10,
769 495 867 531 med.
884 485 1047 532 Νώνιον
1065 489 1139 543 μέν
1155 505 1224 556 γε
1218 485 1287 530 τὸν
1307 482 1551 540 ἀδελφιδοῦν
1567 484 1639 530 αὕ-

196 553 268 594 τοῦ
287 549 360 593 καὶ
371 545 592 603 Σερουήϊον
610 543 732 602 ἀρχὰς
758 544 959 615 μετιόντας
982 541 1335 614 ἆκοψηφισᾶμενοι
1354 545 1423 586 καὶ
1441 547 1639 613 καθυβρί-

196 618 332 654 σαντες
352 605 503 659 ἓτέρους
533 601 817 674 κατέστησαν”
790 619 992 659 αρχοντας,
1022 619 1092 652 ους
1117 600 1285 656 μάλιστα
1306 605 1490 670 τιμῶντες
1514 599 1640 655 ᾤοντο

193 666 332 703 λυπεῖν
350 660 512 704 ἐκεῖνον.
562 657 609 703 Ὁ
628 661 671 702 δὲ
688 658 840 709 τούτοις
857 677 897 702 τε
897 664 1186 727 προσεποιεῖτο
1208 661 1368 713 χαίρειν,
1392 653 1445 707 ὦς
1473 661 1544 699 τοῦ
1567 658 1639 712 δή·

193 735 270 771 μου
289 720 346 774 ’τῷ
364 722 492 759 ποιεῖν
517 715 545 759 ἃ
572 715 753 772 βούλοιτο
773 712 822 759 δι’
857 711 988 758 αὐτὸν
1008 711 1278 765 ἀπολαύοντος
1300 718 1369 768 τῆς
1398 714 1638 782 ἐλευθερίας,

193 775 260 816 καὶ.
286 762 519 840 θεραπεύων
547 773 592 815 τὸ
617 778 696 815 τῶν
719 777 875 816 πολλῶν
899 778 1011 825 μῖσος
1034 769 1185 813 ὕπατον
1206 771 1438 824 κατέστησεν
1464 766 1544 812 ἀπὸ
1570 775 1641 824 τῆς

194 831 370 879 ἐναντίας
387 828 555 880 στάσεως
582 829 808 872 Λεύκιον
836 831 1046 880 Κίνναν,
1077 824 1225 895 ἀραῖς
1249 844 1333 869 και
1358 844 1532 897 ορκοις
1551 844 1638 896 ’'2oe-

193 882 418 955 ταλαβῶν
445 882 715 940 ευνοήσειν
738 891 844 935 τοῖς
870 886 1046 927 ἑαυτοῦ
1075 882 1374 953 πράγμασιν.
1407 881 1452 926 Ὁ
1478 879 1571 926 δὲ’
1544 901 1639 925 ανα·

193 940 267 997 βᾶς
293 944 348 992 εἰς
365 938 410 984 τὸ
436 941 690 985 Καπιτώλιον
713 944 813 1009 ἔχων
835 942 880 983 ἐν
905 945 955 998 τῇ
983 942 1081 1008 χειρὶ
1105 943 1223 982 λίθον
1244 956 1412 1007 ωμνυεν,
1437 937 1522 981 εἶτα
1546 940 1636 982 ἐπα·

155 1032 158 1033 ⁷
193 996 410 1054 ρασάμενος
433 999 559 1055 ἐαυτῷ
575 1002 646 1052 τῆς
672 996 821 1047 πόλεως
837 994 892 1051 μὴ
916 995 1152 1066 φυλάττοντι
1177 993 1252 1063 τὴν
1277 992 1376 1051 πρὸς
1400 996 1564 1038 ἐκεῖνον
1572 994 1637 1038 εὕ-

191 1071 308 1096 νοιαν
327 1055 503 1096 ἐκπεσεῖν
519 1058 598 1122 τῆς
620 1052 787 1106 πόλεως,
824 1053 953 1122 ὥσπερ
979 1050 1002 1095 ὁ
1027 1055 1141 1103 λίθος
1169 1049 1254 1095 διὰ·
1263 1057 1333 1107 τῆς
1361 1048 1504 1107 χειρὸς,
1544 1069 1636 1095 κατ-

192 1111 322 1180 ε’βαλε
327 1115 469 1178 χαμᾶζε
492 1107 561 1155 τὸν
581 1113 700 1153 λίθον
728 1107 803 1153 οὐκ
826 1106 970 1178 ολίγων
994 1108 1213 1164 παρόντων.
1244 1105 1560 1165 Παραλαβων
1587 1110 1638 1151 δὲ

190 1163 278 1221 τὴν
296 1163 627 1236 ἆρχὴνειῖθῦς
645 1169 887 1223 ἐπεχείρει
905 1184 961 1208 τα
978 1171 1270 1208 καθεστῶτα
1288 1171 1471 1218 κινεῖν,
1491 1183 1559 1207 και
1576 1168 1634 1207 δι’-

189 1241 266 1277 κην
284 1224 348 1266 ἐπὶ
374 1220 444 1266 τὸν
462 1224 624 1266 Σύλλαν
641 1224 907 1279 παρεσκεύασε
934 1224 1000 1265 καὶ
1027 1228 1258 1278 κατηγορεῖν
1279 1223 1485 1276 ἐπέστησεν
1507 1218 1635 1277 Ουερ-

189 1282 329 1335 γίνιον.
348 1304 408 1312 ·-—
438 1287 509 1322 Pro
530 1286 692 1323 libertate
711 1284 795 1323 cod.
815 1285 909 1322 Gud.
929 1285 1042 1321 habet
1059 1285 1238 1325 Iibertali;
1258 1285 1461 1320 ablativum
1482 1295 1530 1320 ex
1550 1285 1635 1320 Lin-

190 1342 366 1382 demanni
381 1343 596 1379 coniectura
610 1343 847 1390 reposuimus
867 1342 1048 1379 sententia
1062 1346 1207 1378 sextum
1223 1352 1351 1378 casum
1365 1340 1566 1388 flagitante.
1578 1361 1636 1367 —

190 1399 411 1435 Gerlachius
431 1401 548 1436 verba
568 1401 630 1436 vel
652 1400 698 1435 de
720 1399 910 1446 Pompeio,
933 1399 996 1434 vel
1018 1398 1064 1434 de
1086 1397 1189 1435 Sulla
1210 1398 1439 1434 intellexisse
1460 1397 1610 1434 videtur
1621 1409 1633 1444 ;

188 1455 259 1491 sed
277 1457 315 1491 in
335 1460 466 1491 neutro
485 1456 626 1492 idonea
644 1467 785 1492 caussa
806 1455 963 1502 reperiri
982 1458 1116 1502 potest.

296 1512 328 1547 ‘F
330 1523 359 1547 r.
377 1511 435 1550 23.
477 1510 599 1561 [Cort.
620 1524 656 1560 p.
674 1515 755 1551 954.
797 1512 893 1548 Gerl.
913 1511 974 1548 ed.
996 1512 1083 1548 mai.
1103 1511 1138 1556 Ι,
1161 1512 1219 1549 39.
1239 1509 1299 1545 ed.
1320 1511 1407 1546 min.
1427 1510 1466 1555 Ι,
1498 1514 1575 1550 105.
1595 1523 1632 1559 p.

191 1570 278 1613 198,
302 1571 336 1609 2.
357 1568 631 1614 Debr.111‚24.
661 1569 729 1613 111,
751 1571 806 1608 73.
832 1569 900 1612 ΙΙΙ,
923 1570 1001 1606 140.
1031 1568 1102 1613 IV,
1123 1568 1204 1612 5o.]
1248 1567 1396 1612 Verba,
1427 1579 1522 1615 quae
1547 1573 1633 1605 sunt

189 1624 290 1671 apud
307 1624 484 1660 Priscian.
502 1624 548 1672 X,
568 1628 604 1670 8,
624 1626 682 1663 47.
700 1636 736 1672 p.
756 1624 837 1664 505.
857 1626 933 1670 Kr.‚
952 1623 1172 1661 Gerlachius
1195 1624 1232 1659 in
1252 1623 1312 1659 ed.
1332 1625 1432 1669 min.‚
1454 1630 1631 1671 quantum

186 1692 235 1718 ex
245 1681 490 1717 collocatione
504 1681 716 1729 Fragmenta
733 1682 867 1718 coniiei
882 1685 1017 1728 potest,
1038 1681 1089 1716 ad
1099 1680 1282 1716 Metellum
1294 1680 1443 1717 videtur
1458 1675 1630 1718 retulisse

186 1738 315 1774 nescio
332 1737 435 1784 quid,
457 1737 545 1774 dum
565 1749 650 1774 cum
667 1738 832 1775 Sertorio
847 1742 1001 1785 pugnat,
1024 1742 1243 1781 nexentem;
1265 1737 1491 1779 Debrossius
1507 1742 1630 1774 autem

187 1805 301 1841 supra
321 1794 475 1830 modum
496 1795 639 1840 fatuus,
668 1796 730 1841 qui
743 1799 881 1841 -quater
904 1806 950 1830 ea
971 1795 1009 1830 in
1028 1795 1153 1831 alieno
1174 1794 1269 1829 libro
1289 1795 1467 1840 posuerit.
1513 1795 1630 1831 Nobis

184 1851 419 1898 probabilius
435 1854 493 1887 est
505 1851 600 1887 haec
621 1851 668 1887 de
688 1852 807 1887 Mario
829 1852 929 1888 dicta
951 1862 1050 1895 esse,
1070 1851 1146 1898 qui,
1169 1861 1282 1897 quum
1300 1860 1399 1886 anno
1413 1852 1472 1888 87.
1491 1862 1524 1886 a.
1544 1850 1632 1887 Chr.

186 1917 221 1943 n.
240 1918 289 1942 ex
306 1907 435 1944 Africa
457 1918 633 1944 reversus
654 1919 738 1944 cum
760 1907 898 1952 Cinna,
920 1906 1089 1943 Carbone
1109 1911 1145 1942 et
1165 1906 1332 1943 Sertorio
1352 1906 1509 1942 Romam
1531 1908 1631 1943 obsi-

187 1963 304 2007 deret,
334 1964 496 2009 navigiis
534 1968 704 1999 catenae
716 1964 829 1999 modo
861 1965 967 1999 nexis
996 1963 1158 1999 Tiberim
1189 1962 1381 1998 clauderet
1414 1962 1464 1997 ad
1500 1965 1628 1999 urbem

179 2022 397 2065 ,commeatu
423 2018 768 2063 intercludendam;
795 2021 840 2055 cl'.
866 2020 1027 2081 Appian.
1050 2019 1090 2054 B.
1118 2017 1155 2054 C.
1178 2018 1211 2062 Ι,
1236 2019 1295 2062 67,
1316 2022 1410 2054 extr.
1430 2030 1467 2065 p.
1487 2022 1545 2058 95.
1567 2019 1630 2056 ed.

188 2073 406 2136 Schweigh.
423 2066 640 2126 Σερτώριος
659 2066 738 2112 δὲ’
718 2070 817 2125 υπὲρ
835 2066 922 2137 τὴν
931 2067 1095 2112 πόλιν”
1068 2086 1172 2136 ανω,
1195 2071 1266 2110 καί
1281 2067 1446 2125 Μαριος
1463 2067 1563 2125 πρὸς
1581 2075 1633 2127 τῇ

187 2121 391 2182 θαλασσῃ,
423 2129 722 2194 ζευγνῦντες
741 2128 847 2168 οιδε
874 2122 962 2168 νὸν
985 2141 1212 2178 ποταμον
1234 2126 1318 2166 καὶ
1339 2131 1628 2182 γεφυροῦν-

186 2198 283 2233 τες,
312 2183 380 2222 ινα
406 2177 480 2235 τὴν
503 2180 620 2224 πόλιν
631 2178 848 2250 ἇφέλοιντο
867 2181 941 2236 τὴν
967 2183 1214 2249 σιταγωγίαν.
1254 2187 1307 2223 ld.
1330 2187 1420 2223 ibid.
1449 2200 1480 2224 c.
1499 2190 1558 2233 69,
1579 2190 1628 2224 in.

187 2235 350 2306 Μαριος
371 2233 412 2279 δ’
430 2238 510 2279 ἐπεὶ
529 2242 598 2291 τῆς
619 2234 766 2294 ἆγορᾶς
783 2243 868 2292 τῆς
897 2239 948 2280 εκ
968 2255 1017 2280 τε
1035 2235 1298 2292 θαλάσσης
1324 2239 1409 2280 καὶ
1428 2236 1628 2282 ανωθεν

186 2290 283 2335 ἆπο
303 2297 391 2334 τοῦ
413 2299 638 2348 ποταμοῦ
658 2296 938 2350 φερομένης
957 2296 1159 2348 κατέσχεν,
1179 2311 1216 2336 κ.
1239 2311 1273 2336 τ.
1301 2299 1336 2336 λ.

297 2355 356 2390 Fr.
375 2357 435 2392 24.
476 2354 595 2404 [Cort.
624 2368 663 2403 p.-
684 2359 784 2395 1006.
829 2357 927 2392 Gerl.
947 2357 1007 2392 ed.
1026 2357 1111 2392 mai.
1140 2356 1214 2391 Inc.
1234 2359 1290 2395 84.
1318 2356 1380 2392 ed.
1401 2357 1487 2392 min.
1509 2357 1543 2401 1,
1569 2361 1625 2396 50.

183 2423 220 2458 p·
242 2414 321 2455 190,
345 2413 378 2449 6.
414 2411 526 2448 Debr.
543 2412 571 2455 Ι,
599 2411 683 2461 27.]
736 2413 845 2451 Serv.
867 2413 916 2449 ad
932 2412 1041 2460 Virg.
1063 2413 1155 2449 Aen.
1174 2412 1246 2458 XI,
1267 2415 1347 2451 544.
1368 2413 1448 2449 sine
1468 2414 1550 2450 libri
1572 2415 1627 2450 in·

186 2468 296 2504 dicio.
334 2466 412 2503 Sed
434 2478 481 2503 cx
501 2469 626 2520 primo
645 2469 879 2516 desumptum
898 2480 984 2506 esse
1004 2470 1174 2516 Fragm„
1198 2469 1260 2505 ubi
1283 2469 1331 2505 de
1350 2471 1440 2506 urbe
1467 2481 1490 2505 a
1509 2468 1627 2506 Cinna

186 2528 221 2560 et
240 2524 357 2560 Mario
380 2525 538 2560 obsessa
557 2525 634 2571 egit
652 2530 779 2562 auctor
799 2527 857 2570 (v.
876 2527 935 2562 Fr.
954 2526 1220 2572 praecedens),
1251 2527 1427 2572 probatur
1446 2528 1529 2562 loco
1548 2528 1625 2574 Ap-

185 2581 288 2627 piani
308 2580 355 2615 de
375 2580 416 2615 B.
438 2579 476 2616 C.
496 2580 532 2623 Ι,
560 2583 618 2619 68.
637 2593 673 2628 p.
693 2583 750 2620 95.
771 2582 830 2618 ed.
855 2578 1071 2630 Schweigh.
1120 2579 1175 2619 Οἱ
1193 2575 1281 2618 δὲ”
1255 2591 1417 2629 νπατοι,
1445 2575 1623 2644 δεδιότες,

187 2632 255 2673 καὶ
275 2635 454 2701 στρατιᾶς
474 2629 592 2685 ἄλλης
620 2630 814 2700 δεόμενοι,
847 2631 1008 2675 Σύλλαν
1025 2633 1098 2687 μὲν
1116 2629 1190 2674 ofin
1218 2630 1322 2688 εἶχον
1340 2638 1476 2692 καλεῖν
1494 2634 1533 2683 ἐς
1551 2629 1625 2686 τὴν

164 2691 167 2693 ’
183 2683 318 2729 Ασίαν
342 2685 423 2741 ἤδη
447 2686 703 2742 πεπερακότα·
734 2691 1028 2732 Καικίλιον
1039 2690 1090 2731 δὲ
1107 2690 1403 2757 Μέτελλον,
1439 2686 1495 2731 τὰ
1525 2692 1622 2730 λεί-

186 2754 322 2798 ψανα
341 2748 426 2785 τοῦ
451 2748 771 2799 συμμαχικου
794 2742 1012 2798 πολέμου
1029 2742 1152 2801 πρὸς
1174 2748 1431 2799 Σαυνίτας
1458 2748 1621 2787 διατι-
