1774 3002
488 189 817 231 HISTORIARUM
845 187 1157 228 FRAGMENTA.
1209 189 1296 225 LIB.
1326 188 1353 224 1.
1575 183 1635 227 79

193 317 326 363 armis
348 318 519 376 partum
538 318 615 361 aut
633 329 715 375 per
738 313 968 360 iniuriam?
987 313 1187 360 Alterum
1206 311 1482 358 consulatum
1506 311 1631 371 petis,

195 399 321 461 quasi
347 399 532 460 primum
560 398 822 455 reddideris,
861 397 978 443 bello
1007 395 1286 442 concordiam
1314 394 1513 456 quaeris,
1542 408 1632 455 quo

192 484 318 542 parta
358 481 647 538 disturbatur,
690 480 828 528 nostri
867 479 1087 540 proditor,
1131 478 1227 524 istis
1269 477 1452 534 infidus,
1491 477 1634 524 hostis

194 565 386 610 omnium
406 564 637 611 bonorum.
695 564 752 611 Ut
780 567 824 610 te
850 577 993 624 neque
1025 562 1248 608 hominum
1273 575 1419 622 neque
1450 560 1634 606 deorum

139 650 183 686 16
195 647 348 707 pudet,
382 661 499 708 quos
526 662 605 707 per
630 647 760 694 fidem
785 653 862 693 aut
887 644 1079 707 periurio
1106 645 1304 692 violasti!
1337 643 1420 699 Qui
1457 644 1633 705 quando

193 730 292 776 talis
316 745 389 786 es,
419 743 599 776 maneas
621 725 666 775 in
692 730 909 777 sententia
943 732 987 775 et
1015 727 1205 775 retineas
1236 740 1358 772 arma
1391 729 1434 772 te
1465 726 1632 782 hortor,

193 826 280 858 neu
311 811 581 872 prolatandis
604 813 913 869 seditionibus,
948 811 1120 874 inquies
1149 810 1267 871 ipse,
1293 823 1376 856 nos
1401 809 1445 855 in
1479 809 1635 856 solici-

186 967 387 1019 publica
411 972 466 1008 bis
485 972 667 1019 coyitavia·
685 973 811 1020 primo
832 976 921 1020 post
936 981 1153 1020 oppressum
1176 971 1295 1007 statim
1313 969 1527 1014 Αοιωπὲιιηι,
1558 977 1632 1004 me-

193 1039 276 1064 mor
293 1028 468 1065 obiectum
489 1028 537 1063 ab
553 1037 596 1080 co
616 1027 687 1064 sibi
701 1030 870 1075 saepius,
891 1030 1085 1075 quas-iper
1099 1029 1220 1075 ipsum
1235 1029 1370 1070 staret,
1390 1034 1439 1061 ne
1459 1025 1632 1060 redde-

192 1088 344 1120 retur.
380 1103 437 1110 —
471 1083 637 1120 Nostri
652 1085 826 1131 proditor
843 1095 918 1120 non
948 1088 1005 1120 est
1031 1087 1249 1120 nostrum
1278 1083 1360 1118 sive
1380 1090 1634 1129 personarum

192 1143 507 1188 noch-mmm„
538 1139 608 1175 sed
620 1142 788 1187 partium
806 1151 853 1177 ac
871 1142 1054 1177 rationum
1073 1143 1355 1176 nostrarum
1377 1150 1403 1173 ι
1421 1148 1457 1173 e.
1483 1142 1635 1174 senatus

192 1195 382 1243 proditor;
405 1207 444 1233 v.
466 1195 517 1232 ad
533 1195 610 1232 Cat.
631 1209 664 1234 c.
685 1197 865 1241 XXXIII,
894 1201 932 1235 2.
942 1208 999 1245 p.
1022 1200 1104 1236 155.
1162 1197 1243 1244 lug.
1273 1206 1308 1231 c.
1322 1194 1422 1238 XIV,
1446 1196 1504 1232 17.
1562 1195 1637 1231 Ant

192 1254 383 1300 quisquan
408 1253 568 1289 nostri
599 1253 771 1290 πίεσθ’-ι·
790 1257 937 1301 potest?
980 1254 1130 1301 Fragm.
1159 1248 1212 1297 11,
1246 1256 1311 1295 50,
1339 1254 1374 1290 3
1434 1249 1478 1286 Si
1499 1253 1632 1297 parri-

192 1309 276 1344 esda
306 1310 462 1346 vostri
487 1318 580 1345 m.
602 1329 659 1335 -
678 1308 765 1346 Istis*
787 1310 1068 1357 intelligendum
1092 1309 1139 1345 de
1164 1309 1223 1354 iis,
1243 1308 1305 1355 qui
1325 1307 1446 1354 plebis
1466 1307 1632 1354 partibus

194 1366 368 1403 faventes
384 1365 557 1412 Philippo
581 1369 692 1412 atque
706 1367 917 1403 nobilitati
910 1377 946 1401 in
968 1371 1100 1402 senatu
1119 1377 1167 1402 ex
1188 1365 1353 1400 adverso
1379 1367 1540 1407 starent;
1564 1364 1632 1400 ad-

194 1422 386 1458 versarios
406 1425 529 1458 autem
548 1423 616 1457 iste
629 1424 848 1468 pronomine
865 1422 1068 1469 significari
1090 1423 1183 1458 satis
1202 1425 1329 1457 notum
1348 1424 1429 1463 est;
1448 1420 1634 1455 cLGram·

193 1482 282 1514 mat.
309 1479 373 1514 lat.
398 1482 512 1514 nostr.
546 1479 582 1520 3.
610 1481 696 1523 121,
723 1482 760 1516 5.
789 1478 907 1514 addit.
935 1482 972 1517 3.
992 1490 1035 1526 p.
1064 1481 1147 1517 300.
1206 1478 1354 1523 Herzog
1385 1475 1435 1511 ad
1456 1474 1567 1512 Caes.
1592 1475 1634 1512 Β.

196 1533 240 1575 G.
260 1533 321 1578 111,
343 1538 400 1571 11.
458 1534 601 1579 Zumpt.
616 1534 665 1569 ad
686 1533 763 1571 Cic.
783 1535 822 1570 in
840 1535 951 1570 Verr.
968 1535 1013 1580 lI,
1037 1535 1095 1579 71,
1122 1537 1199 1573 175.
1240 1533 1397 1580 Grysar.
1418 1532 1499 1567 Art.
1518 1532 1632 1568 latine

196 1589 308 1625 scrib.
329 1600 369 1636 p.
389 1591 450 1627 77.
505 1589 588 1625 Liv.
606 1589 711 1635 XXI,
734 1595 791 1635 10,
809 1593 844 1629 8.
903 1590 1093 1638 Necpuer
1111 1590 1172 1627 liic
1191 1590 1272 1627 dux
1289 1592 1390 1632 erat,
1428 1588 1497 1624 sed
1518 1593 1635 1635 pater

192 1646 273 1692 ipse
289 1644 499 1689 Han-ilcan
517 1644 628 1681 Mars
649 1646 756 1691 alter,
777 1651 819 1683 ιιι
838 1648 927 1683 isti
946 1648 1080 1684 volumi.
1114 1667 1171 1672 —
1202 1644 1359 1693 Infidus,
1379 1643 1483 1691 quod
1501 1655 1632 1681 omnes

196 1700 309 1738 codd.
326 1706 466 1746 tenent,
480 1702 646 1748 pessime
664 1703 702 1738 in
722 1702 812 1739 edd.
832 1703 993 1750 antiquis
1013 1705 1245 1740 mutatumrin
1266 1701 1431 1738 invidus.-
1445 1702 1520 1742 iam
1541 1700 1631 1738 car-

194 1757 253 1793 rio
278 1757 375 1794 vidit
402 1769 426 1794 a
457 1757 629 1805 Philippo
654 1758 836 1806 Lepidum
863 1761 988 1797 neutri
1004 1761 1116 1807 parci
1137 1761 1295 1796 amiam
1326 1768 1374 1794 ac
1400 1758 1516 1805 fidum
1543 1757 1631 1802 dici,

195 1824 291 1859 quo,
312 1824 424 1861 quam
441 1814 607 1850 abiectus
629 1815 691 1851 ille
712 1816 772 1861 sit,
793 1817 905 1862 plane
926 1817 1159 1863 intelligatur.
1185 1836 1233 1843 —
1253 1815 1307 1851 De
1328 1815 1368 1852 vi
1386 1814 1499 1850 hos&
1519 1825 1633 1850 voca-

193 1869 272 1906 buli
291 1882 338 1907 v-
359 1869 409 1905 ad
424 1870 505 1917 lug.
528 1881 561 1906 c.
581 1870 638 1915 X,
657 1875 691 1909 5.
711 1883 748 1919 p.
768 1875 827 1911 53.
863 1892 912 1898 —
947 1871 1024 1908 Per
1039 1872 1172 1918 fidem,
1193 1883 1262 1920 pro
1285 1882 1359 1917 quo
1379 1870 1468 1906 edd.
1491 1871 1631 1916 antiqq.

197 1929 327 1962 contra
345 1925 456 1962 codd.
480 1926 802 1974 habentperfidia,
822 1928 1012 1975 significat
1033 1928 1119 1965 sub
1138 1938 1219 1975 spe
1230 1929 1275 1964 ci
1281 1937 1301 1963 e
1318 1926 1423 1972 fidei,
1418 1942 1425 1949 ·
1444 1928 1493 1962 cf.
1503 1927 1630 1973 intprr.

198 1980 1087 2030 aduv.1,9‚13.1)eummvocauaes‚cmaes
1109 1982 1633 2030 adsouennehadosqueper

194 2035 276 2083 sas
301 2036 524 2083 «residem
542 2037 734 2085 decepti
756 2041 947 2076 vem'ssent
1004 2040 1168 2086 Herzog.
1188 2039 1239 2075 ad
1255 2038 1365 2075 Caec.
1388 2038 1433 2074 Β.
1455 2038 1499 2074 G.
1520 2039 1548 2083 1,
1573 2041 1631 2077 46.

199 2091 493 2128 Commuendum
511 2103 585 2128 non
601 2093 768 2140 putabat,
786 2099 828 2130 ut
845 2095 920 2131 dici
932 2099 1058 2142 posset
1075 2105 1137 2134 eos
1154 2095 1256 2131 obse
1270 2104 1357 2142 per
1374 2093 1520 2142 fidem
1534 2096 1631 2131 cir—

198 2151 481 2184 cumventos.
521 2147 600 2187 Cic.
621 2148 669 2184 de
688 2149 879 2195 Inventl,
884 2154 955 2196 39,
975 2153 1033 2189 71.
1080 2150 1152 2196 Qui
1169 2160 1282 2199 saepe
1300 2160 1368 2186 nos
1384 2160 1472 2198 per
1486 2150 1630 2198 fidem

196 2202 420 2250 fefellerim&
478 2204 596 2240 Plaut.
623 2206 785 2242 Mostell.
806 2207 857 2250 11,
881 2211 917 2251 2,
939 2208 997 2246 70.
1055 2207 1135 2244 Liv.
1155 2208 1228 2252 VI,
1253 2209 1321 2251 29,
1350 2211 1387 2244 2.
1424 2206 1629 2253 XXXVIII,

196 2262 257 2303 25,
278 2261 336 2297 16.
363 2258 497 2296 Senec.
517 2259 566 2296 de
585 2261 735 2298 Provid.
758 2274 792 2298 c.
814 2263 875 2298 III.
889 2281 944 2290 —-
965 2263 1039 2300 Aut
1058 2264 1261 2311 particula,
1285 2273 1360 2310 qua
1387 2263 1630 2311 praecedenti

199 2315 340 2350 notioni
367 2315 439 2352 alia
459 2315 664 2353 distinctior
691 2319 921 2355 substituitur
952 2324 989 2356 et
1013 2321 1131 2356 oratio
1153 2321 1261 2367 quasi
1281 2320 1499 2368 corrigitur,
1529 2321 1630 2357 valet

197 2375 263 2408 aut
273 2369 422 2418 pofius}
439 2372 488 2407 ct.
507 2372 628 2409 Hand.
649 2373 697 2410 de
719 2375 876 2415 Particc.
901 2376 978 2412 Lat.
996 2376 1082 2412 Vol.
1098 2376 1126 2412 I.
1145 2388 1183 2424 p.
1206 2379 1288 2415 539.
1346 2376 1547 2413 Grammat.
1567 2377 1629 2413 lat.

198 2431 313 2462 nostr.
335 2429 466 2474 3141,
484 2431 520 2465 2.
541 2439 576 2465 a.
596 2439 636 2475 p.
654 2432 735 2468 469.
790 2430 960 2468 Ceterum
974 2433 1128 2479 periurii
1149 2433 1290 2469 crimen
1306 2442 1379 2477 quo
1400 2437 1554 2496 spectet,
1575 2433 1630 2468 in-

199 2482 373 2530 telligitur
394 2493 443 2518 ex
461 2484 635 2530 Appiano
657 2485 706 2522 de
725 2485 770 2522 B.
791 2486 879 2532 c.1‚
901 2489 980 2526 107.
1026 2481 1048 2497 ”
1186 2483 1259 2537 μὲν
1279 2478 1441 2534 ouv(sc.
1455 2481 1525 2526 τὸν
1547 2484 1628 2525 Λέ·

196 2530 689 2631 adogxdtovKai-tlovh}
703 2533 1043 2591 βουλῆδείσασα”
1011 2553 1210 2596 monebat
1225 2536 1291 2595 μὴ
1304 2545 1393 2582 πολ
1404 2541 1496 2598 ἐμω
1515 2542 1628 2582 δια-

198 2605 277 2645 πρι
325 2606 444 2643 qvas
572 2625 577 2628 .

291 2653 346 2694 ..3
370 2654 426 2690 16.
446 2650 519 2695 Qui
533 2652 679 2699 quando
694 2649 789 2703 etc.)
822 2653 976 2693 Comma
1002 2657 1040 2692 in
1059 2656 1231 2700 omnibus
1251 2657 1342 2694 edd.
1364 2662 1451 2706 post
1475 2658 1539 2706 qm*
1562 2669 1629 2705 po·

199 2706 310 2742 situm
328 2708 562 2751 sustulimus,
590 2719 663 2754 quo
684 2710 878 2748 relativum
905 2713 1027 2760 inepte
1047 2712 1098 2749 ad
1115 2723 1267 2751 maneas
1291 2715 1467 2759 relatum,
1498 2718 1537 2749 ut
1558 2725 1628 2761 par

198 2766 255 2797 est
270 2773 353 2799 cum
371 2764 542 2810 proximo
561 2766 677 2800 verbo
697 2767 953 2814 coniungatur.
980 2789 1036 2796 —-
1074 2769 1127 2805 De
1150 2771 1296 2816 quando
1319 2772 1501 2818 particula
1522 2781 1557 2805 v.
1578 2769 1627 2806 ad
