1774 3002
130 154 215 196 296
614 156 654 194 C.
686 157 916 196 SALLUSTI
949 158 1099 197 CRISPI

267 287 336 330 88.
393 282 450 329 Et
479 284 593 330 forte
618 283 662 329 in
687 284 940 345 navigando
967 283 1128 332 cohors
1153 301 1260 342 una,
1280 286 1438 347 grandi
1463 282 1581 347 pha-

132 367 228 413 selo
257 368 404 423 vecta,
442 383 469 411 a
503 367 661 412 ceteris
701 368 942 424 deerravit,
980 368 1176 430 marique
1207 370 1379 430 placido
1406 386 1434 416 a
1464 372 1583 420 duo-

133 451 216 498 bus
242 450 516 512 praedonum
541 446 1227 509 myoparonibus'circumventa.

268 539 336 580 89.
391 534 459 579 Ac
489 535 579 578 tum
611 547 840 589 maxume,
877 534 940 579 uti
970 535 1086 582 solet
1115 536 1159 582 in
1194 536 1402 583 extremis
1434 537 1580 593 rebus,

131 672 347 715 commissa,
378 671 521 707 scilicet
550 674 703 706 auctore
728 671 832 708 nisus
860 671 1056 718 Frontino,
1084 675 1145 720 qui
1179 673 1401 722 Strategem.
1426 676 1470 719 ll,
1493 680 1524 719 l,
1545 679 1580 714 2.

130 730 226 767 haec
246 729 376 766 habet:
415 727 582 764 Metellus
611 726 703 763 Pius
726 729 763 763 in
782 728 971 775 Hispania
1000 730 1178 766 adversus
1201 731 1442 776 Hirtuleium,
1471 743 1582 779 quum

131 788 191 823 ille
211 787 349 822 oriente
362 786 537 832 protinus
557 784 615 820 die
631 785 849 822 instructam
869 787 983 822 aciem
1002 788 1094 824 vallo
1118 788 1195 823 eius
1213 788 1439 832 admovisset,
1465 788 1580 836 fervi-

131 844 278 880 dissimo
299 846 384 879 tunc
408 845 570 889 tempore
589 842 695 886 anni,
721 842 822 878 intra
851 847 978 878 castra
1001 854 1088 880 suos
1109 845 1284 880 continuit
1302 846 1340 880 in
1359 845 1492 881 horam
1512 846 1585 881 diei

130 904 288 945 sextam,
304 903 412 947 atque
429 900 479 935 ita
495 898 671 947 fatiyatos
689 903 793 935 aestu
811 898 925 946 facile
947 901 1098 947 iaezteyris
1117 904 1152 937 el
1172 901 1375 938 recentibus
1399 903 1482 938 vicit
1497 912 1582 938 suo-

132 968 217 994 rum
236 956 384 994 viribus.
420 955 501 1000 Quo
532 956 615 991 loco
647 966 760 1001 quum
781 955 984 993 Hirtuleius
1005 957 1154 1004 quidem
1176 958 1399 1003 nominetur,
1419 958 1487 994 scd
1511 970 1583 994 non

133 1017 222 1051 item
237 1013 378 1057 Italica,
405 1013 442 1048 in
466 1011 633 1049 Sallustii
662 1016 785 1048 autem
802 1013 830 1048 F
833 1024 953 1060 rae‘m
974 1025 1094 1060 neque
1117 1014 1164 1049 de
1190 1015 1367 1051 Hirtuleio
1390 1026 1510 1062 neque
1535 1015 1582 1051 de

133 1071 263 1108 Italica
290 1070 490 1116 quicquam
525 1069 773 1115 intelligatur,
809 1081 997 1116 quumque
1025 1070 1182 1107 accedat
1202 1072 1468 1118 gravissimum
1494 1072 1580 1116 hoc,

134 1127 237 1176 quod
258 1126 305 1162 de
326 1127 390 1162 illa
413 1137 542 1173 pugna
566 1126 603 1161 in
623 1126 783 1161 secundo
807 1127 899 1162 libro
923 1126 1062 1163 dictum
1081 1131 1150 1172 est,
1167 1127 1291 1174 quivis
1312 1128 1495 1164 concedet
1513 1129 1581 1169 mi-

134 1183 302 1222 seranda
322 1183 537 1230 iusipientia
556 1181 627 1218 hoc
648 1182 799 1229 Fragm.
823 1182 872 1219 ad
892 1194 975 1219 eam
1000 1194 1165 1230 pugnam
1187 1185 1330 1220 referri.
1389 1185 1434 1221 Et
1460 1189 1583 1222 tamen

135 1240 355 1279 Gerlachius
380 1251 456 1275 non
479 1239 666 1275 erubescit
685 1250 867 1275 summam
891 1240 1083 1277 Debrossii
1103 1240 1419 1278 considerantiam
1441 1245 1478 1278 et
1497 1252 1583 1278 acu-

133 1310 220 1335 men
242 1297 304 1334 hic
325 1296 531 1332 exhibitum
550 1295 790 1344 praedicare.

247 1355 307 1390 Fr.
329 1355 389 1392 88.
415 1351 531 1401 [Cort.
551 1364 589 1399 p.
611 1355 695 1392 966.
719 1352 817 1388 Gerl.
840 1352 900 1389 cd.
923 1353 1009 1388 mai.
1029 1353 1090 1398 Ill,
1114 1356 1172 1392 16.
1194 1353 1256 1389 ed.
1277 1354 1367 1390 min.
1387 1353 1447 1397 111,
1467 1356 1527 1393 64.
1551 1365 1587 1400 p.

133 1415 215 1456 219,
238 1415 298 1449 21.
325 1410 435 1447 Debr.
454 1410 498 1455 ΙΙ,
524 1410 600 1454 80.]
635 1410 770 1455 Verba,
791 1421 887 1456 quae
909 1414 1056 1446 exstant
1079 1410 1178 1457 apud
1201 1411 1298 1447 Non.
1317 1409 1414 1454 Xlll,
1442 1412 1478 1449 6.
1495 1414 1531 1446 et
1550 1412 1586 1448 7.

134 1481 174 1517 p.
192 1470 274 1512 534,
300 1470 357 1507 17.
378 1471 415 1502 et
433 1470 492 1505 25.
510 1466 571 1502 ed.
593 1466 766 1512 Meroen,
799 1477 910 1513 quum
934 1471 1060 1513 aperte
1084 1470 1255 1514 spectent
1273 1466 1323 1504 ad
1341 1478 1403 1503 res
1425 1478 1509 1503 cum
1529 1467 1584 1513 pi-

134 1525 225 1563 ratis
247 1528 389 1572 gestas,
422 1524 581 1560 sortasse
604 1523 752 1558 suerunt
782 1523 819 1558 in
854 1524 1067 1559 narratione
1091 1523 1138 1560 de
1160 1525 1257 1560 bello
1278 1524 1416 1560 cretico
1441 1524 1487 1559 ab
1509 1523 1586 1561 An-

133 1582 239 1619 tonio
261 1580 518 1617 administrato
542 1581 598 1624 (v.
622 1590 737 1626 supra
757 1580 819 1615 Fr.
835 1582 1030 1624 59—66.).
1076 1581 1303 1619 Deb'rossius
1323 1580 1426 1617 unde
1445 1591 1585 1627 eogno-

135 1639 232 1675 verit
252 1638 314 1674 hic
332 1637 395 1684 agi
412 1636 459 1672 de
475 1637 515 1672 L.
533 1636 896 1683 Bellienopraetore
912 1647 934 1671 a
954 1637 1083 1683 piratis
1105 1641 1229 1684 capto,
1251 1636 1425 1685 equidem
1439 1638 1584 1673 nescio.

134 1697 287 1732 Praetor
309 1694 370 1730 ille
393 1704 506 1740 quum
525 1692 636 1728 suerit
666 1703 700 1728 a.
723 1695 803 1731 107.
827 1704 860 1728 a.
887 1691 973 1728 Chr.
995 1704 1052 1738 n.‚
1083 1698 1122 1729 ut
1147 1698 1247 1739 patet
1267 1705 1314 1729 ex
1334 1693 1426 1731 Sall.
1448 1693 1530 1740 Iug-
1550 1705 1585 1729 c.

137 1752 231 1796 ClV,
256 1755 313 1796 1.,
345 1749 498 1786 difficile
519 1749 621 1785 dictu
640 1752 718 1793 est,
740 1748 928 1795 quomodo
949 1753 1036 1795 post
1058 1752 1198 1786 tantum
1227 1753 1374 1796 tempus
1399 1749 1461 1785 hic
1485 1761 1587 1787 com-

134 1808 338 1846 memorari
358 1807 534 1854 potuerit.
568 1804 788 1846 Gerlachius
809 1805 896 1840 Vol.
917 1805 978 1841 111.
999 1817 1037 1852 p.
1058 1809 1118 1845 91.
1146 1817 1303 1853 prorsus
1324 1806 1449 1853 inepte
1469 1806 1583 1852 Frag-

135 1862 302 1902 mentum*
329 1863 378 1900 ad
399 1862 651 1900 Mithridatem
679 1862 793 1898 refert
820 1873 868 1897 ex
894 1862 1034 1909 ingenti
1053 1863 1275 1910 naufragio,
1305 1862 1408 1910 quod
1439 1863 1476 1898 in
1495 1863 1586 1904 Pro-

134 1921 290 1970 pontide
311 1932 450 1968 passus
469 1924 549 1955 erat
566 1921 623 1964 (v.
643 1929 759 1965 supra
770 1919 836 1955 Fr.
865 1919 932 1965 ΙΙΙ,
953 1922 1014 1958 35.
1037 1921 1138 1964 36),
1162 1930 1185 1955 a
1211 1919 1345 1966 piratis
1373 1922 1584 1966 exceptum,

137 1980 222 2017 coll.
243 1977 435 2015 Plutarch.
465 1977 503 2012 in
527 1976 671 2012 Lucull.
704 1979 825 2014 c.13-

250 2035 309 2072 Fr.
327 2037 392 2073 89.
421 2032 536 2079 [Cort.
556 2044 595 2079 p.
616 2035 700 2071 966.
721 2032 821 2068 Gerl.
839 2031 900 2067 ed.
922 2032 1010 2067 mai.
1032 2032 1093 2076 ΙΙΙ,
1115 2037 1173 2072 15.
1195 2032 1255 2069 ed.
1275 2032 1366 2068 min.
1385 2032 1447 2077 ΙΙΙ,
1466 2035 1522 2079 55.
1545 2043 1586 2078 p

135 2096 218 2137 218,
239 2094 297 2130 28.
316 2091 428 2128 Debr.
450 2090 508 2135 ΙΙΙ,
526 2087 602 2138 45.]
644 2090 741 2125 Non.
765 2089 808 2134 11,
830 2090 911 2128 527.
933 2091 1072 2135 p-137‚
1094 2091 1129 2127 9.
1153 2088 1216 2126 ed.
1238 2090 1396 2126 Mercer.
1445 2089 1516 2124 Pro
1547 2089 1587 2124 in

135 2149 311 2186 extremis
337 2147 468 2191 rebus,
505 2145 607 2194 quod
636 2145 748 2182 codd.
784 2149 930 2190 tenent,
961 2144 1127 2182 Sallustii
1154 2145 1242 2182 edd.
1278 2146 1431 2184 inverso
1454 2143 1586 2181 ordine

136 2209 237 2243 extr.
261 2207 300 2241 in
334 2204 412 2240 reb.
453 2196 778 2255 praepositionem
815 2203 924 2238 etiam
962 2203 1097 2238 abesse
1132 2213 1248 2249 posse
1291 2202 1506 2249 intelligitur
1539 2212 1587 2237 ex

138 2262 265 2299 verbis
287 2260 348 2297 Fr.
366 2260 427 2304 ΠΙ,
443 2261 503 2298 78.
540 2259 712 2305 Divorsa,
738 2260 808 2295 uti
825 2259 951 2295 solet
969 2258 1348 2306 rebusperditis,
1368 2262 1587 2306 capessunt.

72 2367 75 2370 Ι
137 2320 238 2357 Inter
256 2321 453 2363 utramque
476 2320 699 2352 structuram
721 2319 843 2352 autem
874 2315 948 2351 hoc
977 2315 1152 2361 interest,
1182 2315 1285 2362 quod
1306 2315 1587 2363 praepositione

137 2375 268 2414 addita
284 2373 408 2420 magis
427 2381 555 2408 rerum
572 2375 688 2408 status
699 2381 775 2419 per
794 2381 834 2407 se
854 2371 1077 2416 declaratur,
1099 2373 1271 2410 ablativis
1293 2372 1473 2410 absolutis
1495 2382 1584 2407 vero

136 2432 270 2481 positis
289 2431 446 2469 caussae
465 2429 679 2476 siqnificalio
699 2429 907 2474 praevalet.
933 2447 988 2454 -—-
1021 2427 1151 2465 Mania
1174 2428 1283 2465 deest
1301 2430 1338 2465 in
1361 2429 1470 2465 Nonii
1496 2427 1584 2464 edd.

138 2494 176 2526 et
193 2489 386 2536 plerisque
406 2484 520 2522 codd.
562 2484 640 2522 Sed
661 2484 877 2521 Sallustium
898 2484 996 2520 hanc
1027 2496 1160 2522 vocem
1181 2497 1387 2532 usurpasse
1407 2484 1586 2532 planissi-

139 2557 238 2583 mum
267 2543 403 2580 estex
425 2553 490 2587 eo,
522 2540 624 2589 quod
644 2541 788 2577 Nonius
822 2543 946 2577 munia
973 2541 1086 2578 huius
1108 2543 1251 2578 articuli
1284 2544 1420 2579 lemma
1447 2540 1584 2588 posuit,

138 2603 199 2640 cui
219 2599 441 2638 illustrando
464 2597 730 2636 Sallustianum
751 2598 873 2633 locum
898 2597 1063 2634 adhibet.
1111 2598 1187 2634 Iam
1209 2603 1351 2635 mature
1372 2601 1495 2635 autem
1521 2597 1586 2632 ali-

140 2657 231 2706 quid
249 2658 434 2697 turbatum
457 2656 574 2692 ruisse
605 2655 642 2691 in
672 2653 783 2690 codd.
805 2653 892 2691 inde
912 2654 1150 2700 perspicitur,
1175 2655 1288 2702 quod,
1313 2665 1424 2701 quum
1445 2654 1483 2692 in
1506 2653 1586 2700 ple-

140 2716 269 2762 risque
289 2713 414 2749 munia
435 2712 546 2757 desit,
575 2711 694 2748 Paris.
716 2722 754 2746 α.
775 2707 811 2747 δ.
831 2710 929 2746 hanc
950 2722 1084 2746 vocem
1105 2710 1262 2757 habent,
1291 2713 1460 2748 extrema
1481 2708 1586 2745 adie-

67 2809 72 2812 .
141 2772 242 2811 ctivo
261 2773 402 2808 carent.
449 2768 564 2806 Recte
587 2769 698 2816 igitur
719 2767 791 2804 iam
815 2778 840 2814 „a
863 2766 967 2803 Iunio
999 2768 1165 2814 genuina
1186 2768 1296 2804 lectio.
1325 2766 1494 2803 restituta
1516 2770 1585 2804 est.
