1774 3002
137 121 222 164 232
544 124 547 127 ”
624 125 663 162 C.
696 126 927 164 SALLUSTI
959 125 1110 165 CRISPI

277 252 345 295 51.
401 250 550 311 Ipsum
576 266 695 298 mare
719 252 947 298 Ponticum
975 251 1146 297 dulcius
1184 265 1315 312 quam
1343 253 1501 298 cetera.

278 335 344 379 52.
404 333 645 380 Crebritate
672 337 906 392 fluctuum,
932 338 980 381 ut
1012 334 1219 396 aquilone
1239 333 1366 380 solet.

138 482 176 517 p.
206 473 286 514 218,
309 474 365 509 13.
398 471 508 508 Debr.
532 473 590 518 ΙΙΙ,
618 475 718 519 120.]
774 474 912 518 Verba,
931 486 952 510 a
974 472 1107 509 Servio
1133 471 1181 507 ad
1202 472 1308 519 Virg.
1332 471 1428 507 Aen.
1451 472 1494 515 II,
1511 475 1589 510 312.

138 527 263 571 allata,
285 528 321 562 in
343 532 520 574 quantum
544 529 709 566 Sallustii
731 531 822 576 sint,
847 532 1025 566 incertum
1048 533 1118 564 est.
1170 529 1248 564 Hoc
1270 528 1523 564 tantummodo
1546 530 1586 564 li-

139 587 239 629 quet,
271 588 461 620 auctorem
481 580 530 621 iis
552 597 659 622 usum
682 599 782 632 esse,
813 598 925 634 quum
956 587 1002 622 de
1023 586 1141 621 forma
1162 586 1275 621 maris
1297 585 1438 621 Pontici
1459 586 1587 632 loque-

137 643 249 675 retur.
310 641 364 676 Ea
386 640 562 687 Servius,
595 643 762 680 locorum
791 646 891 680 nulla
919 644 1060 679 ratione
1082 641 1220 686 habita,
1252 641 1450 678 dictionem
1474 641 1584 677 modo

138 697 347 743 respiciens
369 698 537 744 imperite
559 698 608 734 ad
631 710 733 736 mare
757 700 910 747 Sigeum
928 699 1063 736 retulit.

250 753 311 788 Fr.
333 758 377 793 51
424 751 539 802 [Cori.
560 767 597 801 p.
621 760 729 794 1005.
750 757 848 793 Gert.
873 757 933 794 ed.
956 756 1045 792 mai.
1057 755 1134 791 Inc.
1157 756 1213 793 72.
1244 753 1308 790 ed.
1328 754 1418 790 min.
1436 754 1497 798 ΙΙΙ,
1522 757 1580 794 39.

135 821 172 856 p.
191 810 272 855 217,
295 813 355 849 23.
383 810 493 846 Debr.
515 812 575 856 III,
599 815 679 850 125.
705 813 764 859 ΙΙΙ,
790 814 889 858 126.]
949 813 1094 856 Verba,
1125 811 1178 847 uti
1208 812 1246 846 in
1268 814 1371 846 textu
1397 810 1584 858 expressi-

136 877 240 911 mus,
271 867 444 914 leguntur
464 868 565 914 apud
593 868 702 905 Serv.
736 869 785 906 ad
804 870 911 916 Virg.
942 869 1038 904 Aen.
1057 868 1085 912 Ι,
1109 871 1180 906 228
1209 869 1335 916 (232),
1366 867 1446 903 sine
1466 868 1585 914 ipsum

135 924 356 968 pronomine
381 923 479 960 idem
502 924 627 961 iaudat
650 926 698 962 ad
719 927 815 962 Aen.
834 926 912 971 XII,
933 929 1025 970 143„
1043 935 1087 960 ac
1108 929 1305 971 praeterea
1324 924 1490 960 Macrob.
1508 922 1584 968 Sat.

135 979 216 1023 VH,
239 982 310 1026 l2.,
330 981 462 1017 Donat.
485 981 545 1017 ed.
574 982 615 1017 ΙΙ.
641 994 680 1029 p.
702 985 805 1022 1745.
825 982 989 1027 Putseh„
1024 981 1132 1027 Serg.
1165 981 1203 1016 in
1223 980 1355 1017 Donati
1386 980 1447 1016 ed.
1478 981 1522 1015 ΙΙ.
1544 991 1584 1027 p.

136 1037 239 1074 1841.
261 1037 426 1082 Putsch„
457 1038 639 1074 Priscian.
657 1039 717 1083 ΙΙΙ,
741 1043 775 1085 2,
797 1044 855 1077 15.
882 1051 919 1085 p.
942 1042 1023 1076 112.
1057 1037 1120 1073 Kr.
1143 1041 1179 1072 et
1193 1036 1275 1082 XV,
1295 1040 1332 1081 3,
1358 1039 1410 1075 18.
1430 1047 1468 1083 p.
1488 1039 1583 1080 623„

134 1092 197 1138 qui
221 1096 376 1140 utroque
402 1095 485 1130 loco
508 1097 569 1137 est,
596 1106 668 1142 quo
691 1097 805 1132 ceteri
827 1099 975 1138 carent,
1001 1098 1086 1141 post
1107 1093 1249 1129 dulcius
1278 1093 1445 1129 inseruit.
1478 1092 1584 1129 Com-

133 1149 294 1195 parativi
317 1161 468 1187 sensum
492 1153 723 1198 grammatici
743 1157 844 1188 recte
868 1152 1041 1187 viderunt
1059 1161 1143 1186 esse
1164 1149 1276 1194 hunc,
1308 1153 1357 1194 ut,
1389 1159 1501 1196 quum
1525 1159 1583 1185 ce-

135 1209 214 1241 tera
233 1208 351 1243 maria
371 1218 447 1243 non
477 1207 623 1252 dulcia,
659 1209 728 1245 sed
752 1210 854 1244 salsa
875 1213 911 1244 et
946 1218 1073 1243 amara
1094 1207 1178 1250 sint,
1220 1204 1451 1253 significetur
1477 1206 1582 1241 Ponti

134 1272 271 1308 aquam
301 1264 420 1300 minus
439 1275 550 1311 quam
571 1265 716 1301 illorum
739 1266 877 1301 salsam
898 1274 990 1300 esse.
1011 1264 1059 1299 cf.
1079 1263 1140 1298 Fr.
1160 1262 1209 1307 ΙΙ,
1231 1264 1290 1310 49.
1313 1273 1351 1308 p.
1367 1264 1447 1300 158.
1474 1261 1583 1306 Quod

135 1318 185 1354 ad
201 1329 280 1355 rem
303 1320 423 1367 ipsam
440 1321 581 1366 attinet,
602 1321 702 1357 idem
726 1326 877 1358 testatur
897 1320 1112 1356 Macrobius
1136 1320 1161 1354 l.
1182 1319 1205 1354 l.
1236 1318 1442 1355 Plurimum
1464 1328 1572 1365 aqua:

134 1386 216 1410 rum
247 1377 372 1412 talium
401 1378 557 1424 influere
577 1378 692 1414 Ponto
723 1382 766 1414 et
804 1375 1291 1425 totumrsuperficiem
1318 1376 1420 1411 eius
1447 1374 1584 1422 infe-

133 1435 253 1467 ctam
277 1443 382 1469 esse
401 1434 548 1470 ¹dulci
577 1436 768 1482 liquore
797 1455 855 1460 —
882 1438 935 1470 est
963 1433 1042 1469 hoc*
1068 1441 1210 1479 quoque
1246 1431 1468 1468 testimonio&
1508 1435 1580 1468 etc.

132 1488 257 1524 Amm.
278 1490 443 1526 Marcell.
465 1491 579 1534 XXII,
597 1494 634 1529 8.
658 1491 781 1528 Omnis
798 1491 1013 1537 circumfluo
1034 1489 1167 1525 ambitu
1181 1487 1320 1524 Pontus
1339 1491 1374 1524 et
1391 1488 1584 1523 nebulosus

133 1548 186 1580 est
211 1549 247 1580 et
273 1546 464 1582 dulcior
491 1558 747 1594 aequorum
776 1549 965 1583 celeris.
997 1545 1187 1583 Strabol
1200 1556 1236 1591 p.
1256 1547 1314 1583 85.
1339 1544 1383 1580 C.
1399 1543 1582 1581 Stratonis

134 1603 356 1638 sententiam
382 1603 428 1638 de
457 1604 573 1639 Ponto
597 1604 782 1640 afferens:
815 1603 905 1640 Τῶν
924 1614 1001 1652 γαρ
1020 1599 1208 1648 ποταμῶν
1226 1598 1416 1637 πλείστων
1435 1595 1503 1636 καὶ
1521 1611 1583 1648 με-

131 1653 319 1707 γίστων’“
297 1652 471 1722 ρεόντων
485 1650 562 1696 ἀπὸ
585 1659 653 1708 τῆς
674 1653 821 1710 ἄρκτου
842 1655 910 1695 καὶ
931 1658 998 1706 τῆς
1015 1649 1219 1720 ἀνατολῆς,
1241 1653 1366 1695 ἐκεῖνο
1386 1651 1457 1705 μὲν
1475 1650 1583 1700 ἰλύος

131 1713 406 1778 πληροῦσθαι,
428 1706 476 1752 τὰ
499 1708 599 1752 ἄλλα
616 1712 658 1753 δὲ
681 1712 812 1779 μένειν
835 1710 987 1765 βαθέα·
1026 1705 1104 1751 διὸ
1135 1709 1222 1749 καὶ
1255 1705 1582 1763 γλυκυτάτην

133 1763 267 1807 εἶναι
296 1762 386 1820 τὴν
419 1764 672 1822 Ποντικὴν
698 1765 975 1809 θάλατταν.

246 1828 305 1864 F1.
327 1832 386 1866 52.
423 1828 540 1874 [Cort.
560 1842 598 1876 p.
616 1832 719 1868 1004.
751 1830 850 1866 Gerl.
872 1828 932 1864 ed.
954 1827 1040 1863 mai.
1062 1827 1137 1863 Inc.
1158 1828 1216 1864 54.
1245 1825 1305 1861 ed.
1331 1825 1419 1860 min.
1441 1825 1501 1870 111,
1522 1829 1581 1864 65.

131 1895 168 1931 p.
186 1887 268 1929 219,
298 1887 357 1923 24.
385 1885 496 1922 Debr.
518 1887 578 1931 ΙΙΙ,
600 1889 681 1924 123.
704 1887 768 1930 IV,
789 1886 863 1930 75]
922 1886 1187 1931 Fragmentum
1205 1882 1297 1927 hoc,
1320 1881 1579 1928 quod-Servio

133 1940 183 1976 ad
197 1941 304 1988 Virg.
327 1942 425 1978 Aen.
448 1942 475 1987 1,
496 1946 564 1982 116
585 1944 702 1988 (120).
726 1942 903 1986 debetur,
934 1943 1056 1977 lucem
1092 1939 1228 1985 accipit
1248 1949 1297 1973 ex
1331 1942 1522 1985 sequente,
1544 1939 1581 1974 in

132 1999 239 2034 cuius
271 1998 459 2035 vicinitate
481 2001 596 2036 verba
618 2000 734 2036 fuisse
757 1999 930 2035 coniicio.
970 1997 1069 2033 Nihil
1087 1995 1187 2031 enim
1207 1995 1449 2042 probabilius,
1469 2006 1580 2041 quam
1643 2001 1645 2003 ’

132 2054 195 2102 agi
216 2054 263 2090 de
285 2055 480 2091 innumera
500 2056 727 2092 thunnorum
746 2055 994 2101 multitudine,
1016 2052 1214 2100 quotannis
1236 2052 1450 2098 aquilonum
1471 2052 1508 2087 vi
1530 2061 1578 2086 ex

133 2112 217 2146 lacu
236 2111 425 2148 Maeotide
450 2124 493 2148 ac
518 2112 656 2148 deinde
687 2124 735 2148 ex
755 2112 871 2147 Ponto
903 2111 951 2147 ad
980 2111 1064 2146 litus
1086 2109 1334 2157 Byzantinum
1365 2109 1580 2154 compulsa3

133 2167 181 2202 cs.
202 2167 294 2203 Plin.
326 2169 367 2204 H.
389 2169 433 2204 N.
457 2169 519 2213 IX,
533 2172 605 2207 2ο.
661 2169 785 2205 Omnis
809 2172 968 2216 captura
988 2167 1164 2213 Byzantii
1181 2169 1245 2210 est,
1273 2175 1407 2212 mayna
1430 2163 1579 2201 Chalce-

131 2223 426 2270 donispenuria.
485 2224 814 2272 opperiuntur
843 2228 998 2260 autem
1043 2222 1286 2269 aquilonis
1314 2221 1503 2268 flatum,
1537 2224 1583 2256 ut

131 2281 339 2316 secundo
366 2281 527 2327 fluctu
551 2285 755 2317 exeunte
775 2281 935 2324 Ponto,
959 2290 1027 2316 nec
1046 2280 1119 2315 nisi
1139 2279 1316 2314 intrantes
1331 2281 1481 2324 portum
1500 2277 1579 2324 By-

130 2337 247 2372 zantii
264 2338 474 2383 capiuntur.
508 2338 684 2373 Ambros.
708 2338 887 2372 Hexaern.
903 2337 951 2381 V,
974 2340 1029 2373 10.
1088 2335 1215 2371 Pisces
1234 2344 1285 2370 ex
1299 2334 1473 2380 plurimis
1493 2334 1581 2369 locis

71 2384 74 2388 ‘
131 2404 156 2428 α
176 2393 319 2430 diverso
338 2394 421 2429 sinu
450 2395 566 2433 maris
596 2395 780 2429 innumeri
805 2394 900 2429 velut
932 2393 1114 2428 communi
1144 2391 1291 2427 consilio
1330 2391 1581 2426 convenientes

132 2451 322 2486 coniuncto
341 2451 484 2497 aqmz‘ne
503 2449 658 2496 flatus
678 2450 920 2497 aquilonis
936 2452 1118 2496 petunt,
1139 2451 1174 2483 et
1192 2447 1242 2482 ad
1258 2447 1347 2483 illud
1362 2446 1577 2493 septentrio-

132 2506 270 2542 nalium
303 2516 408 2542 mare
423 2507 591 2553 partium
610 2507 771 2553 quadam
801 2510 959 2541 naturae
984 2506 1060 2553 leye
1084 2503 1316 2540 contendunt.
1373 2502 1510 2546 Dicas,
1547 2502 1582 2537 si

132 2563 369 2598 ascendentes
396 2563 528 2608 videus,
552 2562 706 2598 rheuma
725 2563 907 2609 quoddam
928 2571 1017 2606 esse,
1039 2564 1087 2597 ita
1098 2562 1290 2608 proruunt
1304 2560 1509 2606 fluctusque
1526 2558 1580 2593 in-

132 2622 324 2673 tersecant,
343 2629 419 2665 per
441 2619 699 2666 Propontidem
719 2621 756 2654 in
773 2618 964 2654 Euxinum
988 2618 1142 2654 Pontum
1162 2617 1311 2652 violento
1339 2617 1471 2661 impetu
1484 2625 1577 2660 pro

126 2665 293 2723 fluentes.
355 2674 458 2719 Quae
481 2676 669 2712 Ambrosii
694 2677 809 2711 verba
830 2686 903 2710 non
932 2676 1051 2710 solum
1084 2674 1130 2709 de
1161 2673 1324 2709 adventu
1342 2670 1578 2714 thunnorum‚

132 2731 202 2769 sed
231 2732 340 2768 etiam
370 2731 418 2768 de
446 2744 575 2768 eorum
603 2742 783 2780 regressu
823 2731 1008 2777 capienda
1046 2734 1143 2767 sunt.
1203 2728 1372 2765 Ceterum
1408 2727 1445 2762 in
1489 2727 1576 2763 edd.
