1774 3002
143 162 229 204 326
646 167 684 204 C.
721 168 951 207 SALLUSTI
990 169 1142 208 CRISPI

146 290 251 336 xiiio
282 292 527 350 profectum
566 291 741 352 magnis
769 292 951 353 regibus
981 293 1174 340 latrones
1203 294 1399 355 gentium
1429 309 1589 356 opres-

145 375 274 420 sisse.
327 375 454 430 Quod
483 375 544 420 uti
574 375 712 421 facias
741 391 899 422 moneo
931 377 1191 439 hortorque,
1221 394 1304 424 neu
1330 374 1646 439 malis'per-23

145 458 256 503 nicie
292 461 444 503 nostra
472 460 591 503 tuam
622 459 865 518 prolatare,
903 476 1032 522 quam
1066 461 1273 507 societate
1304 462 1444 508 victor
1478 462 1587 508 fieri.

281 546 350 587 20.
405 542 517 587 Tum
554 557 661 588 vero
695 542 872 604 Bithyni
907 544 1252 605 propinquantes
1293 545 1379 591 iam
1417 561 1587 592 amnem

145 624 409 670 Tartanium.

282 712 350 754 21.
406 710 603 770 Namque
648 709 835 768 primum
870 710 1071 758 Iasonem
1095 712 1223 756 ‘'novo
1265 711 1418 758 itinere
1455 712 1588 758 maris

145 791 314 838 Aeetae
344 791 533 853 hospitis
569 792 746 838 domum
771 791 978 838 violasse.

256 955 290 996 S.
311 955 369 991 23.
399 956 499 989 tuam
509 953 724 1000 prolatare)
742 953 796 988 Ita
815 962 946 988 omnes
966 955 1091 989 tenent
1111 952 1223 989 codd.
1240 953 1336 989 Ante
1350 952 1587 991 Ciacconium

144 1009 340 1057 legebatur
369 1013 490 1046 tuum
517 1010 766 1056 imperium
784 1010 1000 1056 prolatare,
1030 1021 1124 1056 quae
1153 1011 1387 1056 interpolatio
1411 1010 1499 1047 inde
1520 1011 1588 1048 flu-

143 1066 248 1102 xisse
276 1065 445 1112 videtur,
475 1066 576 1114 quod
598 1067 743 1113 fugeret
764 1066 935 1112 antiquos
961 1066 1126 1104 editores
1155 1066 1203 1103 ad
1224 1070 1321 1103 tuam
1343 1067 1586 1114 repetendum

143 1133 230 1158 csse
242 1124 460 1170 perniciem.
503 1122 673 1159 Ceterum
697 1122 914 1167 notandum,
936 1126 1064 1159 nostra
1084 1125 1331 1170 postpositum
1361 1135 1467 1168 esse,
1500 1126 1587 1172 quia

144 1190 292 1216 summa
313 1179 561 1227 oppositionis
582 1180 621 1215 in
642 1179 884 1216 substantivis
899 1181 1069 1227 pernicie
1091 1200 1147 1205 —
1163 1181 1332 1217 societate
1350 1181 1467 1226 inest;
1500 1193 1586 1218 nam

145 1236 304 1283 simplex
348 1237 657 1284 possessivorum
703 1236 889 1283 oppositio
934 1237 1142 1284 postularet
1185 1240 1313 1274 nostra
1355 1238 1586 1275 substantivo

140 1293 341 1341 praemitti.

258 1349 362 1395 Quae
386 1356 592 1397 sequuntur
619 1349 693 1386 duo
711 1349 955 1396 Fragmenta,
985 1350 1171 1396 pertinent
1191 1350 1256 1386 illa
1275 1349 1448 1397 quidem,
1479 1354 1518 1387 ut
1542 1362 1589 1388 ex

143 1411 360 1454 argumento
383 1407 483 1443 clare
506 1409 622 1455 patet,
643 1406 692 1442 ad
712 1405 1002 1442 Mithridaticum
1023 1407 1174 1452 bellum,
1199 1406 1268 1443 sed
1289 1418 1361 1453 quo
1382 1408 1465 1444 loco
1494 1409 1590 1445 lecta

144 1464 291 1509 suerint,
315 1475 363 1500 ne
385 1466 601 1500 coniectura
621 1463 773 1510 quidem
802 1463 975 1499 constitui
996 1466 1132 1509 potest.
1176 1463 1298 1508 Quare
1319 1464 1427 1511 quasi
1449 1475 1588 1512 appen-

143 1519 238 1557 dicis
261 1521 344 1556 loco
369 1521 517 1565 ceteris,
541 1531 636 1567 quae
660 1520 856 1556 certiorem
874 1520 1015 1556 habent
1033 1520 1331 1567 explicationem,
1346 1521 1588 1559 subiecimus.

240 1577 315 1613 Fr.
337 1581 396 1616 20.
440 1575 557 1626 [Cort.
575 1588 612 1623 p.
631 1580 713 1616 992.
758 1577 859 1613 Gerl.
880 1576 940 1612 ed.
967 1577 1054 1612 mai.
1075 1576 1137 1622 IV,
1161 1579 1220 1616 36.
1249 1576 1310 1613 ed.
1334 1577 1423 1613 min.
1443 1578 1508 1623 lv,
1527 1582 1587 1617 52.

142 1645 179 1680 p.
200 1636 284 1681 229,
303 1637 339 1672 2.
383 1634 494 1670 Debr.
519 1633 579 1677 ΙΙΙ,
601 1631 675 1682 25.]
734 1633 849 1679 Arus.
870 1646 908 1670 v.
924 1635 1199 1680 propinquant,
1225 1644 1261 1680 p.
1279 1636 1362 1672 254.
1394 1633 1455 1672 ed.
1477 1635 1584 1672 Lind.

142 1690 386 1738 Bithynorum
406 1690 545 1725 mentio
570 1689 732 1725 ostendit
751 1690 788 1724 in
809 1690 920 1725 rebus
942 1689 1163 1725 Mithridatis
1182 1689 1278 1726 haec
1302 1691 1433 1727 fuisse.
1489 1691 1584 1728 Tar-

142 1748 279 1783 tam'um
297 1745 439 1782 'flumen
458 1745 560 1794 apud
586 1747 727 1782 nullum
748 1747 968 1792 scriptorem
984 1750 1312 1783 commemoratum
1332 1747 1492 1793 reperio.
1543 1749 1584 1784 In

142 1803 319 1851 Bithynia
355 1814 467 1850 quum
498 1803 609 1839 suerit
636 1802 797 1839 Artanes
823 1803 906 1840 sive
932 1801 1096 1839 Artanus
1127 1801 1267 1839 fluvius
1299 1803 1358 1848 (v.
1390 1803 1584 1851 Forbigeri

143 1859 298 1907 Geogr.·
318 1860 432 1907 antiq.
461 1860 547 1895 Vol.
568 1859 612 1895 II.
634 1860 802 1906 p.379.)‚
840 1859 1046 1906 suspiceris
1079 1869 1216 1895 nomen
1237 1862 1451 1906 corruptum
1482 1871 1583 1897 esse.

143 1916 219 1953 Sed
242 1927 288 1952 ne
312 1917 366 1953 sic
391 1915 541 1963 quidem
561 1917 714 1952 multum
734 1915 910 1963 proficias
931 1915 982 1952 ad
1004 1916 1130 1952 inania
1158 1916 1274 1952 verba
1293 1916 1543 1963 expedienda.

254 1974 314 2009 Fr.
335 1977 391 2011 21.
421 1971 536 2022 [Cort.
557 1984 594 2020 p.
612 1975 694 2012 959.
716 1972 815 2009 Gerl.
841 1972 902 2008 ed.
922 1973 1008 2008 mai.
1030 1973 1093 2017 IV,
1113 1976 1171 2010 21.
1190 1972 1252 2009 ed.
1273 1973 1362 2008 min.
1380 1973 1444 2019 IV,
1464 1976 1522 2012 59.
1545 1985 1585 2021 p.

141 2032 222 2076 229,
244 2033 300 2068 18.
330 2029 442 2066 Debr.
462 2030 522 2074 ΙΙΙ,
543 2031 639 2075 128]
697 2030 753 2066 Ex
773 2030 866 2065 libro
898 2033 1028 2077 quarto
1051 2028 1146 2065 haec
1174 2029 1302 2065 laudat
1321 2029 1503 2067 Priscian.
1521 2030 1584 2076 VI,

142 2090 197 2132 11,
214 2089 272 2125 61.
297 2098 334 2133 p.
354 2090 437 2125 258.
456 2087 520 2123 Kr.
543 2097 733 2134 consensu
753 2086 917 2122 omnium
937 2085 1122 2130 codicum,
1143 2085 1276 2132 quibus
1297 2085 1473 2123 Krehlius
1491 2098 1584 2124 usus

141 2146 212 2178 est.
241 2143 442 2190 Perperam
464 2143 575 2190 igitur
597 2142 724 2179 Carrio
747 2153 860 2179 unum
878 2142 963 2179 cod.
982 2143 1129 2178 Martin.
1152 2146 1302 2179 secutus
1320 2143 1583 2190 Fragmentum

141 2199 299 2235 secundo
321 2200 495 2244 attribuit,
521 2200 581 2235 cui
601 2200 654 2235 rei
676 2203 824 2246 praeter
844 2198 1017 2236 codicum
1045 2199 1299 2235 auctoritatem
1325 2204 1582 2247 argumentum

142 2255 264 2301 ipsum
285 2260 487 2302 repugnat,
510 2250 647 2303 quippe
668 2255 788 2303 quod,
810 2260 848 2292 ut
867 2267 915 2291 ex
933 2255 1077 2292 Iasonis
1098 2259 1134 2290 et
1152 2256 1293 2292 Aeetae
1314 2256 1501 2292 mentione
1531 2257 1585 2292 in-

143 2311 331 2359 telligitur,
350 2311 399 2347 ad
423 2323 483 2348 res
504 2313 677 2348 Ponticas
700 2313 896 2359 pertineat.
955 2312 1084 2359 Neque
1113 2316 1236 2348 tamen
1260 2311 1477 2349 Gerlachius
1504 2323 1583 2350 rem

142 2379 213 2404 acu
240 2368 372 2416 tetigit,
396 2369 456 2414 qui
478 2368 564 2403 Vol.
585 2369 645 2404 111.
666 2380 703 2415 p.
721 2372 800 2407 113.
824 2368 1035 2416 suspicatur
1055 2370 1170 2404 verba
1189 2369 1227 2405 in
1249 2368 1500 2416 descriptione
1521 2381 1584 2406 an-

142 2425 348 2472 tiquitatum
367 2425 472 2460 Ponti
493 2425 624 2460 fuisse.
661 2425 714 2460 De
737 2426 783 2461 iis
801 2426 899 2461 enim
921 2436 1034 2471 quum
1046 2424 1244 2462 Sallustius
1264 2426 1357 2462 libro
1377 2427 1480 2463 tertio
1498 2437 1583 2473 pro-

142 2481 324 2518 lixissime
353 2482 490 2528 egerit,
515 2491 590 2516 non
618 2481 756 2528 potuit,
786 2482 859 2518 nisi
879 2482 1026 2528 ineptus
1057 2493 1142 2518 esse
1165 2483 1299 2527 vellet,
1325 2482 1484 2518 eandem
1502 2493 1580 2518 rem

141 2537 234 2575 libro
257 2541 389 2585 quarto
409 2538 540 2574 iterum
560 2541 730 2574 tractare.
769 2538 897 2585 Neque
914 2539 1094 2574 orationis
1124 2540 1243 2575 forma
1265 2539 1349 2575 talis
1378 2542 1456 2584 est,
1485 2548 1581 2585 quae

142 2605 265 2630 rerum
295 2594 536 2641 descriptioni
561 2594 773 2631 conveniat.
810 2595 906 2639 Quin
928 2606 974 2631 ex
996 2606 1042 2630 ea
1062 2595 1144 2642 ipsa
1166 2595 1419 2632 coniecturam
1437 2594 1579 2642 capias,

143 2652 259 2687 verba
287 2651 403 2687 fuisse
426 2651 463 2687 in
484 2652 602 2688 relata
627 2651 784 2687 alicuius
814 2652 1001 2696 oratione,
1032 2652 1258 2698 antiquitatis
1285 2652 1455 2698 exempla
1473 2661 1581 2698 repe-

142 2709 252 2744 tentis
272 2707 322 2744 ad
341 2719 402 2743 res
424 2719 512 2744 suas
529 2707 816 2744 confirmandas.
848 2707 951 2752 Quae
973 2710 1149 2754 quoniam
1166 2707 1380 2744 Colchidem
1399 2710 1580 2754 spectant,

142 2775 217 2800 non
234 2764 347 2811 'plane
368 2764 536 2800 absimile
562 2765 641 2800 veri
666 2768 721 2800 est
741 2763 963 2800 Mithridatis
988 2775 1032 2800 ea
1054 2766 1170 2802 verba
1189 2765 1327 2808 ruisse,
1360 2761 1582 2800 Colchorum
