1774 3002
154 123 240 165 254
563 110 565 112 ’
640 127 680 164 o.
712 104 942 167 SALLUs'n
970 128 1121 167 cmsm

81 303 84 307 ,
140 253 264 313 palis
290 253 401 312 simis·
432 251 624 298 recentia
665 254 901 307 cadavera,
939 258 987 299 et
1016 254 1200 302 crebros
1234 256 1353 318 ignis
1381 259 1594 318 fecerant&

149 333 396 380 Formidini
429 371 440 382 .
469 371 480 381 .
531 336 673 383 Varini
704 372 715 383 .
751 372 762 383 .
791 337 824 383 ti
852 373 863 383 .
895 373 906 383 .
941 338 997 384 da
1029 374 1039 384 .
1070 374 1080 385 .
1114 375 1124 385 .
1160 340 1290 387 inviis
1323 342 1592 388 convertere.
1610 354 1633 393 6

149 522 229 563 tur,
261 519 718 568 necessario-requiritur
747 522 991 567 vocabulum,
1021 534 1094 570 quo
1129 523 1291 560 homines
1324 524 1594 572 significentur,

150 575 284 622 quibus
307 576 405 612 salsa
429 576 553 623 imago
575 578 788 614 assimulari
818 583 940 625 queat.
987 578 1204 627 Viyiliarum
1225 592 1360 617 nomen
1381 585 1526 627 autem,
1547 582 1596 618 si-

149 633 234 668 cubi
253 644 322 679 pro
346 633 507 680 viyilibus
529 633 684 678 dicitur,
707 636 883 681 quoniam
903 637 1128 674 abstractum
1155 641 1232 683 est,
1258 648 1340 674 eam
1371 641 1593 685 potestatem

150 690 285 725 mentis
306 689 368 734 vi,
398 701 474 725 non
495 691 688 727 oculorum
718 692 926 728 ministerio
957 694 1113 741 accipit;
1144 694 1245 730 unde
1269 695 1436 742 sequitur
1459 695 1597 742 speciei

147 746 357 792 notionem,
389 757 485 794 quae
508 751 683 784 concreto
704 752 843 785 tantum
866 751 1049 786 vocabulo
1081 751 1278 797 convenit,
1306 763 1381 788 non
1408 763 1523 799 posse
1544 751 1594 787 ad

149 803 378 839 abstractum
397 804 556 840 traduci.

144 894 147 897 ,
255 861 396 908 procul
425 861 618 898 visentibus
648 864 869 908 erexerant)
912 862 1004 899 Cod.
1043 865 1130 900 Vat.
1170 863 1502 902 PROCULUISEN
1520 891 1529 899 .
1552 891 1564 900 .
1583 890 1592 900 .

150 942 160 953 .
175 944 184 954 .
201 943 212 953 .
226 944 235 952 .
257 916 472 954 XERANT.
494 918 595 954 Haec
618 930 766 966 quoque
792 920 1040 968 Kreyssigius
1059 921 1213 957 feliciter
1238 921 1432 968 expedivit
1460 921 1593 964 duc-tus

150 974 316 1010 Frontini
335 976 462 1011 verbis
484 975 519 1021 Ι,
542 979 584 1020 5,
604 980 660 1014 22.
680 981 725 1012 ‘ut
748 978 928 1024 procul
949 978 1245 1014 intuentibus
1272 980 1436 1014 stationis
1454 979 1594 1025 speeies

147 1035 252 1067 esset.
292 1032 493 1067 Praeterea
511 1037 596 1078 apte
618 1034 772 1069 eontulit
791 1033 884 1070 Sall.
904 1034 1052 1081 Fragm.
1075 1035 1146 1079 IV,
1169 1036 1228 1072 36.
1264 1034 1426 1082 Scyllam
1446 1035 1594 1070 accolae

147 1097 285 1123 saxum
304 1090 403 1123 mari
427 1089 616 1125 imminens
636 1091 850 1138 appellant,
877 1092 993 1126 simile
1015 1091 1219 1126 celebratae
1239 1091 1389 1138 formae
1416 1091 1595 1138 procul

148 1145 427 1181 visentibus.
451 1143 550 1181 Curt.
572 1146 625 1190 V,
654 1150 695 1191 l,
717 1149 777 1185 34.
817 1147 945 1183 lustin.
975 1147 1047 1191 IV,
1080 1151 1119 1191 1,
1149 1151 1206 1186 18.
1233 1166 1291 1173 —
1313 1147 1591 1184 Freinshemius

150 1199 318 1248 scripsit:
335 1202 475 1248 procul
493 1204 622 1238 visenti
639 1203 900 1249 cadaveribus,
921 1213 1016 1251 quae
1036 1207 1240 1240 erexerant
1253 1203 1351 1250 fulta
1362 1205 1474 1251 palis,
1497 1214 1591 1250 quae

150 1261 188 1293 ut
209 1259 283 1294 alia
301 1263 465 1303 taceam,
488 1270 623 1295 versus
644 1260 798 1297 modum
819 1261 931 1307 longe
959 1261 1160 1296 excedunt.
1183 1281 1238 1287 —
1270 1261 1311 1296 In
1343 1261 1470 1297 verbis
1495 1259 1591 1307 fulta

139 1315 243 1361 palis
268 1316 361 1361 fixis
389 1325 412 1351 a
444 1315 667 1363 Kreyssigio
695 1316 803 1353 nobis
828 1316 1102 1353 discedendum
1129 1318 1356 1364 putavimus.
1387 1315 1478 1353 Cod.
1505 1317 1589 1353 Vat.

150 1382 264 1418 quum
283 1372 423 1408 habeat
440 1373 468 1408 F
472 1372 563 1409 ULT
574 1398 825 1419 ............
851 1373 949 1421 fulta
979 1375 1070 1410 satis
1096 1378 1236 1410 certum
1259 1379 1317 1410 est
1349 1378 1503 1422 propter
1521 1383 1590 1409 re—

147 1430 303 1464 centia
324 1427 554 1479 [eadaverm]
573 1429 758 1473 Quoniam
777 1435 901 1467 autem
920 1431 1073 1477 planum
1091 1436 1148 1467 est
1166 1431 1368 1467 ablativum
1387 1429 1590 1475 excidisse,

148 1497 223 1532 quo
241 1484 340 1532 fulta
365 1486 603 1533 participium
632 1486 870 1532 definiretur,
903 1487 1149 1535 Kreyssigius
1177 1487 1371 1524 arboribus
1397 1488 1435 1523 in
1456 1488 1591 1522 lacuna

150 1543 268 1578 fuisse
289 1543 469 1588 coniecit,
492 1554 538 1579 ea
557 1555 654 1580 voce
674 1545 813 1591 stipites
831 1545 893 1580 vel
907 1546 1020 1591 palos
1040 1544 1245 1592 significari
1273 1548 1422 1591 putans.
1453 1542 1531 1580 Sed
1552 1543 1590 1579 id

149 1600 258 1635 nobis
274 1599 388 1635 valde
410 1599 562 1636 dubium
585 1605 662 1645 est,
690 1611 812 1648 neque
841 1601 1107 1648 Kreyssigius‚
1134 1601 1228 1637 alias
1259 1601 1297 1637 in
1318 1599 1496 1648 loquendi
1519 1611 1591 1636 usu

148 1656 331 1703 exemplis
347 1655 532 1692 firmando
554 1656 885 1704 diligentissimus,
909 1658 1081 1703 exempla
1102 1658 1232 1693 attulit.
1272 1657 1394 1701 Quare
1413 1657 1589 1693 Frontino

149 1713 246 1749 duce
266 1713 463 1760 posuimus
484 1713 587 1760 palis
612 1714 722 1759 fixis,
755 1725 852 1761 quae
874 1716 990 1750 verba
1016 1718 1092 1749 tum
1114 1714 1167 1748 rei
1198 1713 1589 1750 accommodatissima

147 1773 252 1815 sunt,
274 1774 350 1807 tum
371 1770 508 1806 iustum
527 1771 654 1806 versui
680 1772 856 1807 ambitum
881 1771 1075 1817 praebent.
1112 1769 1331 1807 Gerlachius
1360 1770 1396 1805 in
1416 1769 1477 1805 ed.
1500 1763 1588 1805 mai.

149 1826 404 1869 tantummodo
418 1826 515 1874 fulta
537 1828 744 1874 expressit,
767 1827 929 1864 ablativo
959 1838 1034 1862 non
1063 1826 1204 1863 addito.
1232 1846 1290 1853 —
1318 1826 1494 1863 Recentia
1523 1836 1587 1861 ca—

146 1883 287 1920 davera
306 1883 551 1931 Kreyssigius
568 1895 616 1919 ex
637 1884 722 1920 eod.
740 1884 827 1920 Vat.
844 1884 1017 1931 vestigiis
1037 1881 1309 1920 RECENTIAG
1329 1908 1458 1919 .....
1488 1886 1589 1919 certa

149 1951 261 1979 manu
289 1941 458 1977 restituit.
480 1960 538 1967 —-
557 1941 641 1976 Non
661 1941 785 1977 minus
806 1944 914 1976 acute
941 1939 1042 1976 idem
1064 1951 1110 1975 ex
1129 1939 1292 1976 residuis
1314 1939 1400 1975 cod.
1427 1938 1590 1977 Vatslit-

151 1998 240 2034 teris
271 1996 542 2034 ...BROSIGN
555 2023 694 2034 .......
726 2001 923 2033 assecutus
949 2001 1006 2033 est
1033 1996 1135 2043 apud
1163 1995 1379 2034 Sallustium
1408 1997 1526 2033 fuisse
1555 1999 1591 2031 et

150 2054 301 2090 crebros
324 2056 418 2102 iynis
435 2054 624 2101 fecerant,
654 2055 758 2091 nisus
779 2054 945 2090 Frontini
966 2054 1093 2089 verbis
1113 2053 1255 2101 iynibus
1274 2063 1349 2100 per
1367 2056 1442 2090 tota
1462 2056 1588 2088 castra

148 2111 281 2157 factis,
302 2115 338 2146 et
353 2111 439 2147 coll.
459 2110 550 2148 Sall.
572 2111 651 2159 Iug.
671 2123 704 2147 c.
726 2109 896 2155 XCVIII,
917 2113 950 2148 6.
986 2110 1081 2146 Dein
1102 2110 1289 2146 crebris
1307 2109 1495 2157 ignibus
1514 2109 1586 2156 fa-

148 2168 239 2203 ctis
253 2168 471 2214 plerumque
493 2169 607 2203 noetis
623 2168 777 2204 barbari
792 2177 858 2203 suo
878 2176 981 2203 more
1000 2167 1143 2202 laetari.
1164 2167 1215 2203 ib.
1238 2178 1270 2202 c.
1293 2165 1391 2212 CVI,
1411 2168 1445 2203 4.
1485 2165 1589 2203 Sulla

148 2224 187 2261 in
217 2225 351 2259 eastris
378 2225 501 2270 iynis
536 2235 671 2270 quam
704 2224 1035 2259 creberrumos
1069 2222 1194 2269 fieri
1221 2223 1336 2258 iussit.
1394 2222 1446 2258 De
1476 2222 1586 2258 simili

150 2283 413 2327 strategemate
441 2281 672 2326 comparavit
699 2280 864 2315 Frontin.
893 2280 928 2323 Ι,
958 2283 998 2323 l,
1020 2280 1053 2317 7.
1077 2283 1112 2314 et
1131 2282 1164 2317 9.
1194 2279 1229 2323 Ι,
1254 2283 1296 2323 5,
1324 2281 1383 2317 24.
1405 2279 1584 2325 Polyaen.

152 2336 348 2381 Strat.111,
373 2339 414 2381 9,
439 2340 498 2374 50.
521 2337 588 2381 111,
611 2341 673 2380 11,
697 2340 755 2374 15.
781 2335 867 2380 VII,
890 2340 953 2379 11,
982 2338 1018 2372 4.
1048 2335 1128 2370 Liv.
1151 2334 1294 2380 XXXI,
1314 2338 1379 2382 38,
1401 2339 1475 2386 ις),
1499 2336 1586 2370 Pru·

151 2393 281 2430 denter
301 2403 450 2440 quoque
472 2392 570 2428 idem
599 2392 742 2428 monuit
755 2385 973 2427 *cavendum
996 2402 1103 2436 esse,
1136 2403 1180 2427 ne
1201 2392 1284 2438 quis
1304 2403 1351 2427 ex
1371 2391 1454 2428 eod.
1477 2390 1586 2428 vesti-

149 2451 223 2497 giis
245 2450 455 2496 suspicetur
476 2449 654 2495 scriptum
675 2449 791 2484 fuisse
812 2448 941 2484 crebro
959 2449 1102 2494 siynum
1119 2449 1327 2493 dalum‚vel
1347 2448 1466 2484 simile
1482 2445 1584 2494 quid.

149 2506 245 2542 Nam
267 2518 379 2553 quum
398 2505 626 2542 bucinatoris
654 2509 756 2541 esset
782 2505 1013 2551 singularum
1041 2505 1143 2541 initia
1170 2505 1381 2552 vigiliarum
1407 2503 1586 2546 indicare,

151 2574 226 2598 non
247 2564 378 2599 crebro
409 2562 466 2608 id,
496 2561 565 2598 sed
593 2565 723 2608 quater
750 2560 1006 2596 tantummodo
1039 2572 1106 2607 per
1128 2566 1274 2597 noctem
1293 2561 1425 2604 fiebat;
1450 2569 1582 2605 neque,

109 2619 252 2666 *quod
274 2630 312 2654 re
334 2619 470 2659 abhoc
489 2620 572 2655 loco
592 2629 747 2665 prorsus
768 2617 962 2662 abhorret,
983 2628 1066 2654 cum
1094 2618 1273 2654 orationis
1303 2617 1478 2654 universa
1498 2626 1568 2651 con

153 2676 375 2712 formatione
394 2678 517 2721 potest
536 2675 740 2711 conciliari.

263 2734 298 2775 S.
319 2733 354 2770 6.
379 2731 600 2776 Formidini)
622 2730 742 2776 Quum
765 2740 812 2766 ex
833 2729 906 2766 hoc
922 2741 1036 2766 versu
1055 2730 1092 2765 in
1113 2729 1199 2767 eod.
1223 2729 1308 2765 Vat.
1336 2727 1426 2764 nihil
1457 2738 1585 2774 super-
