1774 3002
530 153 595 190 Al)
622 149 882 189 tRNES'rUM
908 139 1337 187 wuusmMANNuM.
1539 152 1670 184 xxvn

175 287 407 320 mentorum
430 263 578 316 editori
593 272 899 314 observandum
926 271 1008 311 hoc
1033 268 1211 310 inculcat
1233 274 1292 318 (v.
1313 269 1408 309 Vol.
1427 270 1493 308 111.
1525 281 1565 320 p.
1592 268 1670 309 105

176 350 220 387 et
250 346 328 386 151
353 347 488 396 sqq.),
515 342 680 384 unicam
707 344 918 381 auctorem
936 349 1074 379 rerum
1103 337 1456 388 disponendarum
1486 347 1671 377 normam

174 412 373 453 habuisse
411 410 665 461 singulorum
701 419 902 449 annorum
945 405 1114 455 seriem,
1148 417 1284 456 neque
1319 402 1494 445 dubitari
1530 415 1672 456 posse,

177 480 275 532 quin
303 478 521 522 Sallustius
561 478 710 518 eodem
746 477 833 516 sere
860 476 986 515 modo
1016 485 1086 514 res
1120 473 1263 524 populi
1290 472 1464 514 Romani
1497 471 1674 523 seripse-

175 549 248 599 rit,
284 560 367 600 quo
398 548 491 600 ipse
523 557 596 586 eas
631 545 670 586 in
708 546 775 586 ed.
816 557 893 585 sua
929 557 968 595 p.
1002 543 1027 584 3
1050 566 1107 573 —
1133 543 1201 583 46.
1247 553 1323 594 per
1369 552 1501 581 annos
1538 539 1674 591 diges-

175 615 289 658 serit.
347 617 461 666 Quae
501 625 701 665 perversa
742 611 882 663 opinio
921 623 1043 663 quam
1086 613 1198 652 nullo
1238 615 1478 661 argumento
1523 608 1675 649 nitatur

176 696 230 725 ex
260 682 368 735 ipsis
401 677 657 733 Fragmentis
700 681 824 722 ducto
841 713 850 730 ,
901 691 1107 731 quamque
1155 679 1323 729 indigna
1364 678 1417 719 sit
1463 677 1672 726 Sallustio,

178 763 321 803 quem,
340 787 344 790 ,
364 750 459 802 quia
495 749 652 802 primus
687 749 863 790 ieiunam
894 761 1030 790 rerum
1065 747 1415 788 enumerationem
1451 745 1491 786 in
1522 745 1674 786 annali·

175 823 255 861 bus
293 819 484 861 usitatam
520 818 743 868 reliquerat
788 817 943 858 maiora
975 822 1100 867 atque
1128 815 1375 867 perfectiora
1410 814 1450 854 in
1482 813 1674 854 Historiis

177 901 326 937 ausus,
378 885 575 928 Martialis
615 884 791 936 primum
839 884 936 925 dicit
973 884 1013 924 in
1061 895 1232 925 romana
1266 881 1455 930 historia,
1501 882 1568 920 vel
1607 891 1674 920 me

179 969 262 999 non
309 960 524 1003 monente,
569 953 707 1001 facile,
751 953 805 993 mi
850 954 1199 999 Wuestemanne,
1234 950 1454 1000 intelliges.
1519 948 1674 988 Eadem

179 1028 283 1075 quot
306 1035 470 1064 errores
490 1027 533 1062 et
560 1020 747 1062 debuerit
770 1020 962 1071 gignere,
999 1025 1041 1060 et
1068 1032 1113 1060 re
1139 1031 1241 1060 vera
1268 1016 1475 1070 genuerit,
1506 1015 1593 1057 suis
1616 1017 1674 1056 lo-

178 1091 238 1132 cis
267 1089 454 1138 ostendi;
491 1089 758 1141 quamobrem
790 1090 872 1130 hoc
900 1088 1065 1140 quidem
1094 1089 1187 1129 loco
1219 1088 1271 1128 de
1301 1099 1352 1128 ea
1379 1098 1423 1127 re
1452 1083 1675 1136 praeterire

177 1171 365 1211 possum.

288 1227 514 1276 Postquam
550 1225 604 1264 de
636 1223 906 1265 Historiarum
956 1229 1220 1273 argumente,
1269 1223 1422 1265 ambitu
1465 1227 1507 1263 et
1545 1222 1676 1262 forma

178 1294 405 1347 disputavi,
449 1294 502 1333 ad
529 1303 637 1343 quae
672 1292 818 1332 editori
847 1294 912 1332 vel
955 1291 1129 1332 maxime
1159 1291 1335 1332 animum
1377 1291 1675 1332 advertendum

178 1374 276 1405 esse
304 1374 378 1413 per
406 1373 453 1402 se
490 1366 620 1412 patet,
663 1360 741 1400 iam
770 1360 990 1401 dicendum
1018 1366 1102 1408 est,
1139 1361 1352 1411 quomodo
1385 1359 1460 1400 viri
1489 1359 1602 1400 docti
1635 1359 1675 1399 in

177 1428 431 1482 Fragmentis
475 1428 655 1470 Sallustii
685 1428 859 1469 edendis
892 1428 1200 1480 tractandisque
1234 1427 1387 1469 versati
1417 1428 1511 1470 sint.
1570 1429 1676 1478 Quo-

179 1510 269 1538 rum
303 1509 386 1547 quo
423 1496 586 1537 tenuior
623 1508 752 1547 opera
790 1496 883 1544 fuit,
928 1509 979 1537 eo
1022 1496 1203 1537 breviori
1243 1496 1339 1537 mihi
1388 1508 1483 1538 esse
1527 1495 1675 1537 licebit.

179 1567 280 1606 Nam
311 1564 381 1615 qui
410 1563 566 1615 primus
604 1570 703 1615 post
730 1564 1014 1616 imperfectum
1042 1565 1138 1605 Aldi
1163 1564 1331 1605 Manutii
1361 1565 1524 1614 (1563.)
1554 1576 1676 1605 cona-

178 1638 263 1674 tum
297 1631 569 1673 Historiarum
598 1632 841 1683 Fragmenta
884 1632 985 1674 satis
1016 1633 1230 1684 diligenter
1261 1645 1339 1684 pro
1382 1632 1545 1674 illorum
1576 1638 1677 1672 tem-

179 1713 328 1752 porum
352 1700 510 1740 ratione
537 1702 711 1741 collecta
739 1701 991 1752 scholiisque
1014 1700 1214 1741 illustrata
1242 1713 1279 1743 a.
1302 1702 1423 1741 1574.
1449 1713 1498 1741 ac
1526 1700 1678 1741 deinde

180 1781 219 1809 a.
242 1769 362 1809 1579.
393 1767 520 1808 edidit
546 1768 707 1809 Ludov.
732 1768 891 1815 Carrio,
926 1769 1008 1808 hoc
1026 1770 1312 1810 tantummodo
1339 1769 1441 1820 egit,
1472 1775 1542 1818 ut,
1571 1779 1679 1819 quae

182 1848 234 1876 ex
281 1835 452 1887 singulis
493 1835 604 1876 libris
654 1836 817 1876 laudata
851 1836 1098 1883 invenisset,
1138 1838 1251 1879 nullo
1290 1837 1436 1878 ordine
1479 1837 1677 1887 deinceps

181 1908 375 1954 poneret,
406 1915 581 1953 quorum
609 1916 708 1945 vero
740 1905 841 1944 liber
869 1916 893 1944 a
917 1904 1192 1955 grammaticis
1213 1917 1296 1946 non
1326 1904 1530 1944 indicatus
1550 1907 1676 1950 esset,

182 1971 294 2011 eain
321 1976 484 2011 sextum
508 1971 685 2020 aliquem
710 1972 869 2020 librum,
896 1973 966 2022 qui
995 1985 1078 2013 non
1110 1971 1278 2019 exstitit,
1314 1972 1540 2019 conferret;
1577 1982 1678 2011 non—

183 2038 293 2076 nulla
337 2042 474 2076 autem
519 2039 791 2087 emendasse,
836 2039 914 2078 alia
943 2039 1176 2094 explicasse
1206 2043 1425 2079 contentus
1460 2050 1598 2090 neque
1625 2039 1678 2078 de

184 2102 455 2144 Historiarum
491 2111 732 2154 argumento
772 2107 992 2157 quaesivit,
1041 2117 1177 2156 neque
1211 2106 1303 2157 ipsa
1336 2107 1581 2157 Fragmenta
1618 2111 1678 2147 ut-

186 2181 362 2220 cumque
401 2170 606 2212 ordinavit
649 2185 699 2213 ae
735 2173 952 2224 disposuit.
1020 2174 1094 2224 Qui
1133 2174 1325 2224 proximo
1362 2179 1550 2225 tempore
1595 2179 1678 2214 stu-

184 2238 298 2278 dium
322 2238 375 2277 ad
404 2249 455 2278 ea
482 2241 654 2280 contulit
679 2243 801 2282 Ianus
828 2243 988 2290 Douza,
1018 2242 1134 2282 Notis
1164 2243 1218 2282 ad
1246 2242 1519 2283 Historiarum
1549 2242 1676 2282 libros

184 2316 220 2344 a.
255 2304 375 2344 1580.
411 2305 549 2356 editis,
583 2313 626 2349 et
650 2310 765 2350 Fulv.
797 2309 993 2358 Ursinus,
1035 2309 1153 2351 cuius
1182 2312 1314 2350 Notae
1347 2310 1387 2350 in
1416 2311 1576 2360 Fragm.
1609 2321 1679 2349 ex-

184 2380 294 2416 stant
320 2375 360 2415 in
402 2375 698 2417 Historieorum
728 2382 825 2418 vett.
853 2378 1108 2428 Fragmentis
1145 2378 1329 2419 collectis
1371 2379 1423 2417 ab
1461 2380 1558 2417 Ant.
1596 2378 1678 2416 Au-

183 2442 349 2493 gustino
385 2447 426 2482 et
462 2444 513 2483 ab
545 2444 693 2486 Ursino
735 2445 964 2486 emendatis
998 2446 1182 2494 (1595.),
1233 2445 1458 2496 relicuique
1502 2456 1677 2495 operum

185 2509 523 2550 Sallustianorum
553 2512 752 2563 editores,
781 2515 892 2555 velut
926 2515 1016 2554 Hel.
1047 2512 1266 2554 Putschius
1307 2512 1482 2560 (1602.)‚
1513 2513 1677 2552 Auson.

183 2578 338 2626 Popma
373 2577 557 2627 (1619),
598 2580 661 2619 Fr.
699 2581 933 2622 Gronovius
969 2581 1154 2630 (1665),
1199 2592 1344 2620 omnes
1387 2579 1442 2619 ita
1472 2578 1677 2619 Carrionis

185 2643 357 2693 vestigia
389 2645 520 2685 secuti
556 2651 669 2694 sunt,
708 2652 775 2695 ut,
813 2649 849 2688 si
879 2661 962 2698 qua
1000 2660 1110 2689 nova
1135 2648 1379 2698 Fragmenta
1406 2646 1677 2693 invenissent,

186 2721 360 2759 quorum
396 2711 567 2760 plurima
596 2711 805 2764 congessit
837 2716 1072 2765 Putschius‚
1108 2727 1158 2756 ea
1192 2716 1233 2756 in
1272 2717 1386 2755 ealce
1422 2712 1677 2754 collectionis

187 2779 472 2820 Carrionianae
501 2779 718 2830 adderent,
753 2781 819 2822 hic
859 2781 939 2823 illie
968 2782 1118 2832 aliquid
1136 2815 1145 2830 ‚
1178 2783 1292 2832 quod
1319 2794 1403 2822 non
1430 2780 1567 2831 magni
1588 2790 1677 2833 pre·
