1774 3002
0 0 236 151 Γ,,,

201 284 264 331 uti
297 285 491 346 requiem
516 285 730 346 cupiatis13·
757 299 901 346 neque
936 282 1202 339 discordias,
1235 286 1284 328 ut
1318 282 1378 328 illi
1405 282 1645 328 criminan-

202 373 297 423 tur,
324 367 405 413 sed
434 381 583 413 earum
609 366 741 412 finem
765 367 923 413 volens
952 367 1046 412 iure
1075 365 1272 427 gentium
1298 380 1370 412 res
1394 370 1567 426 repeto,
1601 370 1645 412 et

204 450 247 496 si·
273 441 550 510 pertinaciter
575 449 841 506 retinebunt,
874 465 963 496 non
992 465 1126 505 arma,
1153 465 1296 512 neque
1330 450 1643 503 secessionem,

204 533 504 579 tanmmmodo
539 547 595 578 ne
632 533 820 592 amplius
854 533 1119 594 sanguinem
1152 535 1353 578 vostrum
1383 531 1644 595 praebeatis,

155 630 198 664 18
208 616 413 690 censebo.
460 616 638 663 Gerant.
664 615 939 677 habeantque
977 631 1061 663 suo
1097 617 1230 662 modo
1268 616 1468 676 imperia,
1502 629 1646 677 quae-

477 160 804 199 fflSTORlARUM
830 159 1143 197 FRAGMENTA.
1203 159 1291 194 LIB.
1324 159 1384 194 Ill.
1558 153 1643 196 85

208 777 259 812 el'
287 776 369 812 Liv.
398 774 567 821 XXXIV,
585 780 622 821 5,
643 778 680 815 6.
728 776 850 813 Verba
875 787 1064 825 mayna,
1092 787 1188 824 quae
1215 778 1274 813 res·
1296 777 1488 824 madae
1511 785 1646 813 caussa

207 833 493 880 mumma,
520 832 674 869 ethaec
703 834 1040 871 doliaessesci'o.
1087 833 1143 870 Id.
1162 833 1316 879 XXXV,
1334 836 1371 878 2,
1391 836 1428 871 2.
1471 833 1649 870 Tanad-

206 898 338 925 νει-ωε
357 900 468 936 quam
485 889 671 926 secundae
688 899 751 925 res
769 892 947 938 magnis
965 890 1193 927 sermonibus
1210 890 1503 935 celebrabam,
1513 890 1586 927 ubi
1609 900 1647 926 v.

209 945 397 982 Drakenb.
425 945 514 983 Hor.
541 944 621 982 Sat.
653 946 687 990 Ι,
714 948 756 990 6,
784 949 843 986 ⁷3.
866 946 984 983 Pueri
1006 948 1194 994 maynis
1220 957 1242 983 e
1267 946 1541 984 centia-ionibus
1562 948 1645 983 orti.

207 1021 267 1029 --
291 999 482 1038 Sententia
508 1001 604 1038 haee
631 991 853 1047 ἆσυνδέτως
877 1004 994 1069 priori
1027 1003 1176 1040 adiecta
1207 1003 1360 1050 proprie
1392 1014 1462 1050 per
1493 1007 1534 1039 a!
1561 1014 1648 1050 par-

207 1057 357 1094 ticulam
384 1058 437 1094 illi
467 1057 774 1105 contraponenda
799 1063 893 1096 erat.
919 1080 977 1086 —
992 1059 1228 1108 Proper-atis
1264 1059 1315 1096 ad
1341 1060 1556 1108 analogiam
1590 1061 1649 1096 ire

207 1113 314 1151 verbi
350 1124 435 1150 eum
473 1115 608 1163 supino
649 1115 812 1151 iunctum
849 1120 926 1161 est,
966 1116 1014 1152 de
1055 1128 1129 1164 quo
1169 1116 1332 1153 diximus
1372 1116 1422 1152 ad
1462 1115 1570 1153 Catil.
1610 1128 1646 1153 e.

206 1169 374 1216 XXXVI,
401 1173 439 1208 4.
471 1181 509 1217 p.
538 1174 619 1210 168.
657 1173 705 1208 es.
726 1172 789 1209 Fr.
811 1173 857 1215 V,
880 1174 936 1211 17.
982 1173 1092 1209 Video
1118 1174 1353 1221 indiyentiam
1376 1174 1474 1209 dona
1500 1183 1647 1221 quoe-

206 1227 344 1262 n'tum
366 1229 513 1274 yram
532 1232 889 1275 properantem.
931 1230 1060 1266 Paullo
1089 1230 1312 1266 insolentius
1328 1229 1483 1277 quidem
1511 1230 1646 1267 eadem

208 1284 433 1320 constructio
453 1284 576 1320 statim
594 1290 681 1331 post
699 1296 747 1321 ex
764 1285 892 1322 hortor
910 1288 1029 1323 verbo
1046 1286 1207 1334 pendet,
1239 1286 1310 1324 sed
1328 1286 1567 1323 commodam
1583 1297 1649 1322 ex-

208 1339 440 1375 cusationem
467 1339 639 1385 habebit,
677 1342 710 1377 si
736 1343 972 1388 reputaveris
1002 1343 1038 1378 in
1065 1343 1212 1379 hortari
1239 1344 1471 1379 transitivam
1500 1348 1648 1379 senten·

209 1396 297 1431 tiam
313 1406 414 1440 esse,
429 1407 525 1442 quae
541 1397 578 1432 in
590 1407 805 1445 properare
823 1399 1059 1435 intransitiva
1073 1403 1144 1435 est.
1159 1400 1286 1436 Verba
1298 1409 1417 1447 neque
1437 1409 1503 1446 eyo
1516 1409 1580 1436 vos
1593 1401 1648 1435 ul-

209 1456 284 1487 m
297 1452 454 1488 meas
468 1452 597 1489 hortor
616 1454 700 1490 sine
714 1463 780 1501 eyo
798 1455 1025 1501 pronomine
1036 1455 1162 1492 laudat
1171 1456 1284 1493 Arus
1305 1467 1345 1492 v.
1364 1456 1504 1500 hortor,
1514 1467 1554 1503 p.
1562 1458 1647 1495 234.

210 1506 320 1544 Lind.
344 1519 393 1543 ex
410 1508 487 1553 111„
505 1509 619 1545 ultam
637 1511 830 1557 explicans
848 1512 962 1547 ulnam
985 1514 1074 1558 ire,
1101 1511 1201 1548 unde
1219 1512 1293 1549 hoe
1313 1517 1413 1549 certe
1431 1517 1533 1560 patet
1551 1513 1647 1550 salso

210 1563 370 1656 Ειὼιὲιιιιι
398 1563 448 1600 ad
476 1564 556 1602 Cat.
575 1566 622 1612 V,
637 1569 678 1606 9.
699 1567 885 1603 coniicere
909 1568 1144 1605 librariorum
1165 1570 1278 1616 eulpa
1302 1571 1361 1606 ire
1383 1573 1468 1605 ante
1489 1570 1648 1606 iunium

213 1629 296 1656 exer
338 1631 417 1656 sse.

295 1679 358 1720 s.
384 1678 443 1715 17.
476 1639 650 1727 amiud-¹8)
689 1679 788 1715 Edd.
817 1684 967 1717 veteres
1004 1681 1256 1728 interpolatae
1283 1683 1461 1730 capiatur.¹
1478 1702 1537 1709 -—-
1568 1682 1647 1719 Res

207 1737 355 1780 repeto,
385 1733 410 1768 i.
439 1744 476 1770 e.
491 1734 585 1770 iura
612 1735 720 1772 nobis
747 1741 877 1783 erepta
899 1741 940 1773 ut
959 1739 1068 1774 nobis
1088 1739 1327 1774 restituantur
1344 1740 1512 1786 postulo,
1531 1744 1648 1775 meta·

208 1789 328 1835 phora
353 1790 502 1836 sumpta
527 1801 550 1826 a
578 1784 775 1837 fetialibus,
802 1793 878 1839 qui,
898 1798 1096 1841 antequam
1103 1796 1278 1841 populus
1298 1795 1491 1832 Romanus
1509 1796 1647 1832 bellum

209 1845 362 1888 faceret,
374 1846 623 1883 mittebantur
641 1848 694 1883 ad
713 1858 777 1884 res
792 1850 1032 1896 repetendas,
1058 1851 1165 1886 cuins
1187 1852 1340 1887 instituti
1360 1852 1456 1897 haee
1472 1856 1552 1888 erat
1572 1853 1645 1896 vis,

211 1904 251 1936 ut
265 1911 362 1947 gens
381 1901 530 1938 hostilis
546 1907 654 1949 rapta
674 1905 894 1949 restitueret,
917 1910 981 1942 aut
1000 1907 1073 1941 alio
1089 1906 1203 1945 modo
1224 1908 1481 1952 satisfaceret3
1501 1909 1551 1944 el'.
1567 1909 1647 1944 Liv.

210 1956 239 2000 Ι,
258 1959 318 2000 32,
338 1958 375 1994 6.
396 1968 479 2003 sqq.
509 1958 677 1996 Brisson.
707 1959 755 1995 de
774 1960 899 1996 Form.
917 1961 990 2000 IV.
1002 1973 1042 2008 p.
1062 1965 1146 2002 341.
1164 1982 1223 1988 —-
1256 1964 1328 1999 Pro
1348 1965 1529 2008 censebo,
1543 1965 1646 2011 quod

211 2012 249 2047 in
282 2013 454 2048 omnibus
483 2013 595 2049 codd.
627 2020 702 2060 est,
736 2015 883 2053 Cottius
905 2028 954 2053 ex
973 2018 1061 2054 edd.
1082 2019 1314 2066 interpolatis
1334 2021 1484 2067 scripsit
1502 2031 1645 2066 censeo,

212 2078 288 2103 non
307 2074 505 2105 assecutus
531 2070 691 2107 futurum
722 2077 873 2119 propter
898 2084 1164 2121 praegressum
1189 2076 1394 2113 retinebunt
1409 2078 1536 2124 utique
1557 2089 1645 2115 esse

212 2125 480 2160 necessarium.
499 2145 557 2152 -
578 2126 629 2162 De
653 2126 793 2175 duplici
811 2134 996 2166 structura
1014 2140 1166 2167 censere
1183 2133 1304 2176 verbi,
1324 2134 1374 2170 e'x
1393 2145 1466 2180 quo
1485 2135 1645 2181 primum

213 2182 451 2217 accusativus
477 2183 632 2227 obiecti,
662 2183 800 2220 deinde
821 2186 1031 2223 enunciatio
1051 2187 1176 2224 finalis
1194 2193 1283 2236 apta
1304 2195 1375 2234 est,
1396 2191 1447 2226 el.
1468 2190 1519 2227 ad
1537 2190 1644 2227 Catil.

212 2247 247 2271 e.
267 2237 315 2280 V,
335 2239 371 2275 9.
390 2248 429 2283 p.
451 2239 510 2276 31.
529 2243 567 2274 et
593 2238 643 2274 ad
663 2240 745 2288 lug.
767 2253 803 2278 e.
821 2241 938 2287 XXV,
960 2247 995 2282 1.
1023 2245 1158 2290 quibus
1183 2245 1277 2282 locis
1308 2246 1449 2282 similes
1478 2253 1647 2284 constru-

212 2293 356 2328 ctiones
385 2293 666 2332 illustravimus.
705 2297 861 2335 carzere
886 2310 996 2334 arma
1021 2300 1156 2337 eadem
1174 2303 1471 2350 breviloquentia
1493 2305 1645 2348 dietum,

212 2348 604 2396 utiubereleqesn(v.
624 2352 774 2401 adlug.
795 2365 829 2392 e.
846 2354 1042 2399 LXXXIV,
1066 2360 1098 2394 l.
1118 2368 1156 2403 p.
1176 2360 1291 2403 436-‚J
1315 2360 1646 2407 decemerepme-

209 2406 408 2449 πένθημ’.
439 2405 664 2445 adCatc.
691 2408 870 2453 me.
900 2423 940 2458 p.
974 2414 1073 2458 146.)
1126 2412 1237 2450 Caes.
1265 2415 1306 2450 Β.
1338 2416 1381 2452 G.
1410 2417 1491 2461 Vll,
1520 2419 1576 2459 7⁷.
1609 2421 1646 2456 2.

208 2459 311 2496 Pars
335 2461 641 2509 deditionem,
663 2475 764 2511 pars
792 2470 1084 2515 eruptionem
1110 2471 1381 2507 censebant.
1420 2473 1500 2508 Liv.
1519 2473 1569 2521 X,
1590 2478 1646 2518 12,

210 2519 247 2554 3.
278 2517 462 2553 Bellum
482 2517 848 2568 Smndahoepatres
876 2531 1175 2562 censuerunt.
1216 2526 1334 2563 Tacit.
1350 2529 1450 2564 Anu.
1465 2529 1524 2574 ΠΙ,
1538 2532 1595 2574 57,
1613 2535 1647 2568 1.

197 2572 294 2608 -Νοο
325 2577 444 2609 tamen
479 2579 689 2622 repertam,
720 2579 795 2614 nisi
824 2583 863 2615 ui
891 2580 1088 2628 effigies
1112 2584 1346 2629 principum,
1379 2596 1496 2621 aras
1529 2586 1648 2631 domn,

212 2630 382 2676 templa
409 2634 446 2665 et
470 2641 619 2668 arcus
643 2633 836 2681 aliaque
860 2637 1007 2673 solita
1035 2643 1303 2676 censerent.
1343 2641 1448 2685 Quae
1474 2644 1647 2689 exempla

214 2684 334 2721 Fabro
355 2685 549 2723 debentur.

326 2745 361 2783 S
386 2745 442 2780 18
483 2753 550 2779 suo
578 2744 701 2789 modo)
731 2747 757 2781 i.
784 2757 819 2784 e.
848 2748 945 2784 l'astu
977 2754 1014 2785 et
1042 2753 1256 2797 arrogantia
1281 2753 1374 2799 ipsis
1399 2755 1562 2801 propria.
1591 2773 1646 2780 -—
