1774 3002
450 188 780 231 msTomAme
813 188 1125 229 PRAGMENTA.
1184 190 1272 226 Lm.
1301 190 1346 225 11.
1534 174 1613 223 171

147 329 152 332 ’
176 320 373 376 labores,
402 327 529 380 'quos'
555 316 844 378 nequicquam
880 313 1068 360 abnuitis
1081 351 1092 370 ‚
1118 316 1163 360 et
1191 313 1314 374 pacis
1349 308 1619 371 opulentiam

179 398 408 464 quaeritis,
434 412 568 464 quum
595 388 749 447 omnes
783 397 1058 460 provinciae,
1088 410 1249 459 regna,
1281 390 1416 443 maria
1444 396 1619 440 terrae-

177 499 263 548 que
297 494 455 546 aspera
481 486 556 529 aut
591 484 711 530 fessa
741 481 866 529 bellis
902 483 1001 528 sint.

308 571 376 615 51.
434 568 585 629 Neque
625 567 741 628 apud
778 565 1057 620 Sallustium,
1102 577 1245 624 neque
1281 561 1399 621 apud
1431 559 1616 614 Livium,

177 663 320 713 neque
354 634 473 711 apud
507 649 799 696 Fenestellam
840 648 972 694 ullius
1009 646 1190 693 alterius
1221 645 1276 691 ab
1312 659 1366 691 eo
1403 644 1517 690 latae
1550 643 1620 689 le-

179 734 251 796 gis
272 717 464 790 mentio,
507 737 680 794 praeter
713 748 830 788 eam,
877 747 1006 793 quam
1047 730 1091 776 in
1128 729 1359 776 consulatu
1408 728 1508 773 tulit
1540 741 1622 773 re-

180 873 298 917 mam’,
326 868 575 907 subvenite
593 870 697 916 mihi,
726 870 788 907 ubi
809 883 846 907 v.
870 871 1043 905 annotata
1061 879 1098 915 p.
1118 869 1178 906 91.
1225 865 1306 902 Liv.
1325 864 1401 911 XL,
1419 867 1454 909 9,
1476 864 1510 901 7.
1532 863 1624 901 Per

181 933 221 964 te
238 927 475 975 pomumque
503 937 633 963 nomen
664 949 711 954 —
744 928 794 963 ita
816 936 872 962 me
901 923 1071 962 audias
1082 930 1238 972 precor.
1283 922 1337 957 De
1358 921 1500 957 omisso
1522 921 1624 957 obte-

181 983 304 1021 standi
324 984 386 1019 vel
406 983 538 1019 orandi
560 984 673 1020 verbo
693 994 730 1018 v.
752 982 871 1019 Hand.
892 981 939 1018 de
960 981 1115 1018 Particc.
1138 981 1200 1016 lat.
1226 978 1312 1014 Vol.
1331 978 1396 1014 lv.
1424 988 1462 1025 p.
1483 978 1565 1016 uo.
1587 979 1624 1015 5.

182 1039 342 1077 Mtitzell.
364 1039 414 1076 ad
434 1032 530 1076 Curi.
551 1040 615 1084 IV,
635 1043 693 1084 55,
712 1041 769 1078 24.
790 1050 828 1086 Ρ.
848 1041 930 1077 345.
960 1041 996 1074 et
1016 1037 1178 1074 Gramm.
1204 1036 1267 1072 lat.
1291 1038 1407 1071 nostr.
1431 1037 1466 1078 s.
1488 1036 1568 1078 159,
1588 1037 1624 1072 5.

181 1109 219 1144 p.
242 1098 345 1141 602.,
375 1095 474 1132 unde
505 1099 627 1143 patet,
664 1107 773 1159 quam
805 1095 970 1142 imperite
1002 1095 1039 1130 in
1069 1092 1229 1140 antiquis
1259 1090 1346 1127 edd.
1378 1095 1413 1127 et
1444 1101 1562 1138 nuper
1587 1090 1625 1126 in

182 1152 398 1189 Weissiana
414 1162 555 1200 precor
573 1156 658 1199 post
678 1152 857 1188 maiorum
878 1152 1100 1188 inculcatum
1122 1150 1181 1186 sit.

294 1210 328 1251 s
358 1210 413 1247 14
444 1208 564 1245 Multa
590 1215 684 1245 cura
707 1218 846 1245 summo
872 1209 1026 1256 imperio
1056 1207 1165 1250 inest)
1200 1207 1225 1241 i.
1257 1217 1290 1241 e.
1320 1205 1436 1240 multa
1464 1213 1555 1239 eura
1579 1202 1625 1239 iis

183 1265 424 1312 suscipienda
447 1269 522 1310 est,
546 1265 608 1312 qui
629 1276 812 1301 summum
832 1264 1027 1312 imperium
1049 1267 1195 1307 tenent;
1226 1262 1360 1308 quibus
1381 1260 1506 1297 verbis
1522 1258 1627 1296 Cotta

183 1321 274 1358 satis
304 1321 439 1358 callide
469 1318 648 1384 populum
674 1321 878 1358 maiestatis
907 1331 999 1357 suae
1028 1319 1216 1356 admonet.
1251 1338 1307 1343 —
1346 1317 1399 1352 De
1428 1315 1627 1353 adieclivis

183 1378 286 1414 mul&
300 1378 460 1425 inqentes
485 1378 565 1414 sine
588 1377 801 1425 copulativa
819 1377 1002 1424 particula
1024 1376 1157 1423 positis
1180 1387 1218 1411 v.
1243 1375 1402 1410 Gramm.
1423 1374 1486 1410 lat.
1510 1376 1626 1409 nostr.

184 1437 217 1476 §-
238 1437 318 1479 120,
341 1438 376 1472 3.
398 1434 589 1470 Additam.
611 1438 646 1472 2.
666 1434 702 1469 b.
724 1445 763 1481 p.
782 1437 863 1473 290.
895 1454 945 1460 -
974 1433 1111 1469 Verbis
1130 1432 1242 1480 pacis
1268 1431 1489 1478 effluentiam
1514 1438 1628 1478 quae-

185 1488 379 1526 ritis-Cotta
399 1491 517 1538 tangit
532 1491 705 1537 querelas
728 1489 775 1526 de
796 1500 968 1526 annonae
988 1489 1197 1537 gravitate3
1218 1500 1255 1525 v.
1275 1487 1336 1523 Fr.
1357 1488 1412 1534 II,
1431 1489 1490 1532 48,
1506 1489 1628 1525 49.-

184 1546 332 1594 Aspera
354 1547 451 1583 valet
472 1543 794 1594 difficultatum'ac
806 1547 1058 1595 periculorum
1071 1546 1210 1593 plena,·
1230 1555 1268 1580 v.
1288 1543 1338 1579 ad
1354 1543 1435 1591 lug.
1453 1539 1631 1587 c.xx1x,

186 1606 222 1640 1
240 1613 281 1649 Ρ.
301 1604 380 1641 164.
408 1622 458 1628 -
500 1603 617 1639 Fessa
646 1603 707 1639 hic
735 1596 792 1640 es't
817 1602 1000 1640 exhausta
1028 1601 1157 1650 opibus
1182 1605 1218 1637 et
1245 1601 1454 1692 sumptibus
1486 1599 1630 1648 imperii

187 1658 442 1695 sustinendis'
434 1659 602 1706 imparia.

296 1713 357 1751 Fr.
373 1718 430 1754 51.
467 1714 594 1761 [Deest
616 1726 677 1763 op.
703 1715 802 1752 Cort.
825 1715 924 1752 Gerl.
946 1715 1008 1751 ed.
1024 1715 1111 1750 mai.
1128 1715 1204 1751 lnc.
1221 1715 1303 1752 219.
1330 1712 1391 1748 ed.
1406 1714 1495 1749 min.
1512 1713 1557 1759 11,
1571 1714 1632 1751 8³.

185 1772 407 1818 p-205,1⁷.
439 1770 744 1821 Debr.11‚146.]
792 1771 1059 1820 Fragmentum
1088 1775 1144 1808 est
1172 1769 1274 1817 apud
1295 1770 1436 1806 Ascon.
1458 1769 1548 1805 Ped.
1583 1768 1633 1805 ad

188 1826 264 1863 Cic.
285 1837 323 1874 p.
347 1827 457 1864 Corn.
478 1839 515 1875 p.
537 1831 596 1868 66.
621 1827 682 1863 ed.
705 1828 818 1865 Orell.
833 1857 843 1874 ‚
875 1827 944 1865 sed
967 1827 1038 1873 ita,
1067 1831 1106 1863 ut
1131 1830 1311 1875 appareat
1341 1837 1425 1862 eum
1450 1836 1525 1862 non
1557 1829 1632 1860 tam

188 1884 272 1930 ipsa
297 1883 415 1920 verba
435 1884 603 1921 Sallustii
630 1887 803 1920 accurate
836 1885 996 1927 referre,
1027 1895 1136 1930 quam
1165 1894 1227 1919 res
1256 1882 1369 1917 modo
1391 1883 1437 1918 ab
1464 1882 1526 1917 illo
1550 1891 1634 1917 nar—

190 1942 292 1974 ratas
320 1940 522 1986 respicere.
565 1941 762 1976 Lacunosa
782 1940 936 1976 Asconii
959 1941 1073 1975 verba
1092 1939 1327 1986 explevimus
1353 1938 1544 1975 variorum
1565 1938 1636 1973 cri-

190 1995 348 2030 ticorum
368 1995 544 2031 inventis.
597 1993 646 2031 In
667 1995 921 2032 consulatu
943 1995 1162 2042 scripsimus
1186 2005 1234 2030 ex
1253 1993 1436 2041 Madvigii
1460 1993 1636 2030 emenda-

190 2051 290 2085 tione
309 2060 376 2098 pro
395 2052 547 2098 vulgato
566 2052 604 2086 ῆι
622 2052 813 2096 concione,
834 2050 934 2098 quod
954 2052 1117 2098 ineptum
1137 2055 1216 2096 est;
1237 2071 1293 2076 —
1313 2051 1392 2087 ttulit
1408 2054 1637 2098 repuynante

193 2106 346 2142 debetur
373 2106 628 2152 Hotomanno,
659 2111 783 2143 cetera
810 2108 934 2144 omnia
962 2106 1141 2144 Manutio.
1180 2107 1264 2155 Egit
1292 2112 1413 2143 autem
1435 2105 1635 2143 Sallustius

192 2174 237 2198 eo
256 2162 500 2199 Historiarum
527 2164 631 2208 loco,
660 2163 759 2200 unde
786 2163 881 2200 haec
909 2161 1107 2212 desumpta
1134 2169 1237 2208 sunt,
1270 2163 1318 2199 de
1348 2163 1387 2200 C.
1418 2163 1541 2207 Cotta,
1573 2164 1636 2210 qui

192 2218 324 2255 consul
345 2218 428 2266 lege
450 2231 539 2263 sua,
571 2229 668 2267 quae
688 2220 841 2257 Aurelia
861 2222 1038 2264 vocatur,
1069 2220 1213 2257 initium
1235 2220 1322 2256 feeit
1344 2218 1532 2256 tollendae
1549 2219 1637 2256 Cor-

192 2274 332 2319 neliae,
371 2272 697 2322 restituendaeque
722 2275 943 2314 tribuniciae
971 2278 1188 2325 potestatis,
1226 2277 1346 2324 qualis
1374 2277 1463 2313 olim
1493 2277 1635 2313 fuisset.

193 2331 247 2367 De
269 2330 402 2367 eadem
419 2329 503 2378 lege
520 2331 763 2380 intelligenda
782 2337 867 2369 sunt
887 2335 1003 2370 verba
1027 2334 1064 2369 in
1084 2332 1251 2370 oratione
1268 2333 1318 2369 Μ.
1335 2333 1478 2377 Licinii,
1498 2333 1559 2368 Fr.
1575 2333 1636 2381 111,

193 2390 251 2432 82,
279 2389 315 2425 8.
346 2387 429 2423 Nisi
455 2386 555 2434 fhrte
579 2387 618 2428 G.
650 2388 769 2434 Com,
798 2398 849 2427 ex
873 2389 1035 2438 factione
1065 2390 1184 2427 media
1213 2390 1358 2435 consul,
1394 2390 1501 2425 aliter
1527 2399 1638 2436 quam

194 2446 289 2479 metu
313 2443 421 2480 iura
451 2444 677 2490 quaedam
709 2445 914 2483 tribunis
933 2446 1100 2494 plebei
1126 2447 1353 2483 restituit.
1402 2446 1451 2482 cr.
1478 2445 1638 2481 Ellendt.

163 2549 165 2554 ⁴
196 2499 288 2535 Hist.
308 2501 405 2546 eloq.
426 2510 520 2535 rom.
540 2503 576 2543 s.
591 2501 650 2538 80.
669 2513 707 2548 p.
721 2496 779 2540 81.
798 2502 860 2538 ed.
875 2502 920 2538 II.
939 2521 996 2529 —
1016 2502 1253 2539 Nobilitatem
1272 2503 1384 2538 talem
1405 2502 1529 2549 legem
1549 2513 1639 2549 quo-

196 2556 255 2591 vis
275 2555 387 2591 modo
408 2555 591 2602 impedire
612 2557 801 2594 studuisse
823 2562 863 2594 ut
879 2568 948 2606 per
970 2570 1011 2595 se
1037 2564 1330 2596 consentaneum
1356 2562 1433 2603 est,
1457 2559 1507 2594 ita
1537 2562 1639 2605 patet

196 2611 306 2647 etiam
336 2623 383 2647 ex
410 2613 493 2647 loco
515 2612 705 2649 Ciceronis
723 2613 872 2662 Fragm.
897 2626 952 2651 or.
973 2614 1142 2663 p.‚Gorn.
1163 2626 1203 2663 p.
1224 2617 1283 2653 78.
1304 2614 1367 2651 Οι·.
1396 2614 1638 2651 Inimicis-

194 2668 303 2703 simi
332 2668 371 2705 G.
400 2667 558 2705 Cottae
583 2668 806 2716 fuerunt,
838 2670 935 2718 quod
956 2673 1135 2708 isconsul
1154 2670 1323 2719 paulam·
1346 2671 1500 2708 tribunis
1518 2670 1640 2719 plebis

196 2731 270 2759 non
283 2725 490 2770 potestatis,
520 2724 587 2762 sed
604 2725 785 2772 dtqnieam
804 2726 953 2765 addidit.
1000 2729 1119 2773 Quam
1147 2729 1293 2775 ingrata
1321 2730 1443 2764 autem
1473 2728 1535 2763 lex
1562 2726 1639 2763 Au-

197 2778 288 2814 relia
305 2781 449 2827 perlata
472 2782 581 2818 ruerit
602 2781 801 2827 nobilibus,
813 2785 1053 2830 cognoscitur
1072 2788 1268 2831 praeterea
1289 2794 1337 2820 ex
1359 2795 1417 2828 eo,
1431 2783 1533 2831 quod
1555 2783 1636 2819 eius
