1774 3002
494 132 825 175 nisToRIARUM
856 135 1169 175 FRAGMENTA.
1233 139 1321 176 LIB.
1352 138 1380 175 1.
1600 131 1658 178 33

306 247 309 249 Δ
346 264 416 307 38.
449 260 504 307 Et
522 261 687 308 relatus
706 261 953 308 inconditae
973 262 1076 308 olim
1095 263 1212 309 vitae
1234 278 1347 320 mos,
1367 265 1416 308 ut
1434 277 1563 309 omne
1587 263 1657 309 ius

211 343 254 388 in
287 343 454 389 viribus
481 347 612 390 esset.

344 431 412 473 39.
457 426 556 483 Quo
596 429 861 488 patefactum
885 430 954 473 est
980 427 1288 488 rempublicam
1318 430 1532 489 praedae,
1569 446 1656 477 non

212 507 397 556 libertati
428 511 668 570 repetitam.

203 646 268 694 qun·
277 649 444 693 poterat,
466 647 555 694 plus
578 647 671 683 iuris
697 645 835 683 habere
861 646 1074 687 videbam-‚-
1103 657 1200 694 quae
1225 646 1342 686 verba
1372 648 1586 687 memoriter
1611 661 1654 687 ae

204 704 360 739 liberius
382 714 430 739 ex
450 704 659 751 posteriore
678 703 790 739 huius
800 703 1018 750 >fragmenti
1038 709 1146 750 parte
1161 716 1343 752 expressa
1360 705 1505 743 Cottius
1523 718 1654 754 parum

205 763 312 795 acute
339 759 389 795 ad
410 759 516 796 Catil.
533 759 702 807 XXXIX,
717 763 752 797 4.
778 760 966 806 pertinere
991 762 1149 796 censuit.
1168 762 1368 798 Praeterea
1384 761 1495 799 Corn.
1517 763 1654 800 Fronto

205 814 384 852 de-oratt.
402 815 454 860 11,
477 819 512 853 5.
528 816 632 860 (Vol.
653 816 695 850 ΙΙ.
719 827 756 862 p.
777 819 859 855 266.
891 816 953 851 ed.
974 817 1128 853 Mediol.
1146 829 1180 853 a.
1197 819 1322 863 1815.)
1344 823 1381 854 et
1406 820 1487 867 ipse
1517 830 1655 855 memo-

206 872 294 907 riter
308 875 488 908 memorat
509 871 724 909 Sallustium
749 871 892 908 dixisse
913 883 1017 909 omne
1036 875 1094 909 ius
1111 875 1150 909 in
1176 875 1503 912 validioribus
1529 885 1652 920 esse,

206 927 308 963 unde
351 926 573 964 Gerlachius
609 929 646 965 iu
681 927 742 963 ed.
785 929 873 964 min.
909 930 947 964 in
987 930 1124 966 ceteris
1171 930 1338 967 Vaecam
1377 936 1530 968 secutus
1569 943 1654 980 per-

207 977 318 1020 verso
342 983 482 1020 iudicio
503 984 639 1020 viribus
661 985 903 1021 commutavit
923 996 1006 1020 cuin
1023 986 1270 1022 validioribus.
1317 986 1518 1024 Sallustius
1539 999 1653 1036 quum

204 1038 276 1075 hoc
305 1039 425 1083 dicat,
455 1040 514 1076 ius
537 1050 606 1087 per
629 1050 680 1075 se·
703 1040 820 1076 fuisse
856 1041 1016 1086 nullum,
1063 1053 1107 1078 ac
1134 1043 1232 1078 vires
1254 1054 1333 1090 pro
1368 1045 1451 1080 iure
1484 1045 1651 1089 vacuasse,

204 1093 358 1132 dubium
378 1105 452 1130 non
477 1100 545 1140 est,
568 1094 666 1143 'quin
685 1095 759 1131 hoc
779 1096 1062 1143 Fragmentum,
1093 1099 1199 1134 cuius
1220 1099 1353 1135 librum
1378 1101 1502 1137 nullus
1526 1103 1653 1138 aucto-

205 1161 287 1187 rum
308 1151 508 1197 indicavit,
529 1151 576 1187 de
597 1163 642 1187 eo
669 1156 835 1199 tempore
855 1153 1081 1200 capiendum
1102 1156 1173 1199 sit,
1196 1166 1270 1202 quo
1291 1155 1398 1192 Sulla
1419 1156 1651 1195 adversariis

205 1208 332 1244 fractis
350 1218 394 1244 ac
413 1209 579 1254 protritis
599 1206 711 1245 nisus
727 1213 992 1246 veteranorum
1012 1214 1048 1246 et
1064 1209 1319 1248 Corneliorum
1339 1224 1492 1250 suorum
1511 1215 1652 1251 ferocia

205 1267 317 1310 atque
344 1265 459 1300 armis
487 1266 614 1300 omnia
643 1275 691 1301 ex
718 1266 883 1302 lubidine
907 1267 984 1314 egit
1011 1271 1047 1302 et
1073 1272 1111 1303 ut
1139 1267 1332 1304 dominum
1356 1270 1587 1317 reipublicae
1610 1282 1651 1307 se

206 1321 338 1367 gessit.
396 1319 606 1358 Relatus
624 1331 719 1366 mos
740 1322 927 1369 significat
948 1325 1143 1370 repetitus,
1174 1334 1311 1361 rursus
1327 1325 1453 1363 matus
1469 1337 1572 1368 ηιοες
1603 1328 1651 1362 cf.

207 1374 283 1412 Cic.
302 1376 458 1413 Divinat.
476 1378 513 1412 in
533 1377 577 1422 Q.
596 1376 705 1414 Caec.
722 1390 755 1414 e.
770 1382 837 1425 21,
852 1379 910 1417 67.
963 1379 1072 1415 Haec
1091 1382 1272 1417 maiorum
1297 1383 1518 1419 consuetudo
1547 1384 1653 1431 lonyo

205 1433 399 1469 mtervallo
414 1435 569 1480 repetita
588 1444 635 1469 ac
653 1435 730 1470 rel
737 1445 761 1470 a
773 1439 787 1470 ι
794 1446 830 1470 α.
890 1434 980 1470 ibid.
1002 1438 1036 1478 s.
1055 1438 1114 1475 68.
1168 1435 1253 1473 Hoc
1271 1439 1410 1474 &nstitui
1431 1443 1540 1486 atque
1560 1440 1653 1476 adeo

151 1483 154 1485 ’
205 1488 402 1526 mmm·
420 1499 471 1525 re
476 1489 505 1536 f
508 1499 528 1525 e
539 1491 613 1525 rri
629 1499 676 1525 ac
693 1492 869 1526 renovari
885 1492 1031 1528 moleste
1051 1492 1193 1539 fer-unt.
1243 1492 1395 1530 Sueton.
1415 1494 1525 1532 Caes.
1544 1507 1578 1532 c.
1591 1500 1651 1540 2⁰,

207 1545 259 1579 iu.
298 1544 493 1592 Antiquam
512 1546 685 1582 retulit
700 1556 858 1594 morem,
880 1551 993 1583 ut—
1013 1548 1157 1597 luz-tores
1172 1559 1274 1596 pone
1295 1555 1550 1598 sequerentur.
1595 1552 1652 1589 Si-

206 1600 332 1636 milem
351 1601 430 1636 rere
450 1602 670 1638 sententiam
684 1599 852 1639 Velleius
864 1631 874 1647 ‚
905 1604 967 1640 ubi
987 1603 1035 1640 de
1057 1604 1312 1642 Gracchorum
1337 1608 1455 1644 turbis
1477 1609 1651 1655 loquitur,

205 1657 424 1703 protulit-II,
438 1659 473 1702 3,
488 1661 530 1696 3-
570 1657 655 1694 Hoc
673 1659 813 1695 initium
836 1661 875 1695 in
899 1660 992 1696 urbe
1019 1662 1135 1697 civilis
1161 1663 1351 1710 sonuimus
1374 1664 1653 1712 gladiorumque

201 1713 426 1759 ‘insumatis
448 1713 533 1760 suit.
592 1713 688 1750 Inde
715 1716 787 1751 ius
813 1717 859 1751 vi
887 1716 1127 1765 obrutum,
1152 1720 1497 1768 potentior-que
1518 1719 1654 1757 laabi-

207 1771 460 1817 1u8prior,
482 1770 759 1818 &normaeque
775 1773 927 1820 civium,
947 1774 1345 1812 antea‘condiciom'lm
1362 1772 1498 1813 sanai-2·
1511 1779 1651 1825 solitae,

205 1823 313 1870 ferro
336 1825 576 1873 diuidimwe,
595 1827 758 1876 bellaque
779 1839 852 1865 non
871 1832 1014 1866 caussis
1033 1831 1144 1879 inita,
1175 1831 1243 1867 sed
1263 1836 1383 1880 procat
1405 1843 1532 1872 eorum
1556 1843 1652 1871 mer-

243 1931 247 1935 ’
319 1937 380 1972 Fr.
399 1940 458 1976 39.
500 1936 629 1986 [Deest
648 1939 750 1986 apud
772 1939 885 1985 Cort.,
906 1941 1017 1978 Debr.
1038 1946 1077 1977 et
1098 1942 1197 1979 Gerl.
1219 1944 1279 1979 ed.
1296 1945 1453 1980 mai.—-
1469 1945 1539 1982 Ed.
1561 1947 1650 1984 min.

210 1991 246 2035 1,
268 1993 328 2030 32.
351 2003 390 2039 p.
408 1997 488 2037 185,
506 1992 556 2042 1.]
583 1995 848 2042 Fragmentum
867 2007 998 2032 recens
1022 1997 1191 2034 additum
1212 2002 1379 2038 servavit
1395 2001 1512 2038 Arus.
1533 2015 1572 2040 v.
1593 2014 1637 2040 re

204 2050 351 2092 petere,
383 2059 422 2094 p.
442 2051 532 2087 259.
551 2050 717 2086 Lindem.
755 2051 971 2088 Continetur
992 2064 1037 2088 eo
1058 2053 1224 2091 Sallustii
1251 2055 1429 2102 iudicium
1450 2058 1497 2093 de
1522 2058 1650 2096 Sullae

211 2103 365 2149 imperio
396 2105 509 2141 annis
534 2106 708 2143 civilibus
739 2118 824 2153 cum
858 2109 1025 2155 pernicie
1055 2111 1285 2158 reipublicae
1316 2117 1470 2160 parato;
1510 2116 1650 2163 quippe

210 2159 544 2206 proscriptionibus
562 2163 752 2211 cognitum
775 2175 881 2210 esse,
903 2165 1005 2201 illum
1023 2177 1098 2202 non
1119 2167 1345 2214 reipublicae
1365 2172 1649 2208 constituendae

211 2224 368 2260 caussa,
391 2220 429 2252 ut
446 2218 711 2264 mentiebatur,
739 2220 809 2256 sed
839 2224 878 2256 ut
905 2216 1084 2259 infinitam
1111 2225 1315 2270 potentiam
1342 2233 1648 2275 consequeretur,

213 2274 405 2317 tantopere
430 2273 466 2308 in
488 2273 729 2312 adversarios
751 2277 950 2314 saeviisse.
1009 2280 1056 2315 cs.
1085 2279 1248 2327 Appian.
1282 2281 1329 2318 de
1350 2283 1394 2319 B.
1423 2283 1503 2321 Civ.
1526 2285 1560 2330 1,
1587 2288 1647 2324 89.

211 2335 248 2372 p.
285 2327 366 2364 123.
404 2327 619 2378 Schweigh.
680 2325 760 2369 Τὸν
791 2330 919 2381 δῆμον
946 2329 984 2379 ἐς
1015 2331 1227 2385 ἐκκλησίαν
1251 2331 1489 2389 συναγαγὼν
1515 2334 1589 2390 τήν
1610 2352 1651 2378 τε

214 2372 396 2444 ἀνάγκην
423 2383 503 2421 τῶν
524 2379 733 2436 παρόντων
764 2378 1006 2442 ὦὶοφύρὲτο,
1039 2387 1108 2428 καὶ
1133 2389 1301 2444 θαρῤεῖν
1325 2392 1568 2446 προςέταξεν,
1597 2389 1651 2442 ὧς

213 2435 355 2474 αυτίκα
392 2437 514 2477 τῶνδε
542 2439 821 2492 παυσομένων,
862 2442 947 2483 καὶ
974 2447 1056 2497 τῆς
1081 2448 1337 2496 πολιτείας
1378 2447 1424 2497 ἐς
1451 2445 1502 2489 τὸ
1535 2449 1650 2491 δέον

213 2489 555 2545 ἐλευσομένης.
613 2499 717 2543 Quae
739 2500 866 2538 Sullae
890 2505 1025 2549 verba,
1062 2506 1224 2551 quietam
1252 2508 1440 2545 civitatem
1473 2513 1511 2544 et
1541 2507 1648 2546 secu·

213 2560 292 2586 ram
312 2553 581 2598 promittentia,
605 2565 714 2601 quam
739 2568 838 2594 vana
859 2559 1012 2605 fuerint,
1037 2564 1113 2596 tum
1134 2562 1315 2600 immanes
1335 2564 1537 2601 ostendunt
1556 2570 1648 2602 stra-

213 2617 283 2653 ges
303 2607 513 2661 insecutae,
533 2615 608 2645 tum
628 2610 835 2649 declaratur
850 2615 1034 2663 Plutarchi
1056 2619 1201 2663 verbis,
1223 2620 1382 2656 sortasse
1407 2632 1453 2657 ex
1470 2620 1647 2658 Sallustio

215 2665 408 2726 expressis
420 2692 430 2709 ,
460 2666 495 2700 in
518 2665 675 2702 Sullae.
690 2670 749 2707 30.
780 2659 947 2722 ’Λλλαγὴ
961 2666 1004 2710 τὸ
1018 2672 1147 2723 χρῆμα
1166 2673 1408 2726 τυραννίδος,
1427 2668 1502 2714 οὔκ
1521 2668 1647 2714 ainal-

215 2716 489 2769 λαγηγέγονε.
556 2723 603 2757 cl'.
633 2724 759 2760 Valer.
788 2726 887 2763 Max.
920 2729 1007 2773 VII,
1036 2723 1079 2774 6,
1114 2734 1149 2768 4.
1196 2728 1246 2768 0.“
1258 2734 1381 2770 Mario
1409 2738 1446 2770 et
1472 2728 1537 2772 Cn.
1558 2734 1648 2771 Car-

270 2797 434 2823 sauusri
457 2800 589 2824 FRAGM.
1317 2796 1344 2835 3
