1774 3002
161 133 246 177 142
646 139 686 176 C.
717 140 947 180 SALLUSTI
976 142 1128 182 CRISPI

164 262 290 323 quasi
325 263 408 308 deo
442 263 781 323 supplicabatur.
833 266 961 326 Toga
986 267 1102 326 picta
1130 268 1388 330 plerumque
1418 270 1641 316 amiculo4

163 349 256 392 erat
293 346 333 392 ei
369 347 662 406 accumbenti3
705 348 862 407 epulae
911 350 1296 409 quaesitissumae,
1345 367 1486 414 neque
1528 369 1608 414 per

163 445 337 476 omnem
364 431 495 476 modo
521 430 814 489 provinciam,
847 432 926 477 sed
951 433 1072 477 trans
1096 435 1232 480 maria
1255 450 1311 480 ex
1339 436 1607 482 Mauretania

161 514 391 559 volucrum
427 515 469 558 et
499 514 689 558 ferarum
724 513 948 575 incognita
973 518 1102 561 antea
1124 516 1254 576 plura
1276 531 1453 577 genera.
1490 518 1639 573 Qui-5

162 651 316 695 aliud,
348 660 478 697 quam,·
508 649 556 684 cf.
582 649 726 697 Zumpt.
749 651 913 687 Gramm.
942 652 1018 688 Lat.
1055 657 1090 696 §-
1110 656 1177 698 86,
1206 657 1264 692 13.
1297 658 1334 689 et
1353 655 1512 691 Gramm.
1541 656 1605 691 lat.

162 711 277 744 nostr.
308 710 340 750 §-
358 709 437 750 159,
456 709 491 743 5.
521 717 560 752 p.
580 708 661 744 602.
690 707 830 743 Bremi.
851 708 901 743 ad
919 709 1016 755 Nep.
1036 709 1182 756 Agesil.
1210 721 1241 746 c.
1257 710 1302 754 II,
1320 712 1354 748 4.
1379 711 1547 749 Gronov.
1568 716 1605 747 et

162 763 446 800 Drakenborch.
471 762 520 798 ad
542 763 624 798 Liv.
643 762 776 808 XXXI,
797 767 855 809 24,
875 768 917 803 3:
954 765 1097 802 Sensus
1119 770 1176 802 est
1199 767 1334 814 igitur:
1354 771 1390 804 et
1409 768 1482 803 alia
1507 768 1604 804 sacta

162 825 266 866 sunt,
294 831 388 867 quae
409 819 491 855 fieri
507 823 647 855 tantum
667 831 749 857 mos
774 822 883 856 estin
903 823 1038 869 templo
1062 823 1329 859 celeberrumo.

274 880 308 920 5,
329 880 364 915 3.
402 877 622 921 transenna)
648 876 762 923 Apud
786 878 1013 914 Macrobium
1033 879 1166 926 legitur
1186 881 1224 915 in
1249 883 1477 926 transenna,
1507 885 1603 916 stru-

161 939 266 970 ctura
280 933 420 980 pariter
448 937 557 979 atque
579 944 694 969 sensu
716 934 975 980 incommod03
1013 946 1128 982 quare
1143 936 1480 983 praepositionem,
1501 937 1603 973 haud

161 991 273 1026 dubie
303 991 539 1026 librariorum
577 1001 703 1025 errore
728 994 865 1035 ortam,
902 990 1133 1036 delevimus,
1175 1003 1286 1039 quam
1315 1003 1435 1039 neque
1461 993 1605 1029 Nonius

160 1046 273 1083 habet
292 1047 343 1091 II,
370 1049 451 1085 859.
477 1057 515 1092 p.
543 1048 631 1093 180,
657 1049 717 1083 20.
741 1047 854 1084 Mero.
870 1075 879 1091 ,
908 1058 1028 1094 neque
1053 1047 1209 1086 Servius
1230 1048 1278 1084 ad
1305 1049 1411 1096 Virg.
1436 1051 1533 1085 Aen.
1555 1050 1601 1093 V,

159 1105 263 1148 488„
301 1103 363 1149 qui
393 1102 487 1139 haec
509 1104 627 1138 verba
655 1104 866 1139 attulerunt.
927 1103 1097 1140 Ceterum
1126 1105 1188 1140 hic
1218 1105 1353 1141 rectius
1392 1115 1502 1151 quam
1541 1106 1600 1141 ille

159 1163 400 1196 transennam
431 1160 690 1205 interpretatur
717 1159 846 1206 funem
874 1164 1087 1201 extensum;
1117 1172 1203 1197 nam
1229 1161 1353 1197 aliena
1375 1165 1432 1197 est
1451 1163 1496 1197 ab
1516 1161 1554 1197 h.
1576 1163 1601 1197 l.

157 1216 346 1264 fenestrae
377 1215 599 1262 significatio
613 1243 623 1259 ,
655 1226 765 1262 quam
786 1217 929 1253 Nonius
952 1217 1039 1254 voci
1061 1218 1208 1262 tribuit,
1236 1219 1320 1253 loco
1340 1216 1530 1254 Ciceronis
1552 1217 1598 1253 de

160 1273 262 1310 Orat.
283 1273 310 1317 I,
331 1276 391 1316 35,
414 1274 493 1310 162.
515 1282 588 1307 non
604 1272 787 1309 intellecto
809 1272 1003 1309 seductus.
1019 1291 1075 1298 —-·
1096 1273 1149 1309 De
1173 1274 1329 1320 passivo
1350 1284 1466 1310 sensu
1486 1275 1599 1320 parti—

159 1330 247 1376 cipii
271 1329 501 1365 machinatus
519 1341 559 1365 v.
576 1328 625 1364 ad
647 1327 755 1364 Catil.
782 1339 813 1365 c.
835 1329 1004 1376 XLVIII,
1025 1332 1061 1368 7.
1089 1341 1127 1376 p.
1148 1333 1231 1368 225.
1266 1348 1324 1355 ——
1364 1330 1540 1366 Tonitrua
1561 1331 1597 1366 in

161 1386 312 1422 theatris
343 1389 420 1421 arte
449 1386 545 1420 facta
573 1390 840 1421 commemorat
868 1386 978 1421 etiam
1006 1385 1200 1422 Phaedrus
1221 1386 1335 1422 Tabb.
1355 1386 1403 1431 V,
1429 1387 1463 1424 7.
1521 1387 1596 1422 Au—

159 1444 239 1478 laeo
267 1443 395 1486 misso,
427 1442 661 1477 devolutis
688 1443 974 1486 tonitrubus,
1003 1442 1068 1478 Dii
1096 1447 1182 1478 sunt
1208 1439 1349 1479 Ιοεαίι.4
1369 1462 1426 1467 -
1466 1443 1596 1490 Capiti,

158 1510 227 1546 pro
249 1510 322 1546 quo
344 1498 445 1545 apud
459 1498 689 1534 Macrobium
709 1502 766 1534 est
786 1500 829 1544 ei,
850 1503 1062 1534 constanter
1081 1502 1208 1535 tenent
1221 1498 1376 1536 Servius
1401 1502 1438 1534 et
1456 1499 1597 1535 Nonius

160 1557 199 1591 ll.
221 1557 259 1591 ll.
271 1556 434 1602 ,quibus
455 1554 601 1590 accedit
618 1555 766 1591 tertium
785 1555 1034 1591 testimonium
1052 1555 1160 1591 Nonii
1181 1555 1243 1599 IV,
1265 1558 1345 1594 135.
1370 1566 1408 1601 p.
1426 1557 1517 1600 286,
1539 1559 1595 1593 15.

159 1612 365 1648 Merc.1ta
387 1615 510 1647 autem
528 1612 642 1658 capiti
660 1612 815 1647 refertur
838 1611 886 1647 ad
906 1623 1173 1658 praegressum
1192 1612 1333 1647 sedenti
1347 1611 1596 1658 participium,

159 1673 198 1704 ut
217 1679 264 1704 eo
284 1668 392 1714 quasi
407 1678 474 1714 per
495 1667 768 1713 appositionem
782 1679 871 1714 pars
890 1667 1118 1714 designetur,
1139 1668 1244 1703 cuius
1267 1671 1382 1703 totum
1381 1668 1596 1729 participio

159 1725 381 1769 continetur,
403 1734 499 1770 quae
524 1723 673 1759 dicendi
695 1724 810 1768 ratio,
833 1735 855 1759 a
875 1724 1128 1770 grammaticis
1148 1722 1275 1771 σχῆμα
1294 1712 1392 1758 καθ’
1414 1716 1506 1759 ολον
1529 1735 1596 1759 και

159 1777 275 1831 μέρος
294 1781 416 1825 dicta,
445 1780 620 1825 Graecis,
649 1783 685 1815 et
704 1780 868 1816 maxime
888 1780 1030 1827 poetiS,
1057 1780 1171 1815 multo
1195 1784 1251 1815 est
1274 1779 1462 1824 usitatior,
1485 1790 1592 1825 quani

160 1838 321 1886 Latini*s;
361 1837 407 1873 cf.
434 1837 609 1874 Matthiae
637 1836 800 1872 Gramm.
829 1847 887 1883 gr.
917 1839 949 1878 5.
971 1838 1054 1874 421.
1094 1840 1171 1871 not.
1196 1839 1231 1873 5.
1275 1846 1312 1881 p.
1331 1836 1400 1873 '776
1417 1853 1473 1860 —
1493 1838 1529 1874 7.
1559 1840 1595 1870 et

159 1899 192 1937 S.
213 1897 293 1933 389.
323 1897 360 1932 3.
379 1893 416 1929 h.
435 1904 471 1939 p.
491 1895 650 1932 715—6.
665 1913 722 1918 —
740 1894 810 1928 Pro
829 1893 946 1938 thure,
969 1892 1071 1939 quod
1089 1893 1126 1928 in
1147 1891 1318 1928 omnibus
1340 1890 1427 1931 edd.
1447 1891 1594 1938 legitur,

161 1952 380 1998 scripsimus
400 1954 497 1996 ture,
534 1949 743 1986 secundum
772 1949 1023 1985 testimonium
1052 1948 1209 1984 Charisii
1236 1959 1274 1994 p.
1294 1951 1354 1985 58.
1381 1947 1530 1984 Putsch.
1560 1952 1595 1983 et

161 2008 286 2046 Servii
320 2007 369 2043 ad
388 2007 496 2054 Virg.
521 2007 658 2053 Georg.
692 2007 727 2049 I,
756 2007 813 2044 57.
853 2006 901 2041 cs.
923 2003 1034 2041 Conr.
1054 2006 1169 2051 Leop.
1192 2002 1414 2041 Schneideri
1434 2003 1596 2040 Gramm.

160 2066 238 2101 Lat.
277 2064 361 2099 Vol.
384 2063 411 2098 Ι.
453 2064 495 2099 P.
515 2064 543 2099 I.
597 2075 636 2110 p.
655 2066 738 2101 200.
796 2062 850 2097 De
887 2072 991 2098 more
1027 2062 1118 2097 viris
1155 2060 1384 2107 principibus
1418 2059 1595 2095 adulandi

161 2131 299 2157 caussa
338 2123 419 2155 ture
459 2120 694 2167 supplicandi
731 2122 888 2166 egerunt
930 2129 1042 2164 quum
1086 2116 1365 2153 Freinshemius
1405 2115 1455 2152 ad
1495 2114 1595 2151 Curt.

161 2177 210 2221 V,
246 2181 287 2219 1,
311 2179 369 2212 20.
402 2179 438 2210 et
469 2175 680 2212 Casaubon.
721 2175 770 2210 ad
797 2175 949 2211 Sucton.
983 2173 1101 2220 Calig.
1132 2185 1166 2209 c.
1193 2172 1298 2218 XIII,
1336 2175 1412 2207 tum
1440 2171 1595 2208 Beierus

161 2232 212 2268 ad
241 2232 318 2268 cie.
353 2231 400 2266 de
430 2231 502 2268 Off.
524 2232 593 2276 III,
625 2236 691 2277 20,
717 2235 777 2269 80.
816 2243 855 2277 p.
884 2234 967 2268 335.
1031 2229 1200 2265 Omnibus
1222 2229 1313 2264 vicis
1345 2231 1488 2264 statuae
1511 2228 1594 2273 (sc.

162 2289 306 2335 positae
330 2291 424 2323 >sunt
461 2287 631 2331 Mari0);
678 2288 729 2323 ad
765 2297 830 2322 eas
868 2291 943 2331 tus,
981 2287 1081 2322 cerei
1114 2287 1197 2330 (sc.
1233 2284 1386 2329 oblati).
1451 2283 1594 2321 Seneca

163 2345 211 2381 de
252 2345 311 2380 Ira
354 2343 422 2387 III,
465 2346 520 2381 18.
597 2342 652 2378 Μ.
698 2342 821 2407 Mario
861 2346 966 2378 ture
1012 2347 1046 2378 et
1086 2343 1167 2378 vino
1207 2340 1399 2376 Romanus
1433 2340 1595 2387 popum

161 2400 480 2448 supplicabat.

277 2461 311 2500 §-
332 2459 366 2494 4.
407 2461 488 2520 ξορα
502 2455 630 2503 picta)
668 2453 834 2492 Eandem
857 2454 981 2490 Valer.
1004 2455 1104 2491 Max.
1122 2453 1190 2498 IX,
1214 2457 1253 2498 1,
1283 2457 1317 2491 5.
1337 2455 1448 2489 vocat
1464 2435 1595 2488 vestem

158 2515 378 2561 palmatam,
408 2513 432 2548 i.
455 2524 488 2547 e.
508 2512 654 2559 palmae
677 2511 776 2546 soliis
797 2510 1033 2556 distinctam3
1063 2511 1210 2557 palmae
1231 2509 1328 2544 enim
1349 2518 1460 2555 quum
1479 2507 1595 2544 vieto-

166 2571 266 2606 ribus
287 2580 425 2616 graeco
446 2580 550 2604 more
570 2568 738 2615 praemio
760 2566 841 2602 dari
863 2567 1077 2613 coepissent
1100 2568 1158 2611 (v.
1178 2565 1259 2602 Liv.
1276 2564 1323 2609 X,
1344 2565 1402 2608 47,
1418 2564 1490 2608 3.),
1509 2564 1593 2609 pal--

163 2631 262 2662 mata
285 2627 407 2671 vestis,
433 2626 515 2663 sive
538 2625 664 2661 tunica
692 2624 774 2661 sive
795 2627 901 2670 toga,
930 2624 1024 2659 inter
1048 2623 1215 2670 insignia
1241 2621 1308 2657 suit
1332 2620 1594 2666 imperatorum

163 2672 472 2729 triumphantium,
495 2683 542 2717 er.
559 2680 714 2718 Nitschii
733 2679 925 2726 Antiquitt.
939 2679 1047 2715 Rom.
1069 2679 1154 2716 Vol.
1172 2679 1201 2714 1.
1220 2689 1260 2724 p.
1277 2678 1360 2714 355.
1381 2679 1417 2710 et
1429 2677 1512 2713 359.
1533 2674 1596 2710 ed.

164 2739 240 2784 111„
267 2738 366 2775 unde
385 2739 494 2774 facile
518 2737 654 2774 Metelli
674 2738 791 2773 fastus
809 2736 1037 2782 intelligitur,
1060 2745 1170 2782 quem
1190 2735 1361 2770 accurate
1381 2730 1498 2777 tetigit
1515 2731 1599 2766 Plu-
