1774 3002
154 142 237 174 XIV
556 140 777 180 EDITORIS
806 142 1040 181 EPISTOLA
1070 143 1262 184 CRITICA

154 257 285 308 ipsius
331 259 529 302 orationis
573 262 729 303 initium
777 269 959 304 extrema
1014 264 1099 305 folii
1148 268 1339 307 columna
1388 269 1661 310 contineatur.

153 327 255 367 Folii
286 327 543 379 palimpsesti
572 336 658 370 tum
689 332 918 382 scripturae
948 338 1167 385 vetustate,
1202 340 1287 376 tum
1307 336 1400 387 ipso
1423 343 1664 388 argumento

156 395 256 436 satis
301 398 598 448 memorabilis,
650 402 883 451 exemplum
929 401 1053 452 lapidi
1098 403 1339 454 inscriptum
1378 404 1418 444 in
1459 405 1541 445 fine
1577 405 1666 445 libri

157 464 337 504 exhibui.

269 532 515 574 Universum
557 535 894 585 Fragmentorum
944 542 1057 577 recte
1097 539 1406 580 tractandorum
1455 539 1663 590 negotium

156 613 282 651 quum
308 614 390 642 non
418 603 548 654 magis
574 604 776 654 pertineat
805 606 857 644 ad
885 605 1064 645 criticam
1080 607 1301 647 verborum
1320 607 1662 658 emendationem,

155 681 279 719 quam
311 671 362 709 ad
396 683 538 711 eorum
560 672 939 722 interpretationem
965 682 1006 713 et
1031 674 1180 715 iustam
1205 675 1536 730 dispositionem,
1561 677 1663 717 haec

156 738 293 778 omnia
324 750 407 779 non
440 742 575 780 solum
605 740 660 780 ita
688 740 794 780 inter
825 753 872 781 se
902 743 1078 782 confusa
1106 749 1222 793 sunt,
1261 750 1307 785 ut
1335 747 1580 796 plerumque
1605 745 1663 784 ni·

152 806 208 847 hil
239 819 384 847 eorum
414 807 504 847 sine
538 810 666 848 altero
701 808 789 847 fieri
818 809 972 860 possit,
1011 811 1087 850 sed
1118 811 1239 851 etiam
1267 813 1335 852 vel
1363 812 1539 855 maxime
1566 824 1663 863 pen-

154 876 253 915 dent
283 887 336 915 ex
363 875 491 917 totius
521 878 660 929 operis
691 879 822 917 forma
851 882 892 917 et
922 883 1186 928 argumento;
1220 880 1333 930 quod
1361 879 1496 930 ipsum
1525 891 1664 931 quam·

156 955 279 994 quam
305 946 590 985 tantummodo
623 957 674 985 ex
710 944 881 995 singulis
912 946 1167 997 Fragmentis
1199 948 1393 988 constitui
1418 952 1570 999 potest,
1596 952 1664 988 ta-

154 1026 247 1055 men
278 1026 423 1054 rursus
462 1017 616 1052 tantam
654 1012 736 1051 vim
766 1013 890 1054 habet
924 1015 977 1054 ad
1007 1015 1095 1055 illas
1126 1021 1266 1067 partes
1295 1016 1562 1065 emendandi,
1594 1027 1663 1055 ex-

152 1083 350 1134 plicandi,
390 1081 638 1133 disponendi
676 1092 768 1121 cum
806 1094 1006 1123 successu
1044 1085 1356 1135 exsequendas,
1393 1089 1462 1137 ut,
1504 1084 1574 1135 qui
1610 1084 1662 1123 ad

153 1163 244 1192 eam
274 1163 361 1191 rem
389 1153 456 1191 vel
482 1149 662 1189 animum
687 1161 770 1190 non
796 1151 1032 1200 attenderit,
1062 1154 1128 1192 vel
1155 1164 1396 1204 perversam
1426 1152 1661 1202 opinionem

151 1225 288 1260 mente
327 1221 585 1272 conceperit,
625 1233 708 1262 non
747 1220 900 1273 possit,
940 1219 1036 1271 quin
1070 1220 1110 1260 in
1140 1221 1277 1261 multis
1312 1233 1338 1260 a
1367 1232 1468 1261 vero
1497 1220 1662 1260 aberret

151 1289 192 1329 in
226 1289 581 1340 gravissimosque
612 1301 776 1330 errores
815 1289 1005 1329 incurrat.
1071 1288 1173 1328 Nihil
1203 1288 1335 1339 magis
1375 1288 1498 1339 igitur
1523 1287 1660 1337 cupio,

155 1370 278 1409 quam
307 1363 353 1398 ut
383 1370 451 1408 ea,
481 1370 586 1408 quae
614 1358 666 1398 de
694 1358 832 1409 operis
859 1356 1095 1398 Sallustiani
1121 1356 1260 1397 indole
1290 1361 1332 1396 et
1359 1358 1491 1397 forma
1518 1357 1659 1407 explo-

152 1438 271 1467 rasse
291 1427 388 1466 mihi
417 1427 530 1467 visus
556 1439 659 1476 sum,
687 1426 786 1476 Tibi,
820 1427 1142 1466 Wuestemanne
1167 1424 1390 1474 carissime,
1421 1423 1659 1465 acutissimo

151 1495 338 1535 veritatis
376 1495 614 1536 reconditae
657 1494 960 1546 investigatori,
1003 1495 1232 1546 probentur
1275 1504 1539 1545 assensuque
1572 1493 1659 1532 Tuo

151 1565 372 1613 gaudeant.

266 1633 354 1682 Quo
385 1643 494 1672 anno
521 1633 698 1683 scriptae
720 1632 910 1671 editaeve
931 1630 1012 1670 sint
1026 1630 1253 1679 Historiae,
1279 1639 1526 1680 quamquam
1546 1630 1659 1669 nullo

151 1700 283 1739 veteri
318 1701 567 1742 documento
604 1700 815 1752 proditum
853 1704 939 1748 est,
977 1704 1113 1739 tamen
1154 1697 1394 1739 coniectura
1430 1696 1486 1737 ita
1520 1700 1661 1747 potest

152 1768 359 1818 constitui,
391 1774 435 1810 ut
463 1769 652 1820 proxime
683 1767 736 1807 ad
760 1779 904 1808 verum
935 1767 1169 1806 accedatur.
1208 1765 1377 1806 Catilina
1395 1755 1517 1814 enim,
1545 1765 1658 1816 quod

150 1837 329 1888 primum
359 1838 433 1878 fuit
462 1837 644 1878 Sallustii
673 1848 779 1887 opus
810 1838 880 1886 (cf.
913 1847 947 1876 c.
976 1837 1086 1884 IV.),
1131 1846 1257 1885 quum
1287 1834 1464 1875 Caesare
1494 1835 1659 1874 demum

152 1911 315 1951 mortuo
343 1912 457 1947 esset
485 1906 764 1958 compositus,
794 1910 840 1945 ut
862 1908 976 1954 patet
1005 1915 1057 1943 ex
1087 1914 1123 1942 c.
1144 1903 1252 1950 LIII,
1283 1901 1324 1942 6.
1356 1907 1398 1941 et
1425 1903 1547 1950 LIV.,
1574 1912 1658 1941 non

150 1974 266 2025 prius
293 1985 416 2024 quam
450 1985 558 2014 anno
587 1985 623 2013 a.
655 1975 746 2014 Chr.
777 1986 817 2013 n.
848 1972 915 2012 43.
946 1976 1017 2011 aut
1053 1972 1159 2021 adeo
1190 1969 1258 2010 42.
1290 1968 1492 2020 evulgari.
1513 1967 1658 2023 potuit.

151 2043 256 2082 Eum
285 2046 453 2083 secutus
484 2043 679 2093 Iugurtha
707 2054 806 2082 num
835 2040 1025 2092 proximo
1057 2038 1193 2079 statim
1223 2049 1331 2078 anno
1362 2035 1484 2078 fuerit
1509 2035 1657 2084 edituS,

152 2122 204 2150 an
233 2111 369 2160 paullo
402 2110 557 2158 serius,
588 2122 671 2150 non
701 2109 1003 2158 constat3‘sed
1034 2119 1087 2148 ex
1115 2118 1187 2155 eo,
1227 2105 1340 2156 quod
1369 2103 1588 2145 Sallustius
1622 2114 1658 2143 c.

150 2179 272 2227 XCV,
293 2177 332 2217 2.
359 2179 541 2217 declarat
569 2178 621 2217 de
647 2178 785 2218 Sullae
808 2182 954 2217 natura
985 2178 1179 2225 cultuque
1201 2173 1345 2225 paucis
1373 2184 1420 2213 se
1441 2172 1657 2220 dicturum,

154 2246 251 2298 quia
279 2245 358 2286 alio
389 2247 482 2286 loco
509 2246 561 2284 de
587 2245 676 2285 eius
711 2246 836 2285 rebus
860 2257 942 2284 non
973 2245 1157 2284 dicturus
1184 2242 1257 2291 sit,
1297 2253 1424 2292 quum
1450 2246 1586 2282 tamen
1615 2240 1657 2280 in

152 2314 426 2356 Historiarum
461 2313 565 2353 libro
603 2312 736 2364 primo
773 2312 910 2353 multis
942 2313 994 2352 de
1027 2311 1115 2352 eius
1141 2312 1250 2351 bello
1282 2309 1412 2358 civili,
1457 2309 1658 2349 dictatura

153 2393 398 2433 morumque
438 2382 635 2422 foeditate
675 2381 826 2432 egerit,
865 2381 945 2421 hoc
975 2384 1086 2420 certe
1114 2379 1261 2429 liquet,
1296 2383 1401 2426 tum,
1431 2387 1557 2427 quum
1586 2377 1658 2416 Iu-

152 2452 340 2504 gurtham
381 2449 602 2498 scriberet,
642 2450 827 2490 nondum
866 2459 959 2488 eum
984 2447 1256 2488 Historiarum
1287 2444 1494 2487 scribendi
1523 2444 1657 2485 consi·
1720 2440 1735 2453 ⁴

152 2520 250 2560 lium
281 2518 459 2570 cepisse.
518 2517 645 2567 Igitur
674 2517 709 2557 si
738 2516 933 2566 Iugurtha
958 2526 1066 2555 anno
1095 2515 1162 2554 41.
1192 2527 1229 2554 a.
1254 2515 1345 2555 Chr.
1369 2525 1409 2553 n.
1440 2513 1656 2553 absolutus

153 2588 246 2637 fuit,
280 2597 419 2638 neque
448 2590 594 2626 auctor
623 2585 759 2626 statim
788 2584 841 2623 ad
863 2582 1065 2623 Historias
1097 2582 1409 2634 componendas
1440 2591 1488 2621 se
1513 2584 1657 2621 contu-

154 2657 219 2706 lit,
249 2668 332 2698 non
363 2656 560 2696 abhorret
586 2665 611 2693 a
636 2651 1008 2699 verisimilitudine,
1041 2649 1356 2701 quadragesimo
1389 2649 1554 2688 demum
1589 2648 1657 2687 vel

152 2722 583 2775 undequadragesimo
616 2733 652 2761 a.
680 2722 771 2762 Chr.
800 2733 839 2760 n.
868 2730 976 2760 anno
1001 2719 1188 2770 inceptas
1218 2717 1347 2758 fuisse
1370 2716 1587 2764 Historias,
1617 2719 1660 2755 et

154 2792 297 2846 paucis
327 2797 423 2832 ante
453 2790 635 2832 Sallustii
657 2795 832 2830 mortem
863 2789 1001 2836 annis,
1032 2799 1138 2838 quae
1165 2784 1306 2826 incidit
1337 2784 1377 2825 in
1407 2795 1560 2825 annum
1587 2781 1655 2825 35.
