1774 3002
477 164 808 205 HISTORIARUM
836 163 1149 201 FRAGMENTA.
1206 163 1293 199 LlB.
1324 162 1385 198 IV.
1558 159 1643 203 305

339 295 379 336 6.
437 290 636 336 Insolens
662 304 769 335 vera
794 288 1049 348 accipiundi.

259 405 263 409 -
339 377 378 420 7.
434 372 694 419 Tetrarchas
722 386 944 433 regffique
975 371 1152 417 territos
1182 370 1314 416 animi
1351 369 1553 415 firmavit.

338 459 378 501 8.
433 455 587 517 Imperi
626 455 870 516 prolatandi
902 454 1168 516 percupidus
1203 453 1467 508 habebatur,
1498 455 1643 498 cetera

203 538 430 600 egregius,

201 677 436 720 cubinarum)
471 671 521 712 οἷ
546 667 866 725 φρούραρχοι
911 673 981 712 τοῦ
1011 665 1275 725 Μιθριδάτου
1314 661 1475 723 ἇθρόως
1506 667 1546 717 ἐς
1578 663 1646 709 τὸν

200 725 459 770 Λούκουλλον
479 728 731 780 μετετίθεντο.

313 790 375 826 Fr.
388 791 428 828 6.
451 786 565 838 [Cori.
588 799 625 835 p.
648 791 754 827 1003.
773 787 870 824 Gerl.
893 787 955 824 ed.
976 788 1064 824 mai.
1082 788 1157 823 Ine.
1178 789 1239 824 45.
1258 786 1319 822 ed.
1337 787 1425 822 min.
1446 786 1511 831 IV,
1530 789 1588 824 60.
1605 797 1643 832 p.

201 849 283 897 229,
304 849 362 886 19.
395 845 505 881 Debr.
523 845 569 890 V,
589 847 626 884 7.
647 845 692 888 V,
716 845 793 890 13.]
840 845 966 880 Verba
986 844 1114 881 laudat
1134 844 1265 880 Donat.
1286 842 1336 880 ad
1357 842 1442 879 Ter.
1457 842 1579 878 Andr.
1597 843 1644 888 V,

201 906 237 948 4,
252 906 303 948 4.,
330 902 757 948 molens-interpretans
778 903 950 938 insuetus.
1007 901 1045 936 In
1077 911 1222 937 summa
1244 901 1444 937 verborum
1464 900 1646 936 brevitate

204 960 383 996 lubricum
402 963 461 995 est
479 958 705 995 constituere
729 959 812 1005 quis
837 957 1104 1005 intelligendus
1124 958 1191 1002 sit,
1223 957 1442 1004 praesertim
1463 967 1577 1003 quum
1598 967 1645 992 ne

205 1015 254 1052 de
273 1017 366 1052 libro
388 1015 551 1062 quidem,
571 1014 672 1051 unde
692 1014 888 1062 desumpta
910 1018 1007 1059 sunt,
1032 1018 1189 1050 constet.
1249 1013 1310 1051 Ad
1327 1012 1552 1050 Mithridatis
1581 1024 1646 1049 au·

167 1086 169 1088 ·
205 1077 277 1109 tem
307 1083 369 1108 res
398 1071 626 1119 pertinuisse
646 1072 907 1119 Fragmentum
940 1071 1132 1118 probabile
1160 1071 1200 1107 fit
1227 1082 1275 1106 ex
1302 1070 1376 1106 his.
1435 1069 1518 1106 Rex
1547 1070 1646 1105 enim

204 1133 338 1176 strage.
351 1129 538 1164 exercitus
559 1129 618 1164 sui
638 1127 688 1163 ad
709 1127 841 1164 Cabira
860 1127 910 1164 ad
929 1128 1063 1164 incitas
1087 1127 1264 1164 redactus
1284 1138 1400 1174 regno
1422 1138 1491 1163 suo
1514 1127 1644 1163 relicto

205 1186 241 1221 in
264 1185 478 1225 Armeniam
499 1185 718 1232 confugerat
742 1184 792 1221 ad
810 1184 1010 1232 Tigranem
1033 1196 1237 1232 generum,
1264 1185 1370 1220 cuius
1398 1183 1589 1230 praesidio
1611 1187 1647 1219 et

205 1242 343 1278 auxilio
361 1246 460 1278 tutus
481 1242 596 1286 soret3
630 1253 667 1278 v.
690 1241 851 1288 Appian.
874 1241 916 1277 B.
937 1241 1059 1277 Mithr.
1078 1253 1111 1277 c.
1135 1244 1194 1279 82.
1221 1240 1408 1277 Plutarch.
1442 1241 1482 1276 in
1502 1241 1645 1277 Lucull.

204 1311 240 1335 c.
266 1301 322 1343 19,
346 1299 396 1334 in.
417 1298 607 1334 Memnon.
630 1309 693 1344 ap.
714 1298 821 1334 Phot.
845 1309 878 1333 c.
898 1300 979 1336 224.
1000 1309 1038 1344 p.
1058 1301 1140 1336 235.
1159 1299 1194 1334 b.
1216 1297 1338 1333 Bekk.
1399 1296 1459 1333 Ad
1478 1308 1563 1333 eum
1583 1308 1646 1333 ex-

203 1354 437 1402 poscendum
460 1355 599 1391 missus
621 1359 678 1390 est
707 1365 730 1390 a
754 1354 905 1390 Lucullo
929 1354 1074 1401 Appius
1095 1353 1270 1398 Clodius;
1304 1365 1340 1389 v.
1362 1354 1552 1390 Memnon.
1573 1354 1597 1389 l.
1620 1354 1647 1389 Ι.

204 1412 296 1447 Plut.
321 1411 359 1446 in
379 1411 469 1450 Luc.
489 1422 523 1447 c.
546 1413 603 1449 19.
626 1415 662 1446 et
679 1414 736 1448 21.
760 1411 846 1446 coll.
865 1411 966 1458 App.
990 1411 1032 1448 B.
1055 1410 1178 1446 Mithr.
1195 1422 1230 1446 e.
1252 1413 1311 1448 83.
1343 1410 1379 1446 Is
1401 1421 1475 1446 non
1494 1411 1646 1446 territus

205 1467 379 1515 Tigranis
399 1467 587 1514 superbia,
609 1467 671 1514 qui
693 1468 797 1514 regio
819 1468 915 1503 fastu
937 1468 1065 1504 servili
1086 1467 1249 1502 omnium
1270 1467 1452 1514 obsequio
1470 1471 1646 1504 assuetus

206 1527 319 1569 esset,
341 1524 460 1560 libera
482 1523 533 1560 ad
554 1533 688 1570 regem
704 1524 912 1560 insolentem
931 1534 1021 1560 vera
1040 1524 1252 1570 accipmndi
1271 1524 1441 1560 oratione
1462 1535 1554 1560 usus
1574 1528 1644 1568 est,

206 1584 302 1617 teste
333 1579 527 1616 Plutarcho
549 1581 574 1615 Ι.
598 1580 623 1614 Ι.
675 1572 862 1642 Ἄππιος,
891 1571 944 1624 ὦς
972 1577 1079 1642 ἔτυχε
1095 1572 1228 1642 λόγου
1253 1578 1430 1630 πρῶτον,
1459 1573 1647 1643 ἄντικρυς

205 1629 318 1686 ἥκειν
353 1632 430 1685 ἔφη
468 1628 734 1699 Μιθριδάτην
772 1627 938 1682 άπάξων
971 1626 1226 1699 ὀφειλόμενον
1263 1636 1345 1680 τοῖς
1384 1629 1647 1683 Λουκουλλου

206 1687 437 1756 θριάμβοις,
469 1684 497 1741 ἢ
516 1688 788 1755 καταγγέλλων
812 1685 987 1759 Τιγράνῃ
1015 1685 1206 1741 πόλεμον,
1235 1685 1332 1729 ὥστε
1350 1684 1421 1730 τὸν
1445 1686 1647 1743 Τιγράνην

205 1769 263 1776 --
278 1740 333 1798 μὴ
350 1748 493 1787 λαθεῖν
509 1760 600 1793 τους
624 1742 823 1801 παρόντας
842 1743 1187 1817 ἠλλοιωμένον
1204 1749 1263 1802 τῇ
1278 1746 1538 1814 παρρησίᾳ
1558 1748 1647 1786 τοῦ

206 1803 474 1842 νεανίσκου
511 1805 684 1854 φωνῆς
735 1797 913 1854 σχεδον
950 1802 1228 1886 ἐλευθέρας
1266 1798 1522 1843 ἆκουοντα
1560 1798 1647 1843 δια

206 1858 355 1898 πέντε
382 1857 465 1898 καὶ
493 1858 653 1898 εἴκοσι
682 1857 813 1899 ἐτῶν.

319 1917 380 1953 Fr.
399 1920 434 1956 7.
473 1916 587 1962 [Cort.
604 1929 641 1963 p.
663 1920 746 1955 991.
769 1917 869 1953 Gerl.
888 1917 951 1953 ed.
971 1919 1059 1954 mai.
1082 1919 1145 1963 IV,
1165 1922 1225 1957 26.
1249 1918 1310 1954 ed.
1330 1919 1419 1955 min.
1441 1919 1505 1965 IV,
1524 1922 1586 1958 48.
1606 1930 1645 1966 p.

208 1976 289 2017 228,
312 1975 370 2011 23.
393 1973 504 2008 Debr.
527 1973 574 2019 V,
597 1976 631 2010 5.
635 1973 649 2016 ]
706 1973 818 2010 Arus.
842 1984 877 2009 v.
901 1976 1111 2019 exterrims,
1131 1987 1169 2021 p.
1191 1978 1274 2013 228.
1296 1975 1463 2011 Lindem.
1521 1976 1648 2012 Verba

210 2029 313 2065 haud
332 2028 442 2065 dubie
465 2028 514 2064 ad
533 2028 693 2064 eandem
719 2028 838 2065 Clodii
857 2030 1079 2077 legationem
1100 2032 1305 2095 pertinent,
1331 2037 1368 2068 ut
1394 2032 1581 2094 colligitur
1595 2043 1647 2068 ex

211 2085 407 2121 Plutarcho
435 2086 471 2120 in
493 2086 634 2121 Lucull.
654 2097 687 2121 c.
708 2089 764 2123 21.
820 2076 925 2122 Ἐπεὶ
951 2081 994 2122 δὲ
1026 2079 1225 2148 Τιγράνην
1250 2079 1372 2125 αὐτοῦ
1401 2090 1477 2132 (sc.
1498 2083 1541 2124 ἐν
1555 2078 1645 2124 Ἀν-

210 2138 380 2206 τιοχείᾳ)
401 2136 640 2185 κελευσθεὶς
653 2138 897 2191 περιέμενεν,
921 2134 1099 2188 ⁴:mossovg-
1134 2138 1205 2191 μὲν
1240 2135 1523 2195 ᾧκειωσατο
1551 2143 1647 2181 τῶν

210 2189 440 2242 υπούλως
443 2188 790 2259 αιιροωμένων
807 2198 890 2235 τοῦ
907 2190 1165 2262 Ἀρμενίου
1187 2197 1458 2248 δυναστῶν,
1473 2219 1531 2228 -
1547 2200 1645 2238 πολ-

213 2253 298 2298 λαῖς
316 2249 360 2290 δὲ
378 2246 515 2302 κρύφα
531 2253 610 2290 τῶν
630 2251 931 2302 δεδουλωμένων
946 2248 1098 2292 πόλεων
1113 2253 1442 2305 διαπεμπομέναις
1460 2248 1569 2319 πρὸς
1577 2248 1645 2294 αὖ·

213 2301 282 2346 τὸν
300 2301 539 2372 υπέσχετο
556 2322 645 2372 την
658 2311 796 2348 Λουκ
809 2308 993 2348 ουλλου
1010 2305 1272 2376 βοήθειαν,
1293 2309 1343 2350 ε’ν
1361 2313 1427 2365 τῷ
1433 2307 1645 2376 παρόντι

214 2359 448 2410 κελευσας
467 2357 748 2429 ἡσυχάζειν.
780 2357 856 2403 Ἦν
874 2359 951 2431 γὰρ
973 2379 1049 2405 ουκ
1066 2360 1274 2418 ἀνασχετὸς
1294 2362 1320 2418 ἦ
1339 2382 1419 2407 των
1433 2359 1646 2419 Ἀρμενίων

214 2413 314 2472 άρχὴ
340 2422 423 2466 τοῖς
438 2414 635 2470 Ἕλλησι,
652 2413 752 2459 άλλᾶ
781 2418 941 2473 χαλεπή.
1000 2425 1227 2462 Tetrarchae
1250 2427 1362 2473 igitur
1381 2437 1558 2474 reyesque
1577 2426 1644 2471 (de

214 2479 347 2526 quibus
371 2490 406 2513 v.
427 2478 475 2514 ad
496 2478 601 2514 Catil.
622 2490 654 2515 c.
679 2478 758 2524 XX,
775 2482 828 2524 7.)
858 2486 954 2525 sunt,
982 2483 1042 2528 qui
1065 2483 1167 2529 apud
1190 2483 1427 2519 Plutarchum
1450 2484 1644 2519 nominan-

214 2540 271 2571 tur
298 2527 510 2598 9δυνασται;
544 2536 664 2571 territi
692 2538 806 2573 animi
830 2542 937 2574 erant
961 2538 1089 2574 timore
1117 2539 1379 2576 Armeniorum
1399 2543 1435 2574 et
1457 2539 1644 2586 Tigranis,

213 2590 262 2642 τῇ
285 2582 482 2640 ἆνασχετῷ
499 2589 579 2626 τῶν
598 2581 855 2640 ’Ananim’
825 2594 951 2655 αρχῇ;
970 2595 1133 2641 firmavit
1150 2599 1279 2641 aperte
1307 2594 1409 2632 idem
1429 2600 1507 2640 est,
1543 2595 1644 2642 quod

214 2647 433 2684 Plutarchus
454 2647 547 2683 dixit
562 2638 744 2696 ὑπέσχετο
762 2642 967 2698 βοήθειαν.

315 2704 385 2740 -·.Fr
404 2707 440 2742 8.
475 2702 602 2749 [Deest
621 2714 683 2750 ap.
703 2704 802 2741 Cort.
822 2709 858 2741 et
876 2706 989 2742 Debr.
998 2707 1163 2742 —Gerl.
1185 2705 1246 2744 ed.
1268 2707 1356 2743 mai.
1379 2708 1456 2743 lnc.
1479 2712 1558 2747 180.
1580 2707 1644 2743 ed.

214 2760 305 2795 min.
322 2761 351 2804 I,
374 2763 435 2798 83.
465 2772 502 2807 Ρ.
525 2762 605 2805 196,
628 2762 701 2806 13.]
760 2761 898 2799 Locum
923 2764 1036 2799 Arus.
1065 2774 1102 2799 v.
1133 2764 1317 2811 egregius,
1343 2774 1382 2809 p.
1403 2767 1486 2802 228.
1536 2763 1644 2800 Lind-

270 2837 434 2862 sAuusri
456 2839 588 2863 FRAGM.
1311 2826 1368 2867 20
1505 2833 1513 2844 ‘
