1774 3002
0 0 207 230 Γ-
309 2 317 6 ⁴·

0 229 7 245 t

0 250 7 291 ἓ

502 120 833 160 HISTORIABUM
860 117 1173 156 FRAGMENTA.
1229 117 1316 154 LIB.
1345 117 1404 153 111.
1576 112 1658 155 231

350 250 422 292 40.
475 245 592 305 Nam⁴
607 244 800 304 speciem
835 242 971 289 efficit
994 241 1186 301 Scythici
1218 256 1361 286 arcus.

351 331 419 374 50.
476 327 620 389 [Luta
649 331 787 372 autem
816 328 936 378 ideo,
973 323 1106 386 quia]
1144 339 1195 370 se
1228 322 1463 384 angustiae
1498 321 1659 381 pontici

220 411 307 457 oris
342 411 428 456 illic
460 411 659 465 dilatant,
686 409 766 470 [ul
795 408 1029 453 Sallustius
1062 405 1211 466 dem]

219 586 290 611 ταν
306 570 535 638 λῃστηρίων.
573 572 630 609 Id.
649 573 766 608 XVII.
785 583 823 618 p.
843 574 945 610 1196.
967 571 1009 607 D.
1039 562 1203 636 Ὁμοίως
1232 563 1275 606 δὲ
1303 564 1371 605 καὶ
1396 567 1464 617 τῆς
1478 557 1610 611 Ἀσίας
1635 557 1663 614 ἡ

218 621 316 667 καθ’
359 622 464 679 ἡμᾶς
495 626 669 678 παραλία
708 627 817 665 πᾶσα
844 620 1064 689 ὑποχείριος
1097 621 1223 662 ἐστίν·
1254 622 1290 662 εἰ
1322 618 1378 673 μή
1410 636 1467 668 τις
1495 614 1544 660 τὰ
1583 621 1663 659 τῶν

216 677 421 735 Ἀχαιῶν
440 681 507 722 καὶ
538 684 680 735 Ζυγῶν
702 679 769 720 καὶ
782 676 977 731 Ἡνιόχων
996 679 1039 719 ἐν
1057 674 1161 732 λόγῳ
1178 679 1330 718 τίθεται
1349 679 1562 733 λῃστρικοῖς
1593 674 1662 715 καὶ

220 740 440 790 νομαδικῶς
467 736 624 787 ζώντων
644 736 686 778 ἐν
708 740 857 784 στενοῖς
885 735 952 775 καὶ
975 738 1139 788 λυπροῖς
1157 735 1320 788 χωρίοις.
1358 737 1580 781 Meta1,19,
1603 739 1660 774 14.

220 799 341 834 Amm
357 799 521 835 Marcell.
538 797 703 841 xx11‚8.
739 797 791 832 ne
816 796 949 833 Tauris
975 807 1014 831 v.
1042 795 1165 832 strab.
1193 794 1270 855 yn
1299 806 1337 841 p.
1357 795 1439 832 474.
1456 793 1499 829 Β.
1524 764 1658 830 Εἶθ’
1631 804 1664 854 η

218 849 367 892 παλαιὰ
394 847 665 917 Χερῤόννησος
694 847 1002 900 κατεσκαμμένη,
1033 846 1101 887 καὶ
1129 840 1204 898 μετ’
1231 842 1357 910 αὐτὴν
1384 840 1503 913 λιμὴν
1531 839 1663 886 στενό-

218 919 374 959 στομος·
395 901 486 946 καθ’
510 901 559 946 ὃν
577 902 743 957 μάλιστα
761 905 814 945 οἱ
817 907 1027 974 Toefipp
1019 921 1055 954 ι,
1073 897 1286 944 Σκυθικὸν
1305 903 1438 952 ἔθνος,
1454 898 1502 942 τὰ
1521 897 1661 956 λῃστή-

218 979 285 1015 ρια
303 963 533 1003 συνίσταντο
551 965 632 1010 τοῖς
653 957 943 1014 καταφεύγουσι
972 955 1027 1000 ἐπ
1060 953 1183 1000 αὐτὸν
1201 958 1491 1011 ἐπιχειροῦντες.
1532 963 1661 1007 Pomp.

218 1023 315 1060 Mela
334 1023 378 1067 II,
397 1026 432 1067 1,
453 1026 511 1061 11.
573 1021 691 1058 Tauri
716 1023 888 1057 immanes
907 1024 993 1056 sunt
1013 1019 1192 1062 moribus,
1231 1020 1494 1065 immanemque
1519 1019 1662 1065 famam

216 1079 350 1116 habent
369 1078 487 1114 solere
500 1088 575 1124 pro
597 1078 746 1113 victimis
765 1077 926 1114 advenas
957 1077 1126 1112 caedere.
1183 1075 1298 1111 Tacit.
1320 1075 1420 1111 Ann.
1442 1074 1523 1118 Xll,
1548 1075 1605 1118 17,
1626 1076 1662 1112 4.

217 1135 433 1171 mereim
458 1145 650 1170 romanum
670 1135 899 1170 incruentum
919 1137 953 1168 et
969 1134 1139 1169 victorem
1157 1132 1271 1168 tridui
1290 1132 1420 1167 itmere
1447 1131 1588 1178 afuisse
1615 1130 1662 1166 ab

217 1200 325 1227 amne
347 1191 467 1227 Tanai
483 1191 651 1226 constitit.
689 1189 765 1226 Sed
784 1191 822 1226 in
841 1199 1014 1235 reyressu
1033 1189 1164 1235 dispar
1181 1187 1335 1234 fortuna
1359 1187 1451 1234 fuit,
1476 1188 1562 1234 quia
1590 1198 1662 1222 na-

219 1248 313 1284 vium
333 1247 525 1294 quasdam,
552 1256 647 1293 quae
665 1248 764 1283 mari
780 1245 1004 1289 remeabant,
1024 1247 1062 1280 in
1082 1246 1202 1285 littora
1227 1244 1411 1279 Tauror
1424 1255 1491 1280 um
1521 1244 1662 1280 delatas

218 1304 487 1339 civ-mammem
505 1302 666 1346 barbari,
681 1302 876 1349 praefecto
905 1302 1062 1338 cohortis
1086 1305 1121 1336 et
1133 1300 1321 1347 plerisque
1335 1302 1587 1336 centurionum
1606 1300 1660 1335 in-

219 1359 392 1406 terfectis.
421 1359 544 1395 Amm.
567 1358 680 1394 Marc.
701 1359 726 1393 l.
744 1359 770 1393 I.

332 1415 392 1450 Fr.
412 1417 470 1453 49.
501 1413 615 1459 [Cort.
635 1425 672 1460 p.
694 1418 798 1452 1011.
821 1413 920 1449 Gerl.
942 1412 1003 1453 ed.
1024 1413 1111 1447 mai.
1134 1412 1210 1448 Ine.
1233 1414 1314 1450 173.
1339 1411 1400 1447 ed.
1422 1413 1511 1447 m'm.
1532 1412 1660 1456 111,42.

219 1482 259 1517 p.
277 1474 359 1515 218,
380 1475 414 1508 l.
436 1470 546 1506 Debr.
563 1470 622 1514 ΙΠ,
639 1470 737 1514 122]
767 1469 923 1506 Servius
941 1467 990 1504 ad
1009 1468 1116 1515 Virg.
1137 1468 1233 1504 Aen.
1254 1468 1313 1514 111,
1333 1471 1414 1506 533.
1434 1468 1530 1504 haec
1552 1468 1662 1504 affert

219 1527 268 1563 ad
286 1526 555 1563 illustrandum
573 1530 706 1572 poetae
732 1536 884 1562 versum
911 1525 1071 1568 „Portus
1092 1527 1139 1561 ab
1161 1535 1276 1560 euroo
1298 1524 1413 1561 fluctu
1427 1529 1606 1562 curvatur
1624 1526 1662 1561 in

217 1583 386 1626 arcum‚“
408 1582 468 1619 his
490 1583 616 1618 verbis
639 1593 750 1618 usus:
767 1583 848 1627 „sIe
864 1581 911 1618 de
931 1582 1048 1616 Ponto
1069 1579 1282 1625 Sallustius,
1303 1581 1404 1617 unde
1419 1581 1481 1617 hie
1503 1581 1584 1617 tulit
1597 1593 1660 1618 co-

219 1641 357 1677 lorem:
383 1650 471 1675 nam
489 1640 672 1685 speciem“
695 1642 766 1674 etc.
796 1638 900 1683 Quae
930 1636 1132 1673 admodum
1149 1637 1339 1684 pueriliter
1363 1637 1588 1674 Debrossius
1609 1638 1660 1675 ita

218 1695 329 1742 cepit,
358 1699 398 1732 ut
416 1694 592 1732 Sallustio
618 1695 796 1730 tribueret
818 1694 928 1730 etiam
951 1695 1067 1730 verba
1086 1694 1183 1730 unde
1201 1694 1261 1730 hie
1279 1694 1357 1730 tulit
1383 1684 1551 1736 colorem,
1584 1706 1660 1731 non

218 1754 416 1788 assecutus
441 1750 614 1787 Servium
634 1750 707 1786 hoc
730 1750 943 1798 significare
964 1750 1152 1794 voluisse,
1181 1751 1429 1797 VirgIIIanam
1458 1750 1659 1788 dictionem

218 1819 267 1843 ex
286 1807 462 1845 Sallustio
488 1818 574 1842 esse
601 1818 836 1853 expressam.
865 1826 919 1831 —
946 1806 985 1841 In
1005 1807 1112 1841 Ponti
1133 1807 1254 1842 forma
1271 1806 1521 1843 describenda
1540 1807 1659 1844 Sallu-

220 1864 312 1899 stius
336 1863 503 1909 sequitur
525 1863 717 1909 vulgarem
739 1867 904 1898 veterum
926 1862 1229 1909 geographorum
1260 1864 1502 1907 sententiam,
1531 1864 1658 1909 paullo

218 1919 395 1965 pinguius
411 1920 567 1954 Pontum
583 1918 753 1964 scythico
776 1918 879 1954 arcui
899 1919 1215 1964 comparantiu1n3
1233 1919 1281 1953 cf.
1304 1918 1436 1954 Strabo
1458 1919 1502 1954 II.
1523 1931 1562 1965 p.
1577 1921 1661 1958 187.

220 1975 267 2010 Α.
295 1966 351 2009 ‘H
369 1972 591 2023 περίμετρος
608 1972 678 2009 τοῦ
698 1966 921 2021 συμπάντος
943 1965 1135 2022 πελάγους
1155 1968 1234 2009 ἐστὶ
1259 1971 1476 2037 δισμυρίων
1494 1985 1574 2011 που
1592 1971 1661 2012 καὶ

219 2027 538 2078 πεντακισχιλίων
563 2025 750 2066 σταδίων·
781 2022 1040 2073 εἰκάζουσι
1068 2025 1119 2065 δέ
1152 2041 1284 2073 τινες
1317 2022 1367 2066 τὸ
1395 2039 1556 2093 σχημα
1574 2042 1660 2080 της

220 2081 520 2147 περιμέτρου
540 2096 720 2133 ταυτης
740 2080 1303 2136 ἐντεταμένῳΣκυθικω
1328 2078 1468 2138 τόξω,
1495 2078 1568 2148 τὴν
1587 2082 1659 2135 μὲν

220 2133 367 2190 νευρὰν
400 2137 662 2204 ἐξομοιοῦντες
688 2141 769 2185 τοῖς
800 2138 952 2203 δεξιοῖς
971 2136 1227 2189 καλουμένοις
1246 2138 1378 2192 μέρεσι
1403 2142 1473 2180 τοῦ
1499 2136 1660 2180 Πόντου

219 2197 358 2242 (ταῦτα
380 2188 435 2233 δ’
416 2193 519 2234 εστιν
539 2188 561 2234 ὃ
580 2189 827 2259 παράπλους
835 2189 857 2234 ὁ
881 2187 958 2234 ἀπὸ
986 2196 1055 2233 τοῦ
1082 2190 1269 2246 στόματος
1297 2194 1410 2262 μέχρι
1436 2198 1507 2236 τοῦ
1532 2199 1660 2263 μυχοῦ

218 2253 287 2291 τοῦ
307 2265 406 2289 κατα
426 2247 734 2315 Διοςκουριᾶδα·
754 2244 858 2302 πλὴν
879 2265 955 2302 γαρ
973 2251 1041 2316 τῇς
1058 2247 1289 2317 Καράμβιος
1323 2247 1350 2304 ἥ
1371 2266 1416 2303 γε
1435 2254 1544 2292 πᾶσα
1560 2248 1659 2318 αλλη

219 2301 318 2358 ἦῖών
335 2299 478 2368 μικρὰς
500 2305 575 2357 ἔχει
594 2301 728 2358 ἐσοχᾶς
757 2320 796 2345 τε
815 2321 883 2345 και
903 2305 1055 2371 ἕξοχας,
1084 2301 1168 2346 ὥστ’
1192 2303 1329 2346 εὐθεία
1349 2306 1557 2374 ἐοικέναι),
1585 2303 1660 2359 τὴν

221 2361 264 2402 δὲ
282 2358 423 2413 λοιπὴν
443 2364 498 2415 τῷ
521 2361 652 2415 κέρατι
670 2364 738 2401 τοῦ
757 2358 884 2412 τόξου,
906 2356 1087 2427 διττὴν”
1062 2377 1188 2432 εχοντι
1214 2363 1287 2416 τὴν
1306 2359 1560 2417 ἐπιστροφὴν,
1584 2363 1658 2416 τὴν

219 2417 290 2470 μὲν
309 2433 393 2457 ανω
410 2416 750 2470 περιφερεστέραν,
777 2415 851 2469 τὴν
869 2419 911 2458 δε
931 2413 1038 2458 κάτω
1056 2416 1287 2473 εὖθυτέραν.
1332 2424 1487 2471 Dionys.
1507 2425 1655 2472 Perieg.

221 2490 258 2514 v.
289 2480 407 2516 156—-
413 2480 491 2515 162
550 2477 672 2512 Amm
704 2478 869 2515 Marcell.
893 2477 1008 2522 XXII,
1031 2480 1069 2516 8.
1119 2479 1242 2515 Omnis
1268 2479 1378 2516 Ponti
1393 2481 1521 2517 litorea
1550 2483 1653 2518 navi-

216 2536 312 2582 qatio
341 2534 462 2569 —in
498 2533 702 2578 speciem
735 2533 952 2582 Scythici
983 2544 1130 2570 arcus
1161 2544 1308 2572 nervo
1336 2539 1658 2583 coaymentati

215 2589 462 2638 yeoyrapln'ae
479 2590 584 2624 totius
601 2591 809 2628 assensione
825 2589 1025 2641 sumatur.
1083 2591 1214 2637 Pomp.
1237 2592 1338 2627 Mela
1356 2592 1384 2636 Ι,
1406 2596 1463 2631 19.
1497 2594 1592 2630 Plin.
1609 2594 1654 2633 H.

223 2647 266 2682 N.
283 2646 347 2688 IV,
375 2649 432 2690 12,
451 2647 511 2684 26.

333 2701 393 2737 Fr.
414 2705 471 2739 50.
504 2698 618 2748 [Cort.
636 2711 674 2747 p.
695 2704 799 2740 1011.
826 2700 926 2738 Gerl.
946 2701 1006 2738 ed.
1024 2703 1111 2739 mai.
1133 2703 1206 2738 Ine.
1221 2706 1305 2743 216.
1325 2706 1386 2742 ed.
1408 2705 1499 2740 min.
1515 2705 1574 2748 III,
1594 2709 1653 2744 47.
