1774 3002
143 144 229 187 354
650 148 691 187 C.
721 149 952 188 SALLUSTI
983 150 1134 189 CRISPI

780 362 870 400 CAP.
897 365 957 400 VI.

289 430 492 474 Fragmenta
519 432 715 464 obscuriora
741 438 771 463 et
796 433 942 465 incertae
967 437 1024 465 aut
1045 432 1173 466 nullius
1199 433 1452 476 explicationis.

283 618 351 660 64.
408 613 598 672 Omnes,
632 616 790 678 quibus
817 620 995 663 senecto
1022 632 1208 678 corpore
1236 618 1407 666 animus
1429 620 1593 666 milita-

146 696 206 742 ris
240 700 345 743 erat.
442 701 445 703 ’

281 784 349 826 65.
411 780 560 828 Clausi
596 782 806 828 lateribus
833 755 932 828 altis
961 784 1131 843 pedem.

145 932 212 968 suit
231 932 448 969 societatem
467 933 695 980 praedarum
717 947 801 972 cum
820 936 1025 973 latronibus
1045 937 1320 984 composuisse.
1354 936 1458 973 Idem
1478 936 1590 974 Verri

143 989 246 1026 haud
269 991 429 1026 obscure
449 991 576 1027 obiicit
595 990 726 1029 Cicero
752 994 789 1029 in
809 994 901 1029 libro
927 993 1172 1030 Verrinarum
1192 994 1219 1039 Ι,
1241 995 1276 1039 4,
1297 996 1333 1032 9.
1375 993 1592 1041 Sipopulus

142 1057 234 1084 rom.
254 1065 313 1073 —
331 1049 518 1094 statuerit,
542 1060 616 1085 non
635 1051 740 1086 istum
768 1052 886 1086 maius
914 1051 951 1086 in
969 1060 1049 1087 sese
1066 1052 1186 1088 scelus
1207 1052 1417 1098 concepisse
1431 1071 1488 1075 —
1508 1061 1590 1086 cum

134 1104 374 1151 praedonum
404 1104 516 1141 duces
545 1111 746 1154 accepta
771 1108 988 1154 pecunia
1017 1107 1212 1154 dimiserit,
1241 1119 1351 1154 quam
1379 1117 1461 1152 eos,
1481 1108 1516 1142 si
1528 1108 1593 1157 qui

141 1162 248 1197 istum
263 1181 319 1186 —
342 1161 545 1198 liberarint.
587 1163 682 1199 Ibid.
704 1176 737 1200 c.
761 1168 803 1210 5,
825 1167 881 1202 12.
927 1162 1135 1200 Meminerit
1158 1173 1198 1200 se
1213 1165 1347 1211 priore
1373 1165 1515 1200 actione
1536 1183 1588 1189 —-

141 1217 351 1266 confessum
370 1228 449 1254 esse
468 1218 579 1256 duces
601 1221 837 1267 praedonum
863 1232 886 1256 a
907 1230 948 1256 se
968 1223 1092 1258 securi
1111 1232 1186 1258 non
1207 1230 1286 1257 esse
1307 1230 1529 1268 percussos,
1550 1229 1590 1256 se

140 1276 214 1311 iam
242 1279 315 1311 tum
346 1285 426 1311 esse
449 1277 621 1322 veritum,
655 1287 702 1313 ne
729 1277 798 1314 sibi
830 1278 976 1314 crimini
1010 1277 1164 1315 daretur
1193 1287 1254 1314 eos
1280 1278 1335 1314 ab
1362 1287 1412 1314 se
1436 1287 1587 1325 pecu—

140 1333 217 1368 nia
237 1331 300 1368 lib
311 1335 491 1378 eratos3
510 1332 678 1381 fateatur
698 1354 755 1360 —
777 1344 828 1380 se,
844 1336 1031 1382 privatum
1049 1334 1241 1381 hominem,
1263 1334 1499 1383 praedonum
1519 1333 1585 1370 du-

140 1398 202 1425 ces
227 1390 324 1425 vivos
349 1393 458 1437 atque
484 1390 682 1427 incolumes
713 1391 812 1428 domi
837 1401 948 1438 suae,
968 1395 1213 1439 posteaquam
1241 1390 1399 1428 Romam
1427 1390 1589 1436 redierit,

140 1455 255 1493 usque
286 1445 372 1482 dum
398 1456 474 1493 per
500 1457 557 1483 me
585 1448 747 1493 licuerit,
776 1449 983 1485 retinuisse.
1021 1448 1118 1484 Ibid.
1148 1449 1222 1494 IV,
1244 1451 1309 1495 52,
1331 1451 1411 1488 116.
1462 1447 1589 1485 Omitto

133 1507 329 1549 portum
371 1502 696 1550 Syracusanorum
738 1506 803 1541 isto
835 1508 1016 1552 praetore
1064 1505 1262 1542 Cilicum
1307 1504 1591 1553 myoparoni

133 1559 822 1608 praedonibusque-patuisse,
856 1562 1078 1609 quibuscum
1099 1563 1261 1599 conferri
1282 1565 1461 1609 possunt,
1490 1571 1587 1609 quae

141 1615 231 1652 ibid.
253 1616 299 1652 V.
321 1628 353 1652 c.
376 1619 479 1654 24—
495 1620 553 1656 26.
575 1621 613 1653 et
633 1629 665 1653 c.
687 1620 864 1656 32—35.
896 1618 942 1653 de
972 1618 1182 1657 incredibili
1204 1619 1285 1656 eius
1306 1618 1483 1655 socordia
1502 1628 1586 1656 nar-

139 1676 278 1708 rantur.
299 1692 353 1698 —
382 1673 510 1709 Verba
537 1675 715 1710 incertum
743 1677 847 1718 vero,
885 1685 935 1710 an
956 1685 1032 1721 per
1060 1676 1321 1723 neyleyentiam
1350 1675 1584 1723 significanti

140 1740 215 1765 non
242 1730 355 1776 plane
384 1734 552 1775 constat,
582 1734 703 1766 utrum
731 1742 771 1767 rc
800 1742 891 1768 vera
925 1732 1000 1776 (sc.
1031 1732 1238 1778 suspicioni
1271 1742 1446 1769 caussam
1473 1743 1584 1779 prae-

139 1786 298 1834 buerit),
325 1796 374 1834 an
403 1787 491 1834 quia
518 1798 586 1835 per
614 1788 891 1835 neglegentiam
915 1788 1081 1824 criminis
1104 1789 1271 1835 speciem
1292 1789 1330 1824 in
1352 1799 1394 1825 se
1409 1787 1581 1832 admisit3

141 1844 190 1883 cl'.
211 1843 272 1880 Fr.
292 1843 358 1888 lv,
379 1846 438 1882 50.
484 1842 550 1880 Cn.
570 1843 765 1889 Lentulus,
787 1845 1126 1893 perincertum
1152 1846 1390 1883 stolidior
1416 1857 1476 1883 an
1502 1857 1579 1883 va-

139 1901 268 1947 nior,
298 1900 411 1948 leyem
424 1901 686 1950 promulyavit.

239 1957 314 1998 ¹Fr.
336 1959 393 1997 64.
429 1955 544 2006 [Cort.
565 1969 605 2006 p.
625 1959 706 1996 980.
740 1957 838 1995 Gerl.
862 1957 925 1994 ed.
947 1959 1036 1994 mai.
1052 1958 1115 2004 IV,
1137 1962 1173 1997 2.
1191 1957 1254 1995 ed.
1275 1959 1364 1995 min.
1383 1958 1448 2005 IV,
1469 1961 1526 1998 12.
1545 1970 1582 2006 p,

139 2016 222 2061 226,
240 2018 276 2052 5.
305 2013 417 2051 Debr.
437 2014 501 2059 IV,
523 2016 599 2061 15.]
638 2015 820 2052 Priscian.
840 2014 903 2063 IX,
919 2018 953 2062 9,
971 2017 1032 2054 49.
1052 2026 1092 2063 p.
1112 2017 1194 2055 464.
1216 2016 1279 2054 Kr.
1321 2015 1420 2055 Ante
1438 2019 1582 2053 senecta

142 2070 270 2108 Carrio
302 2081 350 2106 ex
375 2082 449 2107 uno
477 2071 570 2108 libro
601 2071 741 2109 adiecit
759 2075 879 2118 aetas,
906 2071 1031 2119 quod,
1053 2072 1138 2108 lIcet
1164 2072 1202 2108 in
1229 2083 1359 2109 omnes
1378 2072 1471 2111 Sall.
1491 2072 1581 2109 edd.

140 2127 340 2173 transierit,
362 2139 483 2175 neque
502 2127 617 2164 fidem
630 2128 745 2167 habet
765 2140 787 2165 a
803 2128 976 2168 codicum
996 2129 1226 2175 auctoritate,
1249 2140 1371 2177 neque
1392 2140 1581 2167 commen-

141 2184 330 2221 dationem
369 2196 391 2221 a
427 2188 530 2221 recta
566 2185 718 2222 dicendi
744 2186 908 2231 ratione3
946 2196 1061 2233 quare
1095 2186 1260 2233 ineptum
1289 2186 1580 2224 additamentum

142 2242 366 2290 expulimus.
409 2240 561 2279 Senecio
576 2251 744 2290 ‘corpore
770 2243 922 2281 ablativi
947 2246 1033 2280 sunt
1057 2244 1215 2281 absoluti
1236 2243 1313 2281 vim
1335 2243 1580 2282 concessivae

141 2298 414 2335 enunciationis
447 2297 628 2336 habentes
660 2300 780 2338 hanc:
827 2310 1049 2347 quamquam
1088 2304 1272 2338 senectam
1308 2310 1445 2348 corpus
1477 2304 1580 2346 esset,

69 2366 71 2369 ·
141 2354 244 2403 quod
271 2355 383 2392 etiam
411 2354 486 2391 dici
512 2359 658 2402 poterat
684 2358 730 2393 in
756 2360 900 2396 senecio
919 2365 1089 2403 corpore.
1131 2357 1212 2401 Quo
1232 2357 1446 2405 pertineant
1463 2358 1581 2394 verba

141 2423 217 2449 non
241 2412 356 2460 liquet
364 2422 376 2457 ;
400 2422 487 2448 nam
507 2412 700 2449 Debrossii
719 2414 952 2458 sententiam,
975 2412 1022 2449 de
1045 2411 1182 2450 Crasso
1202 2414 1265 2461 agi
1282 2413 1467 2451 delectum
1481 2414 1579 2450 bello

142 2469 272 2507 servili
290 2468 464 2514 habente,
487 2479 712 2516 quamquam
731 2469 928 2509 Gerlachio
948 2470 1032 2506 Vol.
1053 2470 1112 2506 ΠΙ.
1131 2482 1170 2518 p.
1190 2473 1273 2510 104.
1291 2470 1395 2508 haud
1414 2469 1579 2508 absurda

141 2525 304 2571 videtur,
326 2536 436 2561 nemo
454 2526 685 2572 probabilem
705 2525 867 2564 habebit.

252 2583 312 2621 Fr.
333 2585 391 2622 65.
437 2580 552 2630 [cort.
579 2594 618 2629 p.
645 2585 725 2623 992.
751 2582 846 2620 Gerl.
875 2583 936 2619 ed.
965 2583 1052 2620 mai.
1072 2583 1136 2629 IV,
1156 2586 1215 2624 39.
1236 2584 1297 2621 ed.
1320 2585 1411 2621 min.
1432 2582 1496 2627 IV,
1515 2584 1575 2622 71.

141 2650 180 2686 p.
202 2640 284 2685 230,
314 2641 348 2677 7.
385 2638 496 2677 Debr.
524 2638 584 2684 111,
609 2641 692 2681 138.
721 2639 785 2684 IV,
812 2640 888 2684 58]
933 2639 1048 2687 Apud
1074 2640 1265 2686 Arusian.,
1296 2642 1359 2688 qui
1384 2651 1421 2677 v.
1452 2639 1576 2684 altum,

140 2707 179 2742 p.
205 2699 289 2737 215.
322 2695 492 2732 Lindem.
519 2695 615 2734 haec
644 2694 773 2741 affert,
800 2696 888 2733 olim
919 2696 1049 2733 deerat
1073 2697 1157 2733 altis
1185 2708 1282 2743 vox;
1321 2707 1430 2744 quam
1463 2706 1575 2742 quum

142 2752 332 2790 excidisse
354 2757 454 2789 recte
477 2755 690 2802 suspicatus
719 2756 822 2790 esset
841 2752 989 2799 Douza,
1018 2764 1066 2790 ex
1091 2753 1178 2791 cod.
1200 2753 1296 2790 Gud.
1315 2752 1472 2790 restituit
1492 2751 1574 2788 Lin-
