1774 3002
135 105 220 147 376
612 112 652 149 C.
681 111 910 150 SALLUSTI
937 112 1088 150 CRISPI

275 239 343 293 24.
400 235 523 290 Quae
549 238 678 305 pacta
704 237 747 282 in
778 237 1069 285 conventione
1095 255 1183 286 non
1214 240 1546 301 praestitissent.

276 320 344 363 25.
398 318 445 363 In
470 319 587 364 nuda
620 319 777 366 iniecta
812 336 1011 382 corpora.

275 405 345 446 26.
397 402 494 448 Non
523 404 872 464 repugnantibus
902 405 1055 462 modo,
1091 406 1171 452 sed
1207 421 1262 452 ne
1294 407 1450 453 deditis
1481 408 1584 469 qui-

139 485 251 529 dem.
288 499 326 529 a.
355 485 394 530 b.
425 499 460 530 c.
487 500 542 529 m.

275 569 343 613 27.
395 567 458 614 Ita
481 568 639 629 'sperat
675 569 793 615 illam
822 585 1018 632 pugnam
1049 586 1130 631 pro
1156 572 1299 618 omine
1329 573 1428 619 belli
1457 575 1583 619 futu-

138 664 245 695 ram.

275 737 345 779 28.
396 732 478 779 Ubi
502 734 639 780 multa
658 735 850 782 nefanda
874 749 981 782 casu
1007 750 1143 797 super
1167 736 1265 783 ausi
1290 739 1422 799 atque
1446 738 1582 798 passi.

250 894 311 929 Fr.
333 896 392 932 24.
434 892 548 940 [Cort.
574 906 612 941 p.
643 898 748 934 1004.
776 894 873 933 Gerl.
901 895 963 932 ed.
991 895 1078 931 mai.
1107 895 1183 931 Ine.
1213 899 1272 934 53.
1304 897 1367 933 ed.
1395 898 1484 933 min.
1506 898 1581 945 Ine.

137 952 194 989 24.
215 961 252 997 p.
276 952 358 995 237,
380 954 436 988 15.
466 950 575 987 Debr.
596 951 623 996 1,
643 952 722 996 80.]
780 952 913 987 Donat.
937 952 987 988 ad
1005 951 1090 987 Ter.
1116 952 1210 988 Eun.
1233 952 1293 997 111,
1313 957 1348 998 2,
1370 956 1426 992 13.
1476 955 1582 999 Quae

139 1008 342 1044 conventio
369 1007 609 1054 intelligatur,
632 1008 771 1055 quidve
793 1019 839 1044 ea
860 1013 1011 1055 pactum
1031 1008 1159 1053 fuerit,
1192 1019 1266 1044 non
1289 1009 1416 1056 liquet.
1477 1010 1583 1047 Unde

138 1063 310 1100 rescierit
329 1063 554 1100 Debrossius
574 1064 705 1111 Lepidi
725 1076 811 1102 esse
829 1064 924 1100 haec
946 1066 1062 1101 verba
1082 1064 1130 1100 de
1149 1065 1315 1112 periurio
1338 1078 1379 1102 se
1400 1077 1584 1102 excusan-

139 1121 199 1165 tis,
219 1130 267 1155 ne
289 1119 509 1156 Gerlachius
532 1120 686 1167 quidem
707 1122 790 1157 scit.

251 1176 312 1229 Fr.
332 1179 392 1214 25.
440 1175 554 1221 [Cort.
582 1188 620 1223 Ρ.
650 1180 753 1216 1003.
780 1176 880 1213 Gerl.
909 1176 970 1213 ed.
999 1177 1086 1212 mai.
1113 1176 1191 1213 Ine.
1218 1179 1276 1215 37.
1306 1177 1367 1214 ed.
1390 1179 1479 1214 min.
1502 1179 1578 1215 Ine.

136 1236 197 1271 21.
228 1243 265 1279 p.
293 1234 376 1276 237,
400 1236 456 1271 14.
485 1232 597 1268 Debr.
618 1233 678 1277 III,
699 1237 757 1272 40.
779 1233 842 1278 IV,
863 1231 938 1281 53.]
996 1232 1167 1269 Diomed.
1189 1232 1232 1268 ΙΙ.
1258 1244 1297 1280 p.
1317 1236 1399 1273 442.
1429 1235 1580 1271 Putsch.

137 1288 355 1328 Subiectum
374 1288 478 1325 haud
499 1289 611 1325 dubie
634 1290 700 1325 suit
719 1291 809 1330 tela3
834 1291 962 1326 nuda
983 1299 1190 1336 corpora
1210 1294 1296 1325 sunt
1311 1291 1478 1336 inermia,
1501 1291 1581 1327 sive

135 1346 249 1382 scutis
274 1356 349 1380 non
377 1349 489 1391 tecta,
519 1345 566 1380 de
595 1356 669 1392 qua
700 1347 809 1383 vocis
840 1350 1024 1393 potestate
1054 1358 1092 1382 v.
1123 1345 1172 1381 ad
1198 1345 1278 1392 lug.
1301 1357 1334 1382 c.
1358 1345 1465 1392 CVII,
1489 1351 1520 1384 l.
1543 1358 1581 1394 p.

136 1403 220 1440 577.
282 1400 425 1437 Iniecta
467 1402 701 1438 certissimae
746 1402 934 1439 Carrionis
970 1401 1221 1438 emendationi
1257 1402 1433 1448 debetur;
1481 1403 1582 1450 apud

137 1457 357 1494 Diomedem
378 1459 478 1494 enim
499 1458 635 1504 legitur
655 1459 809 1504 intecta,
833 1459 934 1506 quod
955 1458 1175 1494 Gerlachius
1195 1458 1327 1506 pingui
1347 1459 1520 1496 Minerva
1543 1460 1582 1495 in

138 1514 199 1550 ed.
224 1515 311 1550 min.
334 1515 514 1561 reposuit,
535 1513 812 1561 putidissimam
832 1525 966 1562 parum
986 1525 1122 1551 curans
1144 1515 1398 1562 tautologiam.

250 1571 311 1606 Fr.
332 1573 391 1609 26.
435 1569 550 1619 [Cort.
579 1582 618 1618 p.
648 1574 754 1610 1003.
776 1571 876 1607 Gerl.
899 1571 961 1607 ed.
983 1571 1071 1607 mai.
1094 1571 1170 1607 Ine.
1192 1573 1252 1609 35.
1278 1571 1341 1607 ed.
1359 1572 1447 1607 min.
1472 1571 1498 1617 Ι,
1520 1575 1579 1616 22,
1633 1572 1636 1576 ’

134 1638 173 1674 p.
200 1628 280 1672 184,
309 1630 366 1664 15.
396 1627 507 1663 Debr.
530 1628 556 1671 I,
575 1628 651 1672 31.]
698 1627 832 1677 Donat.
853 1628 903 1664 ad
923 1627 1008 1662 Ter.
1036 1626 1185 1663 Phorm.
1205 1627 1232 1672 I,
1254 1630 1289 1672 2,
1311 1630 1369 1666 48.
1413 1627 1582 1674 Abrupta

137 1684 256 1719 verba
284 1687 320 1718 et
348 1683 590 1730 ambiguitate
622 1687 829 1719 structurae
864 1683 986 1730 magis
1023 1684 1135 1718 etiam
1169 1684 1369 1720 obscurata
1402 1694 1478 1719 non
1510 1695 1580 1731 pro

138 1739 311 1776 ablativis
333 1738 456 1775 habeo
470 1768 478 1783 ‚
512 1738 581 1775 sed
599 1750 669 1786 pro
691 1739 828 1776 dativis
850 1750 898 1775 ex
918 1741 1034 1775 verbo
1056 1743 1313 1786 pepercerunt
1338 1740 1399 1775 vel
1421 1749 1582 1787 parsum

137 1799 192 1831 est
217 1795 494 1842 pendentibus;
530 1799 780 1843 repuqnantes
810 1797 911 1832 enim
939 1799 1025 1832 sunt
1051 1796 1277 1842 resistentes,
1309 1797 1427 1831 armis
1460 1796 1582 1832 adhuc

130 1855 364 1900 pugnantes,
394 1853 527 1898 quibus
549 1852 660 1888 dedici
682 1856 939 1899 opponuntur,
962 1852 1063 1888 nulla
1084 1852 1244 1898 amplius
1267 1862 1372 1888 arma
1391 1856 1579 1900 gerentes.

138 1907 358 1944 Praedicato
381 1912 505 1944 autem
531 1908 665 1944 eodem
687 1909 832 1955 utrique
852 1910 1018 1945 membro
1038 1908 1215 1956 negativo
1237 1909 1423 1944 communi
1438 1919 1512 1944 non
1527 1927 1584 1936 —-·

140 1965 246 2001 modo
271 1964 437 2012 positum
463 1976 532 2012 pro
553 1975 627 2000 non
647 1966 752 2002 modo
773 1986 829 1993 -—
848 1976 942 2009 non,
968 1965 1015 2001 de
1046 1976 1118 2012 quo
1143 1975 1215 2000 usu
1235 1975 1275 2000 v.
1297 1963 1496 2001 Grammat.
1519 1966 1581 2002 lat.

140 2024 256 2057 nostr.
294 2024 331 2064 §-
359 2023 440 2066 139,
470 2024 506 2059 6.
536 2021 712 2057 additam.
729 2024 761 2060 4.
786 2033 825 2069 p.
849 2023 931 2060 464.
989 2021 1042 2057 De
1075 2022 1165 2057 urbe
1194 2021 1319 2067 aliqua
1337 2021 1378 2056 vi
1399 2025 1519 2069 capta,
1544 2022 1582 2058 in

140 2078 248 2114 cuius
278 2077 384 2114 cives
412 2077 612 2114 crudeliter
641 2089 663 2114 a
691 2078 895 2114 victoribus
918 2078 1147 2122 saeviretur,
1178 2076 1239 2114 hic
1262 2087 1473 2114 sermonem
1496 2088 1582 2114 esse

140 2133 255 2171 valde
276 2138 333 2170 est
350 2134 567 2181 probabile3
598 2134 667 2170 sed
695 2134 786 2180 quid
807 2134 966 2181 singulis
997 2133 1125 2169 litteris
1147 2144 1183 2169 a.
1216 2133 1250 2169 b.
1271 2143 1305 2169 c.
1324 2143 1374 2169 m.
1397 2133 1584 2184 significe-

141 2195 220 2234 tur,
246 2191 348 2225 nullo
377 2189 490 2226 modo
518 2191 598 2226 erui
622 2194 756 2237 potest.
815 2190 932 2227 Nobis
965 2191 1063 2226 enim
1089 2193 1165 2224 tam
1195 2189 1365 2226 felicibus
1393 2201 1480 2226 esse
1509 2201 1582 2226 non

108 2277 111 2279 .
140 2246 239 2291 lieet,
259 2250 300 2282 ut
319 2257 405 2281 eum
429 2246 625 2282 Gerlachio
642 2248 808 2282 Fruamur
823 2247 1015 2282 Debrossii
1036 2245 1187 2281 invento
1205 2247 1342 2282 atrocis
1357 2245 1444 2282 belli
1459 2247 1583 2282 clades

140 2301 396 2347 metuentibus,
427 2313 523 2348 quae
550 2305 668 2339 verba
687 2313 771 2338 cum
789 2303 940 2339 relicuis
961 2305 1132 2349 spectare
1152 2302 1233 2337 vult
1252 2301 1302 2337 ad
1320 2300 1523 2349 Scipionis,
1545 2313 1582 2339 a.

92 2377 94 2380 ·
140 2361 201 2397 83.
222 2369 256 2395 a.
281 2357 368 2395 Chr.
390 2369 426 2393 n.
450 2358 631 2402 consulis,
651 2359 801 2403 milites,
823 2358 874 2395 ad
892 2357 1035 2395 Sullam
1059 2357 1286 2394 defecturos.

253 2414 314 2451 Fr.
335 2415 394 2452 27.
446 2413 560 2459 [Cort.
582 2425 620 2461 p.
643 2417 746 2452 1003.
771 2415 869 2451 Gerl.
896 2414 956 2450 ed.
979 2415 1069 2450 mai.
1089 2414 1165 2450 Ine.
1184 2417 1242 2453 31.
1261 2413 1322 2449 ed.
1343 2414 1420 2450 min
1439 2414 1499 2459 111,
1520 2417 1578 2453 61.

139 2483 179 2519 p.
199 2474 282 2516 229,
301 2474 359 2509 20.
390 2470 502 2507 Debr.
519 2470 578 2516 ΙΙΙ,
596 2473 654 2509 88.
676 2470 721 2512 V,
746 2471 818 2515 14.]
864 2470 971 2507 Serv.
994 2469 1043 2505 ad
1065 2470 1171 2517 Virg.
1193 2470 1290 2506 Aen.
1312 2470 1340 2515 Ι,
1360 2473 1444 2509 456.
1468 2471 1582 2507 verba

141 2528 197 2564 sie
220 2526 350 2564 affert:
370 2528 420 2562 ila
439 2537 498 2574 sp.
513 2538 558 2574 p.
580 2527 680 2563 illam
701 2537 777 2574 pro
805 2528 926 2563 omni
955 2527 1081 2563 bello
1105 2526 1284 2573 futuram.
1343 2526 1404 2563 Ad
1424 2526 1478 2571 X,
1497 2529 1577 2564 311.

140 2595 234 2621 vero
252 2583 386 2619 habet:
409 2595 578 2631 puqnam
595 2584 695 2619 illam
714 2594 790 2629 pro
819 2584 962 2619 omine
983 2583 1003 2618 b
1016 2583 1106 2618 elli
1124 2582 1306 2630 futuram.
1366 2581 1468 2626 Quae
1490 2592 1576 2628 quo-

141 2641 241 2677 niam
269 2637 397 2675 laudat
423 2639 472 2675 ad.
498 2639 748 2687 virgilianum
776 2649 881 2675 omen
909 2649 1062 2686 puynae
1089 2638 1368 2684 illustrandum,
1403 2649 1449 2674 eo
1476 2641 1578 2684 patet

139 2698 257 2734 omine
284 2695 366 2732 belli
392 2706 467 2731 non
489 2696 610 2732 videri
630 2695 927 2741 emendandum,
953 2700 992 2731 ut
1013 2695 1231 2732 Gerlachius
1251 2695 1336 2730 Vol.
1355 2694 1415 2730 ΠΙ.
1435 2704 1472 2740 Ρ.
1496 2695 1575 2732 125.
