1774 3002
465 176 794 215 HISTORJARUM
822 175 1133 213 FRAGMENTA.
1184 175 1271 212 LIB.
1300 176 1365 212 IV.
1550 173 1634 219 337

191 299 425 361 naufragia
470 300 657 346 sorbens
702 299 955 361 gurgitibus
1000 298 1184 345 occultis
1225 298 1360 344 millia
1400 301 1634 362 sexaginta

195 383 559 430 Tauromenitana
597 382 654 428 ad
692 382 821 428 litora
857 381 1008 438 trahit,
1040 381 1115 426 ubi
1154 395 1204 427 se
1247 381 1409 427 laniata
1452 384 1633 445 navigia

192 467 328 513 fundo
354 468 597 526 emergunt.

325 552 394 597 38.
452 547 626 608 Triplici
654 548 801 594 fluctu.

190 687 326 725 hausit.
350 685 462 723 Mare
481 684 544 722 hic
572 684 788 732 angustiore
809 693 925 720 sensu
953 685 1011 718 est
1030 682 1131 718 locus
1152 682 1233 718 sive
1248 692 1348 729 pars
1366 684 1500 730 mar-1⁰³³,
1527 685 1628 732 quod

190 754 266 780 non
283 743 507 780 intellectum
527 740 691 778 editores
711 741 871 776 fortasse
881 739 1068 787 permovit
1082 742 1121 774 ut
1140 737 1329 786 Charybdi
1345 741 1630 778 scriberent.—

191 800 295 846 Quae
315 803 526 846 sequuntur
540 808 662 845 usque
685 796 735 834 ad
754 797 879 841 trahit,
902 799 1052 833 servata
1069 798 1155 830 sunt
1175 805 1199 831 a
1218 793 1353 832 Servio
1374 796 1425 833 ad
1446 797 1546 834 Aen.
1566 798 1628 844 111,

188 859 296 901 4254
317 854 388 893 sed
406 854 468 892 hic
492 864 640 902 quoque
660 853 825 890 editores
854 854 952 889 mala
982 851 1179 888 sedulitate
1206 862 1339 888 verum
1369 854 1628 900 obscurarunt,

190 911 319 949 addita
337 912 376 948 in
395 911 579 959 principio
606 921 701 948 voce
729 909 953 957 Char-yffi,
982 918 1079 955 quae
1112 907 1220 944 deest
1248 908 1350 955 apud
1366 907 1561 956 Servium,
1582 923 1627 948 ac

189 972 383 1016 praetcrea
409 967 508 1015 quod
532 969 673 1004 mutato
705 966 742 1002 in
769 975 876 1014 quae.
929 964 1091 1002 Reieetis
1118 964 1180 1000 his
1210 974 1325 1001 verae
1355 966 1627 1004 emendationis

191 1024 480 1072 impedimentis,
497 1033 606 1071 quam
629 1022 807 1070 expedita
826 1021 951 1058 omnia
971 1021 1062 1058 fiant
1082 1019 1155 1057 hoc
1173 1021 1203 1057 F
1205 1026 1398 1068 ragmento
1415 1034 1500 1060 cum
1519 1035 1628 1071 prae-

190 1081 407 1118 cedentibus
428 1080 552 1116 verbis
572 1079 783 1125 coniuncto,
801 1077 1118 1115 demonstratione
1138 1087 1213 1113 non
1229 1078 1627 1128 eget—Naufragum

189 1136 292 1184 quod
318 1136 543 1174 Debrossius
570 1136 667 1172 male
695 1136 733 1172 in
754 1135 945 1183 naufraya
976 1134 1151 1177 mutavit,
1178 1138 1265 1176 sunt
1291 1145 1409 1172 naves
1437 1136 1498 1172 vel
1528 1141 1627 1174 rates

192 1194 427 1241 naufragium
450 1203 607 1241 passae,
634 1193 718 1229 sive
743 1197 871 1240 partes
893 1191 1131 1240 navigiorum
1151 1191 1350 1238 naufragio
1370 1191 1626 1238 disiectorum,

191 1261 287 1298 quae
307 1249 457 1287 dicendi
483 1250 598 1294 ratio,
626 1260 700 1296 qua
726 1251 951 1286 abstractum
969 1248 1120 1296 ponitur
1140 1258 1210 1295 pro
1239 1253 1433 1294 concreto,
1457 1260 1532 1285 non
1554 1254 1626 1286 tam

192 1318 278 1343 rara
297 1310 375 1352 est,
394 1310 434 1342 ut
452 1306 602 1342 Douzae
622 1307 745 1342 visum
756 1317 767 1351 ;
784 1307 835 1343 ita
859 1307 958 1341 enim
977 1305 1125 1341 ser-vim
1142 1303 1327 1350 dicuntur,
1348 1306 1410 1352 qui
1432 1307 1624 1343 servitium

193 1363 397 1408 sustinent,
418 1363 442 1398 i.
464 1373 500 1398 e.
520 1362 638 1405 servi,
670 1361 777 1399 Catil.
797 1374 831 1399 c.
850 1361 994 1407 XXIV,
1019 1363 1078 1405 4.,
1098 1361 1348 1407 matr-innotuit,
1369 1372 1465 1408 quae
1492 1363 1532 1398 in
1549 1374 1627 1399 ma-

192 1419 363 1455 trimonio
385 1422 488 1465 sunt,
507 1419 532 1454 i.
555 1430 589 1454 e.
606 1423 818 1464 matronae,
839 1428 998 1462 uxores,
1018 1416 1134 1453 Tacit.
1154 1417 1255 1452 Ann.
1275 1416 1328 1462 II,
1352 1420 1417 1463 13,
1437 1421 1488 1464 3.,
1509 1419 1626 1456 ἰαίνο-

192 1476 336 1521 chami,
356 1475 419 1522 qui
441 1474 491 1511 ad
510 1474 806 1513 latrocinandum
826 1474 1012 1515 coniuncti
1032 1477 1135 1518 sunt,
1157 1473 1180 1509 i.
1203 1484 1239 1510 e.
1259 1473 1435 1519 latrones,
1458 1474 1536 1512 Cic.
1553 1474 1626 1514 Off.

193 1531 246 1577 ΙΙ,
266 1535 322 1576 11,
342 1533 393 1576 9.,
414 1531 670 1578 mintium-ium,
690 1532 751 1579 qui
773 1531 978 1568 ministerio
997 1531 1220 1577 funguntur,
1242 1530 1265 1565 i.
1289 1541 1324 1566 e.
1350 1531 1510 1568 ministri
1525 1561 1536 1578 ,
1556 1531 1627 1568 Ta·

193 1589 257 1624 cit.
274 1587 375 1624 Ann.
389 1587 494 1634 xm,
517 1590 583 1632 27,
604 1592 640 1626 1.
658 1607 716 1615 ——
732 1587 796 1624 Ad
816 1589 931 1624 verba
950 1587 1154 1634 naufragia
1171 1586 1324 1623 sorbens
1342 1588 1547 1636 yuryn'tffius
1562 1599 1626 1625 oc-

192 1644 298 1680 cultis
319 1644 368 1680 cs.
387 1643 522 1680 Isidor.
543 1644 570 1680 1.
592 1644 619 1681 1.
632 1665 689 1672 —-
706 1644 936 1681 Postremam
953 1643 1165 1691 Fragmenti
1183 1646 1341 1691 partem,
1359 1643 1488 1682 ταῦτ’,-
1506 1655 1625 1681 emer·

189 1705 298 1748 Μ,
315 1710 366 1736 cx
382 1699 447 1737 IV.
467 1699 595 1736 laudat
612 1700 726 1737 Arus.
750 1712 786 1737 v.
815 1702 967 1748 emeryit
990 1710 1030 1736 se
1045 1728 1056 1746 ‚
1081 1711 1121 1747 p.
1142 1701 1226 1738 229.
1247 1699 1356 1736 Liud.
1378 1700 1470 1736 Eam
1490 1701 1626 1738 cohae-

192 1756 292 1793 sisse
317 1767 402 1793 cum
421 1756 731 1804 praecedentibus
756 1757 979 1794 documento
1001 1760 1059 1793 est
1080 1756 1143 1792 ubi
1158 1756 1359 1803 particula,
1380 1768 1477 1804 quae
1495 1769 1626 1794 neces-

194 1813 295 1850 sario
314 1813 386 1848 loci
402 1814 626 1850 vocabulum
647 1815 685 1850 in
702 1814 885 1860 proximis
905 1814 1076 1860 requirit,
1109 1823 1182 1858 quo
1210 1813 1401 1848 reseratur.
1444 1814 1506 1850 Ad
1529 1814 1625 1850 Tau-

195 1869 427 1905 romenitana
444 1873 567 1906 autem
587 1870 709 1905 littora
723 1871 807 1906 eiici
827 1870 1024 1916 naufragia
1043 1862 1234 1915 Charybdi
1256 1873 1383 1915 sorpta
1404 1869 1524 1916 ipsius
1545 1870 1627 1907 Sal-

196 1925 296 1961 lustii
317 1925 534 1961 auctoritate
556 1929 712 1960 testatur
731 1925 887 1965 Servius
908 1925 958 1960 ad
977 1925 1073 1974 Aen.
1096 1923 1165 1969 111,
1185 1926 1266 1961 420.
1289 1923 1525 1972 „Charybdis
1546 1938 1628 1963 sor·

194 1982 258 2017 bet
274 1980 474 2027 universa,
492 1991 587 2027 quae
602 1980 819 2027 prehendit,
839 1986 877 2018 et
892 1980 1098 2016 secundum
1108 1979 1329 2031 Sallustium
1347 1990 1392 2016 ea
1407 1983 1510 2018 circa
1527 1982 1624 2020 Tau·

194 2037 459 2073 romulamm·
480 2038 595 2083 eyerit
611 2037 747 2073 Ιὶιέιωιέι
766 2038 814 2075 cf.
836 2037 969 2077 Strabo
990 2036 1054 2072 VI.
1076 2047 1115 2097 p.
1134 2038 1217 2076 471.
1237 2036 1284 2072 A.
1305 2036 1438 2074 Almet.
1459 2034 1626 2077 Δείκνυ-

195 2104 260 2129 ται
282 2087 326 2128 δὲ
342 2087 410 2128 καὶ
428 2083 456 2140 ἦ
474 2084 678 2154 Χάρυβδις
696 2085 842 2143 μικρὸν
865 2084 941 2142 πρὸ
968 2091 1039 2141 τῆς
1056 2083 1206 2136 πόλεως
1229 2093 1304 2137 (sc.
1325 2087 1561 2144 Μεσσήνης)
1581 2091 1626 2132 ἐν

194 2147 251 2211 τῷ
268 2146 456 2210 mfit‘ffi
472 2141 603 2210 βάθος
621 2143 802 2210 ἐξαίσιον,
821 2146 876 2195 εἷς
894 2162 918 2187 ο
938 2146 986 2186 αἱ
996 2144 1223 2198 παλίρῤοιαι
1239 2147 1310 2185 τοῦ
1334 2150 1523 2200 πορθμοῦ
1550 2163 1623 2188 κα-

195 2185 383 2253 π’ἱγουσιν
411 2195 567 2251 εὐφυῶς
595 2195 645 2241 τὰ
676 2201 813 2255 σκαφη
839 2199 1140 2272 τραχηλιζόμενα
1166 2214 1263 2252 μετα
1290 2206 1516 2257 συστροφῆς
1552 2203 1623 2244 καὶ

196 2256 321 2321 divm-
324 2252 504 2308 μεγάλης.
548 2258 947 2299 καταποθέντων
971 2257 1022 2301 δὲ
1049 2256 1140 2297 καὶ
1166 2257 1539 2311 διαλυθέντων,
1567 2255 1623 2300 τᾶ

196 2307 414 2377 ναυάγια
443 2310 791 2378 παρασυρεται
817 2309 937 2382 πρὸς
968 2310 1115 2379 ἦῖόνα
1141 2315 1225 2366 τῆς
1254 2316 1622 2367 Ταυρομενίας,

193 2361 247 2419 ἣν
271 2369 461 2407 καλοῦσιν
487 2361 566 2407 ἀπὸ
596 2371 667 2408 τοῦ
692 2367 983 2423 συμπτώματος
997 2384 1138 2410 τουτου
1166 2369 1359 2422 Roxolan-
1390 2374 1537 2412 Seneca
1553 2376 1623 2422 Ep.

196 2428 261 2470 ⁷9,
283 2427 335 2462 in.
363 2426 530 2462 Faenus
553 2429 748 2475 certiores,
768 2441 819 2466 an
844 2440 971 2467 verum
995 2429 1259 2477 ³1²,qu
1282 2429 1341 2465 illo
1365 2429 1461 2476 freti
1482 2431 1625 2468 tta-bine

195 2486 386 2529 arreptum
413 2486 483 2527 est,
508 2492 603 2529 per·
630 2458 775 2521 mult'a
806 2484 1113 2522 milliatrahi
1146 2485 1389 2521 condilum
1416 2489 1622 2523 εἰσίν-σα

198 2537 653 2574 Tauromenitanum
672 2540 807 2577 littus
833 2551 1088 2590 emeryere.
1119 2540 1261 2576 Eodem
1277 2545 1448 2586 spectant
1466 2544 1624 2579 confusa

197 2593 331 2629 isidori
351 2595 466 2630 verba
491 2593 595 2638 xm,
611 2597 684 2639 -18,
710 2601 762 2641 5.,
785 2597 1106 2644 quiTauromenii
1126 2597 1230 2632 nulla
1250 2597 1437 2634 mentione
1457 2599 1555 2635 sacta
1574 2599 1624 2634 ita

196 2650 338 2696 pergit:
358 2653 394 2685 et
413 2649 497 2685 inde
513 2649 564 2684 ibi
577 2650 715 2686 laniata
734 2652 936 2701 naufrayia
948 2652 1142 2701 profundo
1162 2655 1359 2698 emer-qm

309 2705 372 2741 Fr.
392 2708 450 2744 38.
467 2703 579 2750 [Cort.
598 2716 637 2752 p.
652 2710 763 2746 Jooe.
788 2708 886 2746 Gerl.
907 2710 968 2746 ed.
990 2709 1077 2745 mai.
1098 2708 1175 2744 Ine.
1192 2709 1273 2746 126.
1292 2707 1355 2744 ed.
1372 2709 1461 2746 min.
1481 2708 1545 2754 IV,
1565 2713 1623 2747 20.

197 2770 237 2807 p·
259 2763 348 2805 m,
371 2764 427 2800 19.
449 2761 559 2798 Debr.
581 2761 645 2806 111,
667 2763 763 2813 124]
786 2764 894 2802 Serv.
911 2766 960 2801 ad
982 2766 1089 2812 Virg.
1111 2765 1206 2800 Aen.
1225 2764 1260 2808 Ι,
1280 2767 1360 2802 lm.
1381 2765 1442 2801 his
1461 2764 1625 2802 Sallustii

259 2841 424 2867 sutum-1
444 2842 582 2867 maten.
1297 2830 1352 2872 22
