1774 3002
494 128 825 167 HISTORIARUM
849 127 1163 166 FRAGMENTA.
1220 129 1308 166 LIB.
1340 129 1400 165 ΙΙΙ.
1572 124 1656 167 223

277 270 279 276 ¹
346 256 416 298 39.
471 253 532 298 At
555 250 728 313 Oppius
753 256 986 315 postquam
1012 268 1144 299 orans
1171 253 1275 299 nihil
1301 253 1568 313 proficiebat,
1595 252 1655 297 ti-
1712 290 1714 293 .

212 336 326 382 mide
364 338 489 382 veste
531 337 691 381 tectum
720 335 960 397 pugionem
997 336 1206 396 expedire
1241 339 1425 382 conatus
1465 352 1490 381 a
1527 334 1656 381 Cotta

211 418 468 480 Vulcioque*
492 417 736 478 impeditur.

210 580 319 624 bant,
346 578 446 615 nullo
476 581 648 625 respectu
675 579 840 626 regentis
869 579 1040 614 vocabuli
1073 578 1198 616 habito
1225 579 1365 615 directo
1395 580 1507 616 modo
1538 590 1654 615 enun-

212 636 373 682 cientur,
418 635 518 683 quod
548 646 593 670 eo
618 635 792 681 Iactum,
831 637 920 682 quia
952 637 1136 671 sententia
1172 637 1226 672 sie
1258 640 1432 683 tanquam
1463 637 1655 684 generans

212 688 396 739 quaedam
431 693 563 739 regula
596 693 788 739 proposita
819 693 1007 739 aliquanto
1038 694 1218 729 maiorem
1250 693 1326 729 vim
1358 693 1484 729 habet.
1544 693 1654 729 Haud

212 748 408 785 dissimilis
435 748 546 785 huius
578 753 786 785 structurae
815 753 873 785 est
899 748 991 785 illud
1017 749 1348 796 interrogationum
1370 761 1513 798 genus,
1544 760 1653 796 quae,

212 816 325 852 quum
352 816 561 852 suspensae
587 815 674 842 esse
709 804 889 850 debeant,
917 805 1160 843 nihilominus
1190 806 1370 843 directam
1399 808 1557 843 sormam
1588 806 1655 842 ha-

211 863 317 907 bent,
361 861 575 908 de-quibus
610 873 647 898 v.
677 861 837 899 Gramm.
867 864 927 899 lat.
957 867 1072 898 nostr.
1104 866 1139 906 s.
1168 865 1248 907 134,
1276 867 1314 901 2.
1334 868 1420 899 not.
1439 877 1471 900 c.
1508 875 1546 910 p.
1570 865 1655 901 444.

211 918 472 966 Interrogandi
493 918 655 965 signum,
681 919 782 965 quod
802 920 917 967 vulgo
941 920 1074 956 vitiose
1096 923 1264 955 extremo
1286 921 1471 957 vocabulo
1490 919 1653 964 additur,

213 975 444 1020 sustulimus,
465 976 553 1022 quia
571 976 687 1012 verba
707 975 1009 1023 interrogationis
1030 980 1198 1012 naturam
1223 982 1425 1022 exuerunt3
1453 977 1555 1025 quod
1578 987 1654 1023 quo

213 1031 351 1067 clarius
372 1035 515 1079 pateat,
543 1035 629 1078 post
652 1033 726 1067 seis
746 1033 830 1068 colo
853 1032 1113 1078 distinximus,
1142 1033 1203 1068 ubi
1226 1034 1341 1080 vulgo
1363 1045 1512 1070 cornma
1539 1033 1655 1070 hahe-

211 1091 283 1123 tur.
311 1105 371 1116 --
405 1087 641 1133 Romamne,
670 1099 739 1135 pro
763 1099 836 1135 quo
857 1088 1076 1125 Gerlachius
1097 1089 1232 1136 supina
1254 1091 1482 1137 negligentia
1505 1090 1656 1137 scripsit

183 1151 189 1157 ·
204 1154 418 1192 proxuma,
442 1145 651 1181 subiectum
671 1149 728 1181 est
750 1146 950 1182 verborum
971 1144 1075 1182 haud
1096 1145 1211 1193 facile
1238 1151 1324 1182 sum
1352 1147 1526 1195 defensa,
1556 1157 1654 1194 quae

213 1199 432 1238 Gerlachius
455 1211 637 1248 perverse
655 1202 781 1238 retulit
799 1201 848 1238 ad
869 1202 1079 1250 superiora.
1133 1225 1135 1227 >

321 1258 383 1294 Fr.
412 1259 472 1297 ³8.
514 1254 631 1305 [Cort.
652 1269 691 1305 p.
708 1261 792 1297 959.
822 1258 921 1294 Gerl.
951 1258 1013 1294 ed.
1045 1259 1135 1295 mai.
1164 1259 1207 1304 Π,
1227 1263 1287 1298 28.
1317 1259 1378 1296 ed.
1402 1261 1492 1296 min.
1515 1259 1575 1305 111,
1593 1263 1653 1298 81.

211 1324 251 1359 p.
270 1317 354 1358 223,
376 1317 437 1351 20.
463 1313 576 1350 Debr.
594 1314 655 1359 III,
676 1316 773 1359 114.]
824 1315 927 1351 Haec
958 1317 1098 1360 verba,
1138 1326 1160 1350 a
1189 1316 1383 1353 Prisciano
1416 1317 1510 1359 Vlll,
1537 1318 1572 1361 4,
1595 1319 1651 1356 17.

211 1380 248 1415 p.
267 1370 441 1408 ³6⁹.⁷Kr.
479 1370 575 1406 falso
602 1381 652 1405 ex
678 1371 839 1407 secumdo
866 1372 960 1407 libro
989 1371 1160 1416 laudata,
1197 1372 1284 1407 inde
1311 1383 1333 1408 a
1361 1372 1540 1408 Carrione
1568 1384 1652 1408 eum

211 1425 272 1462 Fr.
294 1425 339 1470 II,
354 1429 413 1464 48.
433 1426 470 1461 in
489 1437 603 1462 unum
628 1426 790 1463 conflata
810 1428 849 1463 in
867 1428 931 1463 lib.
950 1427 995 1463 Β.
1018 1427 1253 1473 exhibentur,
1281 1429 1383 1476 quod
1403 1440 1470 1465 cur
1489 1428 1568 1464 fieri
1588 1440 1653 1465 ne-

214 1486 343 1528 queat,
366 1483 416 1518 ibi
436 1494 459 1518 a
474 1484 582 1519 nobis
598 1482 891 1520 demonstratum
906 1488 976 1520 est.
1010 1484 1277 1532 Fragmentum
1292 1485 1366 1522 huc
1388 1485 1653 1522 collocandum

214 1537 410 1582 duximus,
442 1539 528 1585 quia
548 1551 609 1575 res
629 1541 789 1586 pertinet
809 1540 859 1576 ad
882 1540 975 1576 illud
994 1544 1162 1588 tempus,
1192 1552 1266 1589 quo
1286 1542 1481 1587 Lucullus,
1511 1542 1653 1578 Mithri-

213 1593 299 1629 date
313 1601 351 1630 ‘n
371 1593 508 1643 Cyzico
537 1597 691 1643 repulso
721 1596 956 1644 ducibusque
977 1598 1059 1634 eius
1078 1601 1176 1633 terra
1202 1599 1371 1646 marique
1401 1600 1439 1634 in
1458 1599 1584 1646 Mysia
1607 1609 1652 1634 ac

211 1649 391 1698 BythinIa
411 1652 525 1696 fusis,
555 1653 625 1687 iter
644 1653 683 1688 in
703 1653 860 1689 Pontum
890 1653 1045 1698 direxit,
1076 1654 1337 1692 adversarium
1364 1657 1402 1691 in
1430 1656 1514 1703 ipso
1534 1667 1651 1703 regno

210 1710 365 1753 paterno
386 1718 661 1755 aggressurum
690 1710 741 1745 ct'.
762 1710 952 1746 Plutarch.
973 1712 1011 1747 in
1030 1711 1157 1747 Lucul.
1181 1723 1216 1748 c.
1237 1715 1292 1758 14,
1318 1712 1368 1748 in.
1396 1704 1654 1757 Λούκουλλος

212 1757 368 1812 ἐνέβαλε
395 1756 463 1801 διὰ
485 1762 682 1810 Βιθυνίας
707 1761 776 1802 καὶ
794 1765 989 1812 Γαλατίας
1016 1763 1070 1811 εἰς
1097 1758 1170 1815 τὴν
1197 1759 1427 1817 βασιλὶκὴν,
1458 1765 1508 1805 ἐν
1526 1759 1654 1820 ἆρχῇ

211 1813 301 1866 μὲν
323 1811 499 1868 ἐνδεὴς
523 1820 621 1857 τῶν
643 1812 935 1872 ἀναγκαίων
953 1816 1177 1874 -προϊῶν
1196 1819 1326 1861 δὲκαὶ
1347 1824 1504 1875 κρατῶν
1522 1817 1650 1862 ἁπάν-

211 1885 291 1911 των
317 1871 373 1920 εἰς
399 1869 593 1925 τοσαύτην
617 1865 744 1926 ἦλθεν
771 1869 980 1929 εὐπορίαν,
1008 1872 1105 1916 ὥστε
1131 1892 1168 1916 κ.
1188 1892 1221 1916 τ.
1245 1880 1279 1916 λ.
1304 1901 1362 1906 —
1397 1882 1519 1926 Brevi,
1548 1881 1651 1928 quod

212 1929 275 1965 hic
300 1931 505 1977 respondet
531 1943 669 1979 graeco
698 1929 742 1969 ἐν
767 1924 889 1986 ἆρχῇ,
927 1946 1002 1971 non
1031 1940 1086 1971 est
1112 1940 1198 1983 pos-t
1222 1936 1330 1974 breve
1357 1941 1515 1985 tempus,
1554 1949 1650 1985 quae

212 1986 381 2033 vulgaris
399 1992 467 2023 est
487 1989 659 2024 vocabuli
679 1989 758 2034 vis,
790 1990 860 2026 sed
879 1992 1020 2027 rariore
1041 2004 1112 2028 usu
1133 1993 1320 2040 significat
1333 2003 1409 2040 per
1435 1994 1543 2030 breve
1560 1998 1649 2030 lem—

205 2051 302 2088 pus,
333 2053 430 2088 quae
450 2044 602 2080 ablativi
627 2049 794 2092 potestas
814 2047 935 2093 qualis
958 2049 1022 2094 sit,
1052 2050 1146 2084 bene
1173 2050 1377 2096 explicavit
1396 2050 1590 2099 Kriigerus
1610 2052 1648 2087 in

213 2097 376 2134 Gramm.
397 2100 457 2135 lat.
478 2103 513 2142 s.
537 2102 619 2145 3⁷4,
642 2103 678 2138 b.
698 2113 737 2148 p.
757 2104 838 2142 49⁷.
867 2123 923 2129 —
950 2104 1004 2140 De
1032 2105 1188 2152 passiva
1218 2106 1255 2142 vi
1276 2106 1508 2144 machmam
1536 2109 1648 2155 parti-

213 2154 299 2200 cipii
320 2165 357 2190 v.
379 2155 428 2191 ad
448 2155 555 2192 Catil.
574 2168 608 2192 c.
628 2157 791 2203 XLVIII,
810 2161 846 2197 7.
868 2171 907 2206 p.
923 2163 1007 2199 225.

324 2210 386 2246 Fr.
407 2214 465 2250 39.
506 2210 622 2261 [Cort.
642 2225 680 2261 p.
699 2217 783 2254 978.
816 2216 914 2252 Gerl.
946 2217 1007 2253 ed.
1027 2219 1116 2254 mai.
1134 2218 1196 2263 ΙΙΙ,
1217 2222 1277 2258 30.
1312 2220 1375 2256 ed.
1394 2222 1484 2257 min.
1506 2222 1566 2267 111,
1589 2223 1647 2262 49.

211 2277 250 2313 p.
273 2269 354 2310 218,
376 2269 432 2307 17.
461 2268 573 2304 Debr.
593 2270 654 2316 III,
671 2268 747 2319 m]
790 2271 885 2309 Non.
910 2273 1044 2318 XVIII,
1074 2278 1110 2313 9.
1138 2287 1179 2322 p.
1207 2279 1288 2322 553,
1315 2280 1375 2315 32.
1405 2279 1523 2315 Merc.
1568 2279 1646 2316 Res

212 2327 361 2358 narrata
386 2324 448 2360 ubi
474 2328 510 2360 et
530 2326 678 2371 quando
706 2328 903 2374 acciderit,
931 2341 1006 2366 non
1033 2335 1206 2367 accurate
1228 2333 1375 2369 definiri
1395 2339 1538 2381 potest3
1570 2347 1644 2372 non

212 2380 465 2425 improbabilis
486 2384 607 2417 tamen
621 2382 823 2421 Drumanni
841 2390 899 2422 est
917 2388 1113 2432 sententia,
1138 2389 1200 2435 qui
1215 2389 1308 2426 Hist.
1325 2390 1434 2427 Rom.
1450 2392 1498 2427 V.
1513 2395 1645 2439 pm

212 2436 248 2470 in
270 2435 473 2472 Heracleae
501 2437 699 2475 obsidione
717 2440 851 2477 factam
871 2453 958 2480 esse
978 2444 1148 2490 coniicit,
1179 2456 1291 2492 quam
1318 2448 1448 2483 urbem
1467 2448 1518 2484 M.
1539 2448 1644 2485 Cotta

211 2493 412 2538 proconsul
443 2503 510 2539 per
542 2493 782 2532 duosrannos
810 2500 888 2543 (72.
909 2504 944 2535 et
961 2502 1018 2539 71.
1049 2511 1085 2536 a.
1106 2500 1190 2538 Chr.
1212 2504 1271 2547 n.)
1297 2507 1552 2551 oppugnavit;
1593 2506 1642 2541 cf.

211 2547 399 2584 Memnon.
431 2560 493 2596 ap.
526 2549 630 2587 Phot.
658 2562 691 2587 c.
721 2555 781 2591 43.
819 2555 924 2599 (cod.
951 2559 1033 2594 224.
1066 2568 1103 2603 p.
1132 2561 1203 2596 236
1231 2570 1312 2605 sqq.
1349 2560 1535 2606 Bekker.)
1598 2562 1642 2597 Ei

211 2614 387 2652 magnam
416 2616 500 2642 cum
524 2612 721 2653 quaestore
749 2620 817 2645 suo
835 2610 878 2646 P.
898 2613 1024 2659 Oppio
1048 2615 1311 2653 intercessisse
1339 2616 1562 2653 simultatem
1595 2629 1642 2653 ex

211 2669 260 2695 eo
286 2665 450 2707 constat,
478 2662 579 2709 quod
605 2668 736 2711 postea
765 2667 903 2704 absens
928 2679 1012 2705 eum
1038 2680 1106 2716 per
1127 2671 1267 2707 litteras
1287 2671 1429 2708 Romae
1449 2674 1643 2710 accusavit

211 2717 270 2760 (v.
288 2717 438 2761 Quintil.
463 2718 510 2759 V,
534 2722 590 2764 13,
609 2721 708 2766 209,
745 2720 924 2760 Cicerone
952 2736 1055 2761 reum
1083 2726 1321 2763 defendente.
1367 2728 1511 2765 Caussa
1538 2741 1640 2776 vere,
