<?xml version="1.0" encoding="UTF-8"?>
<!DOCTYPE html PUBLIC "-//W3C//DTD XHTML 1.0 Transitional//EN"
    "http://www.w3.org/TR/xhtml1/DTD/xhtml1-transitional.dtd">
<html xmlns="http://www.w3.org/1999/xhtml" xml:lang="en" lang="en">
 <head>
  <title>
</title>
<meta http-equiv="Content-Type" content="text/html;charset=utf-8" />
  <meta name='ocr-system' content='tesseract 3.04.00' />
  <meta name='ocr-capabilities' content='ocr_page ocr_carea ocr_par ocr_line ocrx_word'/>
</head>
<body>
  <div class='ocr_page' id='page_1' title='image "./operaquaesupersu03salluoft_0149.png"; bbox 0 0 1774 3002; ppageno 0'>
   <div class='ocr_carea' id='block_1_1' title="bbox 0 1849 48 2658">
    <p class='ocr_par' dir='ltr' id='par_1_1' title="bbox 0 1849 48 2658">
     <span class='ocr_line' id='line_1_1' title="bbox 0 1849 48 2658; baseline 0 344"><span class='ocrx_word' id='word_1_1' title='bbox 0 1849 48 2658; x_wconf 95' lang='lat' dir='ltr'><strong> </strong></span> 
     </span>
    </p>
   </div>
   <div class='ocr_carea' id='block_1_2' title="bbox 458 160 1609 212">
    <p class='ocr_par' dir='ltr' id='par_1_2' title="bbox 458 160 1609 212">
     <span class='ocr_line' id='line_1_2' title="bbox 458 160 1609 212; baseline -0.004 -1"><span class='ocrx_word' id='word_1_2' title='bbox 458 171 787 212; x_wconf 77' lang='lat' dir='ltr'><strong>msronmttm</strong></span> <span class='ocrx_word' id='word_1_3' title='bbox 812 165 1126 209; x_wconf 63' lang='lat' dir='ltr'><strong>mamm.</strong></span> <span class='ocrx_word' id='word_1_4' title='bbox 1185 169 1275 205; x_wconf 78' lang='lat' dir='ltr'><strong>us.</strong></span> <span class='ocrx_word' id='word_1_5' title='bbox 1304 169 1334 204; x_wconf 88' lang='grc' dir='ltr'><strong>ι.</strong></span> <span class='ocrx_word' id='word_1_6' title='bbox 1550 160 1609 206; x_wconf 67' lang='lat' dir='ltr'><strong>m</strong></span> 
     </span>
    </p>
   </div>
   <div class='ocr_carea' id='block_1_3' title="bbox 163 293 1607 607">
    <p class='ocr_par' dir='ltr' id='par_1_3' title="bbox 300 293 1335 345">
     <span class='ocr_line' id='line_1_3' title="bbox 300 293 1335 345; baseline -0.006 0"><span class='ocrx_word' id='word_1_7' title='bbox 300 301 371 344; x_wconf 78' lang='lat'><strong>69.</strong></span> <span class='ocrx_word' id='word_1_8' title='bbox 423 296 556 345; x_wconf 75' lang='lat' dir='ltr'><strong>Iussu</strong></span> <span class='ocrx_word' id='word_1_9' title='bbox 590 293 755 342; x_wconf 70' lang='lat' dir='ltr'><strong>Hetelli</strong></span> <span class='ocrx_word' id='word_1_10' title='bbox 791 293 1037 340; x_wconf 68' lang='lat' dir='ltr'><strong>cornicines</strong></span> <span class='ocrx_word' id='word_1_11' title='bbox 1078 306 1335 340; x_wconf 76' lang='lat' dir='ltr'><strong>occennere.</strong></span> 
     </span>
    </p>

    <p class='ocr_par' dir='ltr' id='par_1_4' title="bbox 299 376 1604 437">
     <span class='ocr_line' id='line_1_4' title="bbox 299 376 1604 437; baseline -0.006 -10"><span class='ocrx_word' id='word_1_12' title='bbox 299 385 367 428; x_wconf 89' lang='grc'><strong>70.</strong></span> <span class='ocrx_word' id='word_1_13' title='bbox 428 380 485 426; x_wconf 83' lang='lat' dir='ltr'><strong>Et</strong></span> <span class='ocrx_word' id='word_1_14' title='bbox 513 378 680 425; x_wconf 87' lang='lat' dir='ltr'><strong>numeri</strong></span> <span class='ocrx_word' id='word_1_15' title='bbox 710 380 862 424; x_wconf 80' lang='lat' dir='ltr'><strong>e6rum</strong></span> <span class='ocrx_word' id='word_1_16' title='bbox 880 377 1083 424; x_wconf 72' lang='lat' dir='ltr'><strong>Metellus</strong></span> <span class='ocrx_word' id='word_1_17' title='bbox 1115 376 1395 437; x_wconf 67' lang='lat' dir='ltr'><strong>pertineres</strong></span> <span class='ocrx_word' id='word_1_18' title='bbox 1421 387 1604 435; x_wconf 83' lang='lat' dir='ltr'><strong>gnarus.</strong></span> 
     </span>
    </p>

    <p class='ocr_par' dir='ltr' id='par_1_5' title="bbox 163 456 1607 607">
     <span class='ocr_line' id='line_1_5' title="bbox 296 456 1607 522; baseline -0.007 -12"><span class='ocrx_word' id='word_1_19' title='bbox 296 467 365 511; x_wconf 72' lang='grc'><strong>71.</strong></span> <span class='ocrx_word' id='word_1_20' title='bbox 417 462 656 518; x_wconf 84' lang='lat' dir='ltr'><strong>Domitium</strong></span> <span class='ocrx_word' id='word_1_21' title='bbox 700 461 1011 522; x_wconf 81' lang='lat' dir='ltr'><strong>proconsulem</strong></span> <span class='ocrx_word' id='word_1_22' title='bbox 1055 474 1114 505; x_wconf 83' lang='lat' dir='ltr'><strong>ex</strong></span> <span class='ocrx_word' id='word_1_23' title='bbox 1150 458 1341 504; x_wconf 75' lang='lat' dir='ltr'><strong>citeriori</strong></span> <span class='ocrx_word' id='word_1_24' title='bbox 1394 456 1607 517; x_wconf 78' lang='lat' dir='ltr'>Hispania</span> 
     </span>
     <span class='ocr_line' id='line_1_6' title="bbox 163 540 1417 607; baseline -0.007 -12"><span class='ocrx_word' id='word_1_25' title='bbox 163 564 262 595; x_wconf 89' lang='lat' dir='ltr'><strong>cum</strong></span> <span class='ocrx_word' id='word_1_26' title='bbox 302 547 504 601; x_wconf 89' lang='lat' dir='ltr'><strong>omnibus</strong></span> <span class='ocrx_word' id='word_1_27' title='bbox 539 545 702 606; x_wconf 87' lang='lat' dir='ltr'><strong>copiis,</strong></span> <span class='ocrx_word' id='word_1_28' title='bbox 742 560 855 607; x_wconf 87' lang='lat' dir='ltr'><strong>quas</strong></span> <span class='ocrx_word' id='word_1_29' title='bbox 882 545 1135 606; x_wconf 84' lang='lat' dir='ltr'><strong>paraverat,</strong></span> <span class='ocrx_word' id='word_1_30' title='bbox 1174 540 1417 588; x_wconf 76' lang='lat' dir='ltr'><strong>accersivit,</strong></span> 
     </span>
    </p>
   </div>
   <div class='ocr_carea' id='block_1_4' title="bbox 161 678 1612 2814">
    <p class='ocr_par' dir='ltr' id='par_1_6' title="bbox 161 678 1609 1004">
     <span class='ocr_line' id='line_1_7' title="bbox 161 678 1607 730; baseline -0.007 -7"><span class='ocrx_word' id='word_1_31' title='bbox 161 694 304 723; x_wconf 67' lang='lat' dir='ltr'><strong>m</strong></span> <span class='ocrx_word' id='word_1_32' title='bbox 320 686 590 728; x_wconf 69' lang='lat' dir='ltr'><strong>omues-mu,</strong></span> <span class='ocrx_word' id='word_1_33' title='bbox 620 691 718 730; x_wconf 83' lang='lat' dir='ltr'><strong>quae</strong></span> <span class='ocrx_word' id='word_1_34' title='bbox 735 682 854 719; x_wconf 78' lang='lat' dir='ltr'><strong>verba</strong></span> <span class='ocrx_word' id='word_1_35' title='bbox 876 685 941 717; x_wconf 85' lang='lat' dir='ltr'><strong>aut</strong></span> <span class='ocrx_word' id='word_1_36' title='bbox 961 679 1010 717; x_wconf 89' lang='lat' dir='ltr'><strong>ad</strong></span> <span class='ocrx_word' id='word_1_37' title='bbox 1029 680 1144 716; x_wconf 85' lang='lat' dir='ltr'><strong>alium</strong></span> <span class='ocrx_word' id='word_1_38' title='bbox 1167 678 1292 715; x_wconf 88' lang='lat' dir='ltr'><strong>locum</strong></span> <span class='ocrx_word' id='word_1_39' title='bbox 1311 678 1516 726; x_wconf 72' lang='lat' dir='ltr'><strong>pertinent,</strong></span> <span class='ocrx_word' id='word_1_40' title='bbox 1542 681 1607 714; x_wconf 82' lang='lat' dir='ltr'><strong>aut</strong></span> 
     </span>
     <span class='ocr_line' id='line_1_8' title="bbox 162 735 1606 787; baseline -0.007 -7"><span class='ocrx_word' id='word_1_41' title='bbox 162 742 376 780; x_wconf 83' lang='lat' dir='ltr'><strong>memoriter</strong></span> <span class='ocrx_word' id='word_1_42' title='bbox 404 751 429 777; x_wconf 73' lang='lat' dir='ltr'><strong>a</strong></span> <span class='ocrx_word' id='word_1_43' title='bbox 446 740 602 783; x_wconf 86' lang='lat' dir='ltr'><strong>Servio,</strong></span> <span class='ocrx_word' id='word_1_44' title='bbox 632 740 773 787; x_wconf 82' lang='lat' dir='ltr'><strong>quippe</strong></span> <span class='ocrx_word' id='word_1_45' title='bbox 798 738 861 786; x_wconf 86' lang='lat' dir='ltr'><strong>qui</strong></span> <span class='ocrx_word' id='word_1_46' title='bbox 887 737 1007 774; x_wconf 83' lang='lat' dir='ltr'><strong>solam</strong></span> <span class='ocrx_word' id='word_1_47' title='bbox 1025 735 1182 784; x_wconf 76' lang='lat' dir='ltr'><strong>perlecti</strong></span> <span class='ocrx_word' id='word_1_48' title='bbox 1203 735 1361 772; x_wconf 73' lang='lat' dir='ltr'><strong>formam</strong></span> <span class='ocrx_word' id='word_1_49' title='bbox 1386 736 1606 784; x_wconf 71' lang='lat' dir='ltr'><strong>respiceret,</strong></span> 
     </span>
     <span class='ocr_line' id='line_1_9' title="bbox 162 792 1606 843; baseline -0.006 -8"><span class='ocrx_word' id='word_1_50' title='bbox 162 800 334 835; x_wconf 75' lang='lat' dir='ltr'><strong>citantur.</strong></span> <span class='ocrx_word' id='word_1_51' title='bbox 369 797 415 834; x_wconf 83' lang='lat' dir='ltr'><strong>Et</strong></span> <span class='ocrx_word' id='word_1_52' title='bbox 434 797 506 833; x_wconf 87' lang='lat' dir='ltr'><strong>hoc</strong></span> <span class='ocrx_word' id='word_1_53' title='bbox 527 798 564 831; x_wconf 86' lang='lat' dir='ltr'><strong>et</strong></span> <span class='ocrx_word' id='word_1_54' title='bbox 581 806 746 843; x_wconf 89' lang='lat' dir='ltr'><strong>sequens</strong></span> <span class='ocrx_word' id='word_1_55' title='bbox 763 795 1047 842; x_wconf 69' lang='lat' dir='ltr'><strong>Fragmentum,</strong></span> <span class='ocrx_word' id='word_1_56' title='bbox 1078 802 1148 840; x_wconf 86' lang='lat' dir='ltr'><strong>per</strong></span> <span class='ocrx_word' id='word_1_57' title='bbox 1167 803 1211 828; x_wconf 90' lang='lat' dir='ltr'><strong>se</strong></span> <span class='ocrx_word' id='word_1_58' title='bbox 1229 800 1363 839; x_wconf 86' lang='lat' dir='ltr'><strong>parum</strong></span> <span class='ocrx_word' id='word_1_59' title='bbox 1389 792 1606 839; x_wconf 84' lang='lat' dir='ltr'><strong>perspicua,</strong></span> 
     </span>
     <span class='ocr_line' id='line_1_10' title="bbox 164 847 1607 902; baseline -0.006 -11"><span class='ocrx_word' id='word_1_60' title='bbox 164 859 288 892; x_wconf 78' lang='lat' dir='ltr'><strong>tamen</strong></span> <span class='ocrx_word' id='word_1_61' title='bbox 307 858 462 902; x_wconf 86' lang='lat' dir='ltr'><strong>propter</strong></span> <span class='ocrx_word' id='word_1_62' title='bbox 479 852 618 888; x_wconf 74' lang='lat' dir='ltr'><strong>Metelli</strong></span> <span class='ocrx_word' id='word_1_63' title='bbox 640 853 867 888; x_wconf 75' lang='lat' dir='ltr'><strong>mentionem</strong></span> <span class='ocrx_word' id='word_1_64' title='bbox 886 849 970 887; x_wconf 64' lang='lat' dir='ltr'><strong>hue</strong></span> <span class='ocrx_word' id='word_1_65' title='bbox 980 850 1167 886; x_wconf 77' lang='lat' dir='ltr'><strong>collocare</strong></span> <span class='ocrx_word' id='word_1_66' title='bbox 1186 849 1312 885; x_wconf 81' lang='lat' dir='ltr'><strong>visum</strong></span> <span class='ocrx_word' id='word_1_67' title='bbox 1331 852 1402 893; x_wconf 89' lang='lat' dir='ltr'><strong>est,</strong></span> <span class='ocrx_word' id='word_1_68' title='bbox 1424 847 1513 896; x_wconf 80' lang='lat' dir='ltr'><strong>quia</strong></span> <span class='ocrx_word' id='word_1_69' title='bbox 1531 857 1607 884; x_wconf 90' lang='lat' dir='ltr'><strong>non</strong></span> 
     </span>
     <span class='ocr_line' id='line_1_11' title="bbox 163 903 1609 958; baseline -0.006 -10"><span class='ocrx_word' id='word_1_70' title='bbox 163 910 325 948; x_wconf 78' lang='lat' dir='ltr'><strong>dubitari</strong></span> <span class='ocrx_word' id='word_1_71' title='bbox 345 913 489 958; x_wconf 82' lang='lat' dir='ltr'><strong>potest,</strong></span> <span class='ocrx_word' id='word_1_72' title='bbox 513 909 602 955; x_wconf 82' lang='lat' dir='ltr'><strong>quin</strong></span> <span class='ocrx_word' id='word_1_73' title='bbox 621 909 660 944; x_wconf 90' lang='lat' dir='ltr'><strong>in</strong></span> <span class='ocrx_word' id='word_1_74' title='bbox 677 908 760 945; x_wconf 80' lang='lat' dir='ltr'><strong>eius</strong></span> <span class='ocrx_word' id='word_1_75' title='bbox 780 918 866 944; x_wconf 91' lang='lat' dir='ltr'><strong>cum</strong></span> <span class='ocrx_word' id='word_1_76' title='bbox 881 906 1047 944; x_wconf 78' lang='lat' dir='ltr'><strong>Sertorio</strong></span> <span class='ocrx_word' id='word_1_77' title='bbox 1067 905 1206 954; x_wconf 75' lang='lat' dir='ltr'><strong>pugnis</strong></span> <span class='ocrx_word' id='word_1_78' title='bbox 1225 903 1488 942; x_wconf 79' lang='lat' dir='ltr'><strong>describendis</strong></span> <span class='ocrx_word' id='word_1_79' title='bbox 1507 904 1609 942; x_wconf 81' lang='lat' dir='ltr'><strong>lecta</strong></span> 
     </span>
     <span class='ocr_line' id='line_1_12' title="bbox 165 968 313 1004; baseline 0.014 -2"><span class='ocrx_word' id='word_1_80' title='bbox 165 968 313 1004; x_wconf 76' lang='lat' dir='ltr'><strong>tuerint.</strong></span> 
     </span>
    </p>

    <p class='ocr_par' dir='ltr' id='par_1_7' title="bbox 163 1013 1610 1573">
     <span class='ocr_line' id='line_1_13' title="bbox 274 1013 1606 1071; baseline -0.004 -11"><span class='ocrx_word' id='word_1_81' title='bbox 274 1018 338 1060; x_wconf 62' lang='grc' dir='ltr'><strong>ᾗ.</strong></span> <span class='ocrx_word' id='word_1_82' title='bbox 364 1022 424 1061; x_wconf 77' lang='grc'><strong>70.</strong></span> <span class='ocrx_word' id='word_1_83' title='bbox 467 1020 583 1071; x_wconf 76' lang='lat' dir='ltr'><strong>[cort.</strong></span> <span class='ocrx_word' id='word_1_84' title='bbox 612 1031 651 1068; x_wconf 87' lang='lat' dir='ltr'><strong>p.</strong></span> <span class='ocrx_word' id='word_1_85' title='bbox 668 1023 751 1060; x_wconf 57' lang='grc' dir='ltr'><strong>θῶ</strong></span> <span class='ocrx_word' id='word_1_86' title='bbox 783 1020 882 1057; x_wconf 81' lang='lat' dir='ltr'><strong>Gerl.</strong></span> <span class='ocrx_word' id='word_1_87' title='bbox 909 1018 971 1056; x_wconf 85' lang='lat' dir='ltr'><strong>ed.</strong></span> <span class='ocrx_word' id='word_1_88' title='bbox 1002 1018 1091 1054; x_wconf 84' lang='lat' dir='ltr'><strong>mai.</strong></span> <span class='ocrx_word' id='word_1_89' title='bbox 1112 1017 1141 1062; x_wconf 93' lang='lat'><strong>1,</strong></span> <span class='ocrx_word' id='word_1_90' title='bbox 1160 1019 1221 1054; x_wconf 75' lang='lat'><strong>54.</strong></span> <span class='ocrx_word' id='word_1_91' title='bbox 1249 1016 1313 1052; x_wconf 86' lang='lat' dir='ltr'><strong>cd.</strong></span> <span class='ocrx_word' id='word_1_92' title='bbox 1335 1013 1526 1054; x_wconf 84' lang='lat' dir='ltr'><strong>m1n.1nc.</strong></span> <span class='ocrx_word' id='word_1_93' title='bbox 1546 1018 1606 1055; x_wconf 73' lang='lat'><strong>82</strong></span> 
     </span>
     <span class='ocr_line' id='line_1_14' title="bbox 163 1072 1606 1128; baseline -0.007 -10"><span class='ocrx_word' id='word_1_94' title='bbox 163 1091 202 1128; x_wconf 89' lang='lat' dir='ltr'><strong>p.</strong></span> <span class='ocrx_word' id='word_1_95' title='bbox 229 1082 314 1125; x_wconf 68' lang='lat'><strong>&#39;¹⁰5</strong></span> <span class='ocrx_word' id='word_1_96' title='bbox 342 1083 377 1117; x_wconf 86' lang='lat'><strong>1.</strong></span> <span class='ocrx_word' id='word_1_97' title='bbox 407 1078 518 1115; x_wconf 80' lang='lat' dir='ltr'><strong>Debr.</strong></span> <span class='ocrx_word' id='word_1_98' title='bbox 546 1077 590 1121; x_wconf 89' lang='grc' dir='ltr'><strong>Π,</strong></span> <span class='ocrx_word' id='word_1_99' title='bbox 615 1077 714 1121; x_wconf 63' lang='lat'>1”.]</span> <span class='ocrx_word' id='word_1_100' title='bbox 759 1077 874 1113; x_wconf 81' lang='lat' dir='ltr'><strong>Arus.</strong></span> <span class='ocrx_word' id='word_1_101' title='bbox 900 1085 940 1111; x_wconf 78' lang='lat' dir='ltr'><strong>v,</strong></span> <span class='ocrx_word' id='word_1_102' title='bbox 968 1082 1129 1123; x_wconf 63' lang='lat' dir='ltr'><strong>mm,</strong></span> <span class='ocrx_word' id='word_1_103' title='bbox 1169 1085 1210 1122; x_wconf 86' lang='lat' dir='ltr'><strong>p.</strong></span> <span class='ocrx_word' id='word_1_104' title='bbox 1237 1076 1318 1112; x_wconf 61' lang='lat' dir='ltr'><strong>m</strong></span> <span class='ocrx_word' id='word_1_105' title='bbox 1345 1072 1411 1110; x_wconf 88' lang='lat' dir='ltr'><strong>ed.</strong></span> <span class='ocrx_word' id='word_1_106' title='bbox 1437 1072 1606 1109; x_wconf 87' lang='lat' dir='ltr'><strong>Lindem.</strong></span> 
     </span>
     <span class='ocr_line' id='line_1_15' title="bbox 164 1129 1610 1181; baseline -0.006 -8"><span class='ocrx_word' id='word_1_107' title='bbox 164 1138 235 1173; x_wconf 84' lang='lat' dir='ltr'><strong>Pro</strong></span> <span class='ocrx_word' id='word_1_108' title='bbox 254 1141 291 1172; x_wconf 78' lang='grc' dir='ltr'><strong><em>α</em></strong></span> <span class='ocrx_word' id='word_1_109' title='bbox 305 1136 467 1181; x_wconf 65' lang='grc' dir='ltr'>’.Μ-ι’,</span> <span class='ocrx_word' id='word_1_110' title='bbox 494 1139 534 1170; x_wconf 83' lang='grc' dir='ltr'><strong>ιιι</strong></span> <span class='ocrx_word' id='word_1_111' title='bbox 551 1138 609 1170; x_wconf 87' lang='lat' dir='ltr'><strong>est</strong></span> <span class='ocrx_word' id='word_1_112' title='bbox 631 1134 669 1169; x_wconf 89' lang='lat' dir='ltr'><strong>in</strong></span> <span class='ocrx_word' id='word_1_113' title='bbox 687 1132 774 1170; x_wconf 88' lang='lat' dir='ltr'><strong>cod.</strong></span> <span class='ocrx_word' id='word_1_114' title='bbox 795 1133 972 1170; x_wconf 82' lang='lat' dir='ltr'><strong>Ambros.</strong></span> <span class='ocrx_word' id='word_1_115' title='bbox 999 1135 1036 1167; x_wconf 90' lang='lat' dir='ltr'><strong>et</strong></span> <span class='ocrx_word' id='word_1_116' title='bbox 1057 1130 1175 1175; x_wconf 62' lang='lat' dir='ltr'><strong>Gud„</strong></span> <span class='ocrx_word' id='word_1_117' title='bbox 1205 1129 1336 1167; x_wconf 87' lang='lat' dir='ltr'><strong>Carrio</strong></span> <span class='ocrx_word' id='word_1_118' title='bbox 1354 1131 1444 1166; x_wconf 82' lang='lat' dir='ltr'><strong>olim</strong></span> <span class='ocrx_word' id='word_1_119' title='bbox 1466 1130 1610 1166; x_wconf 67' lang='lat' dir='ltr'><strong>itineris</strong></span> 
     </span>
     <span class='ocr_line' id='line_1_16' title="bbox 164 1186 1607 1238; baseline -0.005 -10"><span class='ocrx_word' id='word_1_120' title='bbox 164 1191 303 1237; x_wconf 82' lang='lat' dir='ltr'><strong>edidit,</strong></span> <span class='ocrx_word' id='word_1_121' title='bbox 331 1190 434 1238; x_wconf 88' lang='lat' dir='ltr'><strong>quod</strong></span> <span class='ocrx_word' id='word_1_122' title='bbox 457 1192 503 1227; x_wconf 81' lang='lat' dir='ltr'><strong>ab</strong></span> <span class='ocrx_word' id='word_1_123' title='bbox 529 1190 708 1226; x_wconf 83' lang='lat' dir='ltr'><strong>insecutis</strong></span> <span class='ocrx_word' id='word_1_124' title='bbox 725 1186 891 1227; x_wconf 79' lang='lat' dir='ltr'><strong>Sallustii</strong></span> <span class='ocrx_word' id='word_1_125' title='bbox 913 1187 1119 1224; x_wconf 83' lang='lat' dir='ltr'><strong>editoribus</strong></span> <span class='ocrx_word' id='word_1_126' title='bbox 1138 1190 1389 1234; x_wconf 84' lang='lat' dir='ltr'><strong>propagatum</strong></span> <span class='ocrx_word' id='word_1_127' title='bbox 1413 1194 1513 1223; x_wconf 86' lang='lat' dir='ltr'><strong>nnnc</strong></span> <span class='ocrx_word' id='word_1_128' title='bbox 1530 1196 1607 1222; x_wconf 90' lang='lat' dir='ltr'><strong>non</strong></span> 
     </span>
     <span class='ocr_line' id='line_1_17' title="bbox 164 1242 1607 1296; baseline -0.006 -11"><span class='ocrx_word' id='word_1_129' title='bbox 164 1248 326 1296; x_wconf 71' lang='lat' dir='ltr'><strong>amplius</strong></span> <span class='ocrx_word' id='word_1_130' title='bbox 344 1246 543 1284; x_wconf 78' lang='lat' dir='ltr'><strong>terendum</strong></span> <span class='ocrx_word' id='word_1_131' title='bbox 563 1251 635 1283; x_wconf 87' lang='lat' dir='ltr'><strong>est.</strong></span> <span class='ocrx_word' id='word_1_132' title='bbox 669 1246 724 1282; x_wconf 85' lang='lat' dir='ltr'><strong>Dc</strong></span> <span class='ocrx_word' id='word_1_133' title='bbox 744 1255 905 1293; x_wconf 80' lang='lat' dir='ltr'><strong>quanam</strong></span> <span class='ocrx_word' id='word_1_134' title='bbox 926 1254 968 1281; x_wconf 89' lang='lat' dir='ltr'><strong>re</strong></span> <span class='ocrx_word' id='word_1_135' title='bbox 986 1245 1105 1280; x_wconf 74' lang='lat' dir='ltr'><strong>verba</strong></span> <span class='ocrx_word' id='word_1_136' title='bbox 1118 1242 1370 1290; x_wconf 78' lang='lat' dir='ltr'><strong>intelligenda</strong></span> <span class='ocrx_word' id='word_1_137' title='bbox 1389 1243 1476 1287; x_wconf 86' lang='lat' dir='ltr'><strong>sint,</strong></span> <span class='ocrx_word' id='word_1_138' title='bbox 1499 1243 1607 1290; x_wconf 85' lang='lat' dir='ltr'><strong>equi-</strong></span> 
     </span>
     <span class='ocr_line' id='line_1_18' title="bbox 166 1299 1606 1351; baseline -0.004 -10"><span class='ocrx_word' id='word_1_139' title='bbox 166 1305 266 1341; x_wconf 81' lang='lat' dir='ltr'><strong>dem</strong></span> <span class='ocrx_word' id='word_1_140' title='bbox 283 1305 436 1351; x_wconf 77' lang='lat' dir='ltr'><strong>assequi</strong></span> <span class='ocrx_word' id='word_1_141' title='bbox 462 1313 539 1339; x_wconf 86' lang='lat' dir='ltr'><strong>non</strong></span> <span class='ocrx_word' id='word_1_142' title='bbox 562 1304 694 1348; x_wconf 86' lang='lat' dir='ltr'><strong>valeo;</strong></span> <span class='ocrx_word' id='word_1_143' title='bbox 725 1302 952 1339; x_wconf 83' lang='lat' dir='ltr'><strong>Debrossius</strong></span> <span class='ocrx_word' id='word_1_144' title='bbox 971 1300 1075 1337; x_wconf 85' lang='lat' dir='ltr'><strong>unde</strong></span> <span class='ocrx_word' id='word_1_145' title='bbox 1102 1300 1325 1348; x_wconf 84' lang='lat' dir='ltr'><strong>cognoverit</strong></span> <span class='ocrx_word' id='word_1_146' title='bbox 1343 1299 1392 1335; x_wconf 87' lang='lat' dir='ltr'><strong>de</strong></span> <span class='ocrx_word' id='word_1_147' title='bbox 1414 1299 1606 1336; x_wconf 81' lang='lat' dir='ltr'><strong>Hirtuleiis</strong></span> 
     </span>
     <span class='ocr_line' id='line_1_19' title="bbox 165 1356 1606 1403; baseline -0.005 -6"><span class='ocrx_word' id='word_1_148' title='bbox 165 1361 340 1397; x_wconf 73' lang='lat' dir='ltr'><strong>fratribus</strong></span> <span class='ocrx_word' id='word_1_149' title='bbox 369 1370 581 1396; x_wconf 83' lang='lat' dir='ltr'><strong>sermonem</strong></span> <span class='ocrx_word' id='word_1_150' title='bbox 608 1370 716 1403; x_wconf 89' lang='lat' dir='ltr'><strong>esse,</strong></span> <span class='ocrx_word' id='word_1_151' title='bbox 754 1359 838 1395; x_wconf 83' lang='lat' dir='ltr'><strong>aliis</strong></span> <span class='ocrx_word' id='word_1_152' title='bbox 867 1356 1114 1395; x_wconf 83' lang='lat' dir='ltr'><strong>divinandum</strong></span> <span class='ocrx_word' id='word_1_153' title='bbox 1139 1357 1334 1402; x_wconf 87' lang='lat' dir='ltr'><strong>relinquo;</strong></span> <span class='ocrx_word' id='word_1_154' title='bbox 1377 1356 1519 1402; x_wconf 79' lang='lat' dir='ltr'><strong>pariter</strong></span> <span class='ocrx_word' id='word_1_155' title='bbox 1544 1367 1606 1392; x_wconf 89' lang='lat' dir='ltr'><strong>me</strong></span> 
     </span>
     <span class='ocr_line' id='line_1_20' title="bbox 166 1411 1607 1465; baseline -0.004 -12"><span class='ocrx_word' id='word_1_156' title='bbox 166 1418 278 1465; x_wconf 72' lang='lat' dir='ltr'><strong>fugit,</strong></span> <span class='ocrx_word' id='word_1_157' title='bbox 313 1426 411 1463; x_wconf 77' lang='lat' dir='ltr'><strong>quae</strong></span> <span class='ocrx_word' id='word_1_158' title='bbox 435 1427 574 1452; x_wconf 80' lang='lat' dir='ltr'><strong>caussa</strong></span> <span class='ocrx_word' id='word_1_159' title='bbox 602 1414 838 1451; x_wconf 88' lang='lat' dir='ltr'><strong>Gerlachium</strong></span> <span class='ocrx_word' id='word_1_160' title='bbox 865 1413 1073 1461; x_wconf 85' lang='lat' dir='ltr'><strong>impulerit,</strong></span> <span class='ocrx_word' id='word_1_161' title='bbox 1115 1416 1155 1448; x_wconf 91' lang='lat' dir='ltr'><strong>ut</strong></span> <span class='ocrx_word' id='word_1_162' title='bbox 1181 1413 1446 1459; x_wconf 83' lang='lat' dir='ltr'><strong>Fragmentum</strong></span> <span class='ocrx_word' id='word_1_163' title='bbox 1475 1412 1514 1448; x_wconf 89' lang='lat' dir='ltr'><strong>in</strong></span> <span class='ocrx_word' id='word_1_164' title='bbox 1542 1411 1607 1448; x_wconf 90' lang='lat' dir='ltr'><strong>ed.</strong></span> 
     </span>
     <span class='ocr_line' id='line_1_21' title="bbox 165 1467 1607 1517; baseline -0.003 -8"><span class='ocrx_word' id='word_1_165' title='bbox 165 1474 256 1509; x_wconf 85' lang='lat' dir='ltr'><strong>min.</strong></span> <span class='ocrx_word' id='word_1_166' title='bbox 279 1471 438 1509; x_wconf 68' lang='lat' dir='ltr'><strong>Incertis</strong></span> <span class='ocrx_word' id='word_1_167' title='bbox 458 1476 743 1515; x_wconf 73' lang='lat' dir='ltr'><strong>annumeraret,</strong></span> <span class='ocrx_word' id='word_1_168' title='bbox 772 1470 874 1517; x_wconf 88' lang='lat' dir='ltr'><strong>quod</strong></span> <span class='ocrx_word' id='word_1_169' title='bbox 898 1470 1111 1506; x_wconf 75' lang='lat' dir='ltr'><strong>Arusianus</strong></span> <span class='ocrx_word' id='word_1_170' title='bbox 1133 1467 1275 1505; x_wconf 83' lang='lat' dir='ltr'><strong>diserte</strong></span> <span class='ocrx_word' id='word_1_171' title='bbox 1297 1476 1347 1505; x_wconf 84' lang='lat' dir='ltr'><strong>ex</strong></span> <span class='ocrx_word' id='word_1_172' title='bbox 1366 1469 1493 1517; x_wconf 76' lang='lat' dir='ltr'><strong>primo</strong></span> <span class='ocrx_word' id='word_1_173' title='bbox 1513 1469 1607 1505; x_wconf 85' lang='lat' dir='ltr'><strong>libro</strong></span> 
     </span>
     <span class='ocr_line' id='line_1_22' title="bbox 167 1524 1332 1573; baseline -0.003 -9"><span class='ocrx_word' id='word_1_174' title='bbox 167 1527 318 1573; x_wconf 77' lang='lat' dir='ltr'><strong>alferat,</strong></span> <span class='ocrx_word' id='word_1_175' title='bbox 339 1529 401 1565; x_wconf 88' lang='lat' dir='ltr'><strong>cni</strong></span> <span class='ocrx_word' id='word_1_176' title='bbox 420 1526 633 1564; x_wconf 86' lang='lat' dir='ltr'><strong>testimonio</strong></span> <span class='ocrx_word' id='word_1_177' title='bbox 652 1527 763 1563; x_wconf 87' lang='lat' dir='ltr'><strong>etiam</strong></span> <span class='ocrx_word' id='word_1_178' title='bbox 783 1526 929 1563; x_wconf 73' lang='lat' dir='ltr'><strong>Metelli</strong></span> <span class='ocrx_word' id='word_1_179' title='bbox 942 1535 1081 1562; x_wconf 86' lang='lat' dir='ltr'><strong>nomen</strong></span> <span class='ocrx_word' id='word_1_180' title='bbox 1098 1524 1213 1562; x_wconf 83' lang='lat' dir='ltr'><strong>fidem</strong></span> <span class='ocrx_word' id='word_1_181' title='bbox 1232 1525 1332 1561; x_wconf 78' lang='lat' dir='ltr'><strong>facit.</strong></span> 
     </span>
    </p>

    <p class='ocr_par' dir='ltr' id='par_1_8' title="bbox 168 1580 1612 2814">
     <span class='ocr_line' id='line_1_23' title="bbox 278 1580 1606 1630; baseline -0.004 -10"><span class='ocrx_word' id='word_1_182' title='bbox 278 1584 340 1622; x_wconf 83' lang='lat' dir='ltr'><strong>Fr.</strong></span> <span class='ocrx_word' id='word_1_183' title='bbox 361 1586 421 1622; x_wconf 87' lang='grc'><strong>71.</strong></span> <span class='ocrx_word' id='word_1_184' title='bbox 460 1582 577 1629; x_wconf 71' lang='lat' dir='ltr'><strong>[Con.</strong></span> <span class='ocrx_word' id='word_1_185' title='bbox 595 1594 635 1630; x_wconf 90' lang='lat' dir='ltr'><strong>p.</strong></span> <span class='ocrx_word' id='word_1_186' title='bbox 652 1586 737 1622; x_wconf 77' lang='lat'><strong>954.</strong></span> <span class='ocrx_word' id='word_1_187' title='bbox 778 1583 878 1619; x_wconf 79' lang='lat' dir='ltr'><strong>Gerl.</strong></span> <span class='ocrx_word' id='word_1_188' title='bbox 898 1582 960 1619; x_wconf 88' lang='lat' dir='ltr'><strong>ed.</strong></span> <span class='ocrx_word' id='word_1_189' title='bbox 985 1581 1075 1619; x_wconf 87' lang='lat' dir='ltr'><strong>mai.</strong></span> <span class='ocrx_word' id='word_1_190' title='bbox 1104 1581 1140 1626; x_wconf 87' lang='lat'><strong>1,</strong></span> <span class='ocrx_word' id='word_1_191' title='bbox 1166 1582 1228 1620; x_wconf 78' lang='grc'><strong>27.</strong></span> <span class='ocrx_word' id='word_1_192' title='bbox 1256 1580 1321 1618; x_wconf 85' lang='lat' dir='ltr'><strong>ed.</strong></span> <span class='ocrx_word' id='word_1_193' title='bbox 1350 1580 1442 1616; x_wconf 90' lang='lat' dir='ltr'><strong>min.</strong></span> <span class='ocrx_word' id='word_1_194' title='bbox 1474 1580 1512 1626; x_wconf 86' lang='lat'><strong>1,</strong></span> <span class='ocrx_word' id='word_1_195' title='bbox 1544 1583 1606 1620; x_wconf 79' lang='grc'><strong>93.</strong></span> 
     </span>
     <span class='ocr_line' id='line_1_24' title="bbox 168 1633 1605 1688; baseline -0.005 -8"><span class='ocrx_word' id='word_1_196' title='bbox 168 1642 394 1688; x_wconf 68' lang='lat' dir='ltr'><strong>p-19&#39;1,13.</strong></span> <span class='ocrx_word' id='word_1_197' title='bbox 432 1639 607 1684; x_wconf 68' lang='lat' dir='ltr'><strong>Dent-11,</strong></span> <span class='ocrx_word' id='word_1_198' title='bbox 627 1640 703 1684; x_wconf 57' lang='lat'><strong>52]</strong></span> <span class='ocrx_word' id='word_1_199' title='bbox 744 1639 883 1684; x_wconf 83' lang='lat' dir='ltr'><strong>Verba,</strong></span> <span class='ocrx_word' id='word_1_200' title='bbox 903 1648 1001 1686; x_wconf 83' lang='lat' dir='ltr'><strong>quae</strong></span> <span class='ocrx_word' id='word_1_201' title='bbox 1020 1633 1207 1686; x_wconf 74' lang='lat' dir='ltr'><strong>leg-untur,</strong></span> <span class='ocrx_word' id='word_1_202' title='bbox 1228 1637 1330 1685; x_wconf 84' lang='lat' dir='ltr'><strong>apud</strong></span> <span class='ocrx_word' id='word_1_203' title='bbox 1348 1637 1535 1674; x_wconf 79' lang='lat' dir='ltr'><strong>Priscian.</strong></span> <span class='ocrx_word' id='word_1_204' title='bbox 1557 1636 1605 1682; x_wconf 87' lang='lat' dir='ltr'><strong>X,</strong></span> 
     </span>
     <span class='ocr_line' id='line_1_25' title="bbox 168 1694 1607 1744; baseline -0.003 -9"><span class='ocrx_word' id='word_1_205' title='bbox 168 1700 205 1742; x_wconf 85' lang='lat'><strong>8,</strong></span> <span class='ocrx_word' id='word_1_206' title='bbox 222 1699 284 1735; x_wconf 74' lang='lat'><strong>45.</strong></span> <span class='ocrx_word' id='word_1_207' title='bbox 308 1706 349 1744; x_wconf 83' lang='lat' dir='ltr'><strong>p.</strong></span> <span class='ocrx_word' id='word_1_208' title='bbox 360 1697 447 1735; x_wconf 64' lang='lat'><strong>504.</strong></span> <span class='ocrx_word' id='word_1_209' title='bbox 464 1694 544 1740; x_wconf 68' lang='grc' dir='ltr'><strong>ΚΓ,</strong></span> <span class='ocrx_word' id='word_1_210' title='bbox 563 1704 635 1743; x_wconf 78' lang='lat' dir='ltr'><strong>per</strong></span> <span class='ocrx_word' id='word_1_211' title='bbox 653 1706 696 1732; x_wconf 88' lang='lat' dir='ltr'><strong>se</strong></span> <span class='ocrx_word' id='word_1_212' title='bbox 716 1696 808 1732; x_wconf 82' lang='lat' dir='ltr'><strong>satis</strong></span> <span class='ocrx_word' id='word_1_213' title='bbox 826 1696 941 1743; x_wconf 83' lang='lat' dir='ltr'><strong>plana</strong></span> <span class='ocrx_word' id='word_1_214' title='bbox 962 1699 1070 1740; x_wconf 89' lang='lat' dir='ltr'><strong>sunt;</strong></span> <span class='ocrx_word' id='word_1_215' title='bbox 1089 1695 1281 1731; x_wconf 77' lang='lat' dir='ltr'><strong>accersivit</strong></span> <span class='ocrx_word' id='word_1_216' title='bbox 1298 1697 1423 1731; x_wconf 86' lang='lat' dir='ltr'><strong>autem</strong></span> <span class='ocrx_word' id='word_1_217' title='bbox 1442 1694 1607 1731; x_wconf 79' lang='lat' dir='ltr'><strong>referen-</strong></span> 
     </span>
     <span class='ocr_line' id='line_1_26' title="bbox 170 1724 1607 1800; baseline -0.001 -11"><span class='ocrx_word' id='word_1_218' title='bbox 170 1752 259 1789; x_wconf 86' lang='lat' dir='ltr'><strong>dum</strong></span> <span class='ocrx_word' id='word_1_219' title='bbox 277 1756 336 1789; x_wconf 87' lang='lat' dir='ltr'><strong>est</strong></span> <span class='ocrx_word' id='word_1_220' title='bbox 354 1752 406 1789; x_wconf 82' lang='lat' dir='ltr'><strong>ad</strong></span> <span class='ocrx_word' id='word_1_221' title='bbox 423 1724 624 1798; x_wconf 53' lang='lat' dir='ltr'><strong>Maelium,</strong></span> <span class='ocrx_word' id='word_1_222' title='bbox 651 1753 714 1799; x_wconf 85' lang='lat' dir='ltr'><strong>qui</strong></span> <span class='ocrx_word' id='word_1_223' title='bbox 744 1763 767 1788; x_wconf 92' lang='lat' dir='ltr'><strong>a</strong></span> <span class='ocrx_word' id='word_1_224' title='bbox 785 1751 952 1789; x_wconf 88' lang='lat' dir='ltr'><strong>Sertorio</strong></span> <span class='ocrx_word' id='word_1_225' title='bbox 971 1752 1086 1789; x_wconf 82' lang='lat' dir='ltr'><strong>valde</strong></span> <span class='ocrx_word' id='word_1_226' title='bbox 1115 1752 1294 1799; x_wconf 78' lang='lat' dir='ltr'><strong>fatigatus</strong></span> <span class='ocrx_word' id='word_1_227' title='bbox 1321 1754 1432 1800; x_wconf 86' lang='lat' dir='ltr'><strong>atque</strong></span> <span class='ocrx_word' id='word_1_228' title='bbox 1448 1760 1607 1798; x_wconf 88' lang='lat' dir='ltr'><strong>pressus</strong></span> 
     </span>
     <span class='ocr_line' id='line_1_27' title="bbox 168 1806 1608 1856; baseline -0.001 -11"><span class='ocrx_word' id='word_1_229' title='bbox 168 1809 369 1845; x_wconf 76' lang='lat' dir='ltr'><strong>Domitium</strong></span> <span class='ocrx_word' id='word_1_230' title='bbox 387 1818 474 1846; x_wconf 89' lang='lat' dir='ltr'><strong>cum</strong></span> <span class='ocrx_word' id='word_1_231' title='bbox 493 1809 574 1845; x_wconf 87' lang='lat' dir='ltr'><strong>suis</strong></span> <span class='ocrx_word' id='word_1_232' title='bbox 592 1808 713 1856; x_wconf 89' lang='lat' dir='ltr'><strong>copiis</strong></span> <span class='ocrx_word' id='word_1_233' title='bbox 732 1809 803 1845; x_wconf 88' lang='lat' dir='ltr'><strong>sibi</strong></span> <span class='ocrx_word' id='word_1_234' title='bbox 826 1809 965 1846; x_wconf 85' lang='lat' dir='ltr'><strong>auxilio</strong></span> <span class='ocrx_word' id='word_1_235' title='bbox 983 1809 1115 1845; x_wconf 80' lang='lat' dir='ltr'><strong>venire</strong></span> <span class='ocrx_word' id='word_1_236' title='bbox 1133 1808 1256 1844; x_wconf 85' lang='lat' dir='ltr'><strong>iussit.</strong></span> <span class='ocrx_word' id='word_1_237' title='bbox 1297 1806 1376 1845; x_wconf 79' lang='lat' dir='ltr'><strong>Sed</strong></span> <span class='ocrx_word' id='word_1_238' title='bbox 1393 1807 1496 1844; x_wconf 87' lang='lat' dir='ltr'><strong>hunc</strong></span> <span class='ocrx_word' id='word_1_239' title='bbox 1517 1816 1608 1855; x_wconf 90' lang='lat' dir='ltr'><strong>quo-</strong></span> 
     </span>
     <span class='ocr_line' id='line_1_28' title="bbox 169 1865 1608 1912; baseline -0.001 -11"><span class='ocrx_word' id='word_1_240' title='bbox 169 1876 242 1911; x_wconf 84' lang='lat' dir='ltr'><strong>que</strong></span> <span class='ocrx_word' id='word_1_241' title='bbox 260 1865 401 1901; x_wconf 75' lang='lat' dir='ltr'><strong>victum</strong></span> <span class='ocrx_word' id='word_1_242' title='bbox 420 1875 512 1901; x_wconf 66' lang='lat' dir='ltr'><strong>esse</strong></span> <span class='ocrx_word' id='word_1_243' title='bbox 538 1866 646 1902; x_wconf 80' lang='lat' dir='ltr'><strong>testis</strong></span> <span class='ocrx_word' id='word_1_244' title='bbox 674 1869 733 1901; x_wconf 88' lang='lat' dir='ltr'><strong>est</strong></span> <span class='ocrx_word' id='word_1_245' title='bbox 748 1866 968 1902; x_wconf 84' lang='lat' dir='ltr'><strong>Plutarchus</strong></span> <span class='ocrx_word' id='word_1_246' title='bbox 995 1865 1034 1901; x_wconf 88' lang='lat' dir='ltr'><strong>in</strong></span> <span class='ocrx_word' id='word_1_247' title='bbox 1054 1865 1354 1909; x_wconf 77' lang='lat' dir='ltr'><strong>Sertor.e.12.,</strong></span> <span class='ocrx_word' id='word_1_248' title='bbox 1381 1874 1608 1912; x_wconf 86' lang='lat' dir='ltr'><strong>quamquam</strong></span> 
     </span>
     <span class='ocr_line' id='line_1_29' title="bbox 170 1914 1610 1968; baseline 0 -12"><span class='ocrx_word' id='word_1_249' title='bbox 170 1922 234 1956; x_wconf 85' lang='lat' dir='ltr'><strong>illo</strong></span> <span class='ocrx_word' id='word_1_250' title='bbox 254 1922 339 1957; x_wconf 93' lang='lat' dir='ltr'><strong>loco</strong></span> <span class='ocrx_word' id='word_1_251' title='bbox 361 1920 505 1967; x_wconf 88' lang='lat' dir='ltr'><strong>aliquid</strong></span> <span class='ocrx_word' id='word_1_252' title='bbox 528 1922 714 1957; x_wconf 82' lang='lat' dir='ltr'><strong>turbatum</strong></span> <span class='ocrx_word' id='word_1_253' title='bbox 734 1925 806 1957; x_wconf 86' lang='lat' dir='ltr'><strong>est.</strong></span> <span class='ocrx_word' id='word_1_254' title='bbox 846 1922 943 1958; x_wconf 84' lang='lat' dir='ltr'><strong>Nam</strong></span> <span class='ocrx_word' id='word_1_255' title='bbox 965 1932 1063 1968; x_wconf 89' lang='lat' dir='ltr'><strong>quae</strong></span> <span class='ocrx_word' id='word_1_256' title='bbox 1083 1922 1132 1957; x_wconf 90' lang='lat' dir='ltr'><strong>ibi</strong></span> <span class='ocrx_word' id='word_1_257' title='bbox 1162 1922 1335 1968; x_wconf 78' lang='lat' dir='ltr'><strong>legimtur</strong></span> <span class='ocrx_word' id='word_1_258' title='bbox 1360 1914 1610 1968; x_wconf 78' lang='grc' dir='ltr'>Δομέτιον</span> 
     </span>
     <span class='ocr_line' id='line_1_30' title="bbox 172 1966 1609 2041; baseline 0 -29"><span class='ocrx_word' id='word_1_259' title='bbox 172 1971 217 2012; x_wconf 68' lang='grc' dir='ltr'><strong>δὲ</strong></span> <span class='ocrx_word' id='word_1_260' title='bbox 260 1971 331 2012; x_wconf 73' lang='grc' dir='ltr'><strong>καὶ</strong></span> <span class='ocrx_word' id='word_1_261' title='bbox 356 1968 559 2024; x_wconf 70' lang='grc' dir='ltr'>Λούσιον,</span> <span class='ocrx_word' id='word_1_262' title='bbox 586 1966 887 2013; x_wconf 74' lang='grc' dir='ltr'>ἇνθυπατον</span> <span class='ocrx_word' id='word_1_263' title='bbox 918 1969 1038 2013; x_wconf 73' lang='grc' dir='ltr'>’ὄντα</span> <span class='ocrx_word' id='word_1_264' title='bbox 1066 1975 1152 2038; x_wconf 77' lang='grc' dir='ltr'><strong>τῆς</strong></span> <span class='ocrx_word' id='word_1_265' title='bbox 1181 1971 1347 2039; x_wconf 73' lang='grc' dir='ltr'><em>ἑτέρας</em></span> <span class='ocrx_word' id='word_1_266' title='bbox 1370 1967 1609 2041; x_wconf 77' lang='grc' dir='ltr'><strong><em>Ἰβηρίας,</em></strong></span> 
     </span>
     <span class='ocr_line' id='line_1_31' title="bbox 172 2021 1609 2096; baseline 0.001 -28"><span class='ocrx_word' id='word_1_267' title='bbox 172 2021 240 2068; x_wconf 76' lang='grc' dir='ltr'><strong>διὰ</strong></span> <span class='ocrx_word' id='word_1_268' title='bbox 267 2029 340 2067; x_wconf 74' lang='grc' dir='ltr'><strong>τοῦ</strong></span> <span class='ocrx_word' id='word_1_269' title='bbox 365 2027 508 2078; x_wconf 75' lang='grc' dir='ltr'>ταμίου</span> <span class='ocrx_word' id='word_1_270' title='bbox 522 2025 916 2081; x_wconf 71' lang='grc' dir='ltr'>καταγωνισάμενος,</span> <span class='ocrx_word' id='word_1_271' title='bbox 942 2028 1011 2068; x_wconf 72' lang='grc' dir='ltr'><strong>καὶ</strong></span> <span class='ocrx_word' id='word_1_272' title='bbox 1032 2024 1276 2096; x_wconf 76' lang='grc' dir='ltr'>Θωράνιον,</span> <span class='ocrx_word' id='word_1_273' title='bbox 1286 2024 1408 2068; x_wconf 73' lang='grc' dir='ltr'>ἄλλον</span> <span class='ocrx_word' id='word_1_274' title='bbox 1435 2024 1609 2081; x_wconf 68' lang='grc' dir='ltr'><strong>ἡγεμόνα</strong></span> 
     </span>
     <span class='ocr_line' id='line_1_32' title="bbox 171 2078 1609 2137; baseline 0 -13"><span class='ocrx_word' id='word_1_275' title='bbox 171 2086 252 2124; x_wconf 71' lang='grc' dir='ltr'><strong>τῆν</strong></span> <span class='ocrx_word' id='word_1_276' title='bbox 266 2078 344 2123; x_wconf 70' lang='grc' dir='ltr'><strong>ὑπὸ</strong></span> <span class='ocrx_word' id='word_1_277' title='bbox 358 2082 564 2123; x_wconf 71' lang='grc' dir='ltr'><strong>Μετέλλω</strong></span> <span class='ocrx_word' id='word_1_278' title='bbox 583 2082 792 2136; x_wconf 56' lang='lat' dir='ltr'><strong>usp-puna</strong></span> <span class='ocrx_word' id='word_1_279' title='bbox 792 2098 849 2124; x_wconf 67' lang='lat' dir='ltr'><strong>m</strong></span> <span class='ocrx_word' id='word_1_280' title='bbox 875 2079 972 2136; x_wconf 74' lang='grc' dir='ltr'><strong>μετὰ</strong></span> <span class='ocrx_word' id='word_1_281' title='bbox 986 2080 1227 2137; x_wconf 69' lang='grc' dir='ltr'>δυνᾶῥιενως,</span> <span class='ocrx_word' id='word_1_282' title='bbox 1250 2078 1416 2134; x_wconf 78' lang='grc' dir='ltr'>α’νεῖλεν,</span> <span class='ocrx_word' id='word_1_283' title='bbox 1436 2088 1553 2135; x_wconf 87' lang='lat' dir='ltr'><strong>quod</strong></span> <span class='ocrx_word' id='word_1_284' title='bbox 1558 2087 1609 2125; x_wconf 86' lang='lat' dir='ltr'><strong>ad</strong></span> 
     </span>
     <span class='ocr_line' id='line_1_33' title="bbox 173 2139 1611 2192; baseline 0.001 -14"><span class='ocrx_word' id='word_1_285' title='bbox 173 2143 372 2178; x_wconf 89' lang='lat' dir='ltr'><strong>Domitium</strong></span> <span class='ocrx_word' id='word_1_286' title='bbox 389 2143 517 2178; x_wconf 84' lang='lat' dir='ltr'><strong>attinet</strong></span> <span class='ocrx_word' id='word_1_287' title='bbox 536 2144 650 2190; x_wconf 87' lang='lat' dir='ltr'><strong>plane</strong></span> <span class='ocrx_word' id='word_1_288' title='bbox 664 2154 750 2180; x_wconf 87' lang='lat' dir='ltr'><strong>cum</strong></span> <span class='ocrx_word' id='word_1_289' title='bbox 769 2143 1006 2181; x_wconf 84' lang='lat' dir='ltr'><strong>Sauustianis</strong></span> <span class='ocrx_word' id='word_1_290' title='bbox 1028 2145 1157 2181; x_wconf 85' lang='lat' dir='ltr'><strong>verbis</strong></span> <span class='ocrx_word' id='word_1_291' title='bbox 1172 2148 1404 2192; x_wconf 75' lang='lat' dir='ltr'><strong>congruun13</strong></span> <span class='ocrx_word' id='word_1_292' title='bbox 1434 2141 1505 2181; x_wconf 82' lang='lat' dir='ltr'><strong>sed</strong></span> <span class='ocrx_word' id='word_1_293' title='bbox 1524 2139 1611 2182; x_wconf 71' lang='grc' dir='ltr'><strong>καὶ</strong></span> 
     </span>
     <span class='ocr_line' id='line_1_34' title="bbox 172 2192 1610 2252; baseline 0.002 -18"><span class='ocrx_word' id='word_1_294' title='bbox 172 2192 400 2235; x_wconf 75' lang='grc' dir='ltr'>Λούσιον</span> <span class='ocrx_word' id='word_1_295' title='bbox 413 2199 516 2235; x_wconf 85' lang='lat' dir='ltr'><strong>nullo</strong></span> <span class='ocrx_word' id='word_1_296' title='bbox 538 2199 655 2236; x_wconf 87' lang='lat' dir='ltr'><strong>modo</strong></span> <span class='ocrx_word' id='word_1_297' title='bbox 672 2201 758 2236; x_wconf 80' lang='lat' dir='ltr'><strong>ferri</strong></span> <span class='ocrx_word' id='word_1_298' title='bbox 777 2204 912 2247; x_wconf 89' lang='lat' dir='ltr'><strong>potest,</strong></span> <span class='ocrx_word' id='word_1_299' title='bbox 929 2202 1011 2237; x_wconf 87' lang='lat' dir='ltr'><strong>sive</strong></span> <span class='ocrx_word' id='word_1_300' title='bbox 1032 2201 1082 2237; x_wconf 85' lang='lat' dir='ltr'><strong>ad</strong></span> <span class='ocrx_word' id='word_1_301' title='bbox 1100 2201 1304 2252; x_wconf 85' lang='lat' dir='ltr'><strong>particulas</strong></span> <span class='ocrx_word' id='word_1_302' title='bbox 1325 2196 1377 2238; x_wconf 69' lang='lat' dir='ltr'><strong>oi</strong></span> <span class='ocrx_word' id='word_1_303' title='bbox 1392 2198 1498 2246; x_wconf 68' lang='lat' dir='ltr'><strong>nat,</strong></span> <span class='ocrx_word' id='word_1_304' title='bbox 1527 2202 1610 2238; x_wconf 84' lang='lat' dir='ltr'><strong>sive</strong></span> 
     </span>
     <span class='ocr_line' id='line_1_35' title="bbox 175 2247 1612 2303; baseline 0.002 -12"><span class='ocrx_word' id='word_1_305' title='bbox 175 2254 224 2291; x_wconf 85' lang='lat' dir='ltr'><strong>ad</strong></span> <span class='ocrx_word' id='word_1_306' title='bbox 242 2264 377 2290; x_wconf 89' lang='lat' dir='ltr'><strong>nomen</strong></span> <span class='ocrx_word' id='word_1_307' title='bbox 398 2254 551 2300; x_wconf 87' lang='lat' dir='ltr'><strong>Lusii,</strong></span> <span class='ocrx_word' id='word_1_308' title='bbox 580 2255 775 2293; x_wconf 80' lang='lat' dir='ltr'><strong>Romanus</strong></span> <span class='ocrx_word' id='word_1_309' title='bbox 797 2257 1032 2303; x_wconf 88' lang='lat' dir='ltr'><strong>inusitatum,</strong></span> <span class='ocrx_word' id='word_1_310' title='bbox 1060 2257 1144 2294; x_wconf 84' lang='lat' dir='ltr'><strong>sive</strong></span> <span class='ocrx_word' id='word_1_311' title='bbox 1169 2257 1217 2294; x_wconf 85' lang='lat' dir='ltr'><strong>ad</strong></span> <span class='ocrx_word' id='word_1_312' title='bbox 1234 2259 1352 2294; x_wconf 78' lang='lat' dir='ltr'><strong>verba</strong></span> <span class='ocrx_word' id='word_1_313' title='bbox 1372 2247 1612 2294; x_wconf 71' lang='grc' dir='ltr'>ἇνθνπιττον</span> 
     </span>
     <span class='ocr_line' id='line_1_36' title="bbox 170 2309 1610 2378; baseline 0.003 -32"><span class='ocrx_word' id='word_1_314' title='bbox 170 2322 291 2358; x_wconf 76' lang='grc' dir='ltr'>οντα,</span> <span class='ocrx_word' id='word_1_315' title='bbox 319 2320 417 2356; x_wconf 84' lang='lat' dir='ltr'><strong>quae</strong></span> <span class='ocrx_word' id='word_1_316' title='bbox 448 2310 499 2346; x_wconf 80' lang='lat' dir='ltr'><strong>ad</strong></span> <span class='ocrx_word' id='word_1_317' title='bbox 525 2309 725 2348; x_wconf 85' lang='lat' dir='ltr'><strong>Domitium</strong></span> <span class='ocrx_word' id='word_1_318' title='bbox 750 2313 956 2360; x_wconf 82' lang='lat' dir='ltr'><strong>pertinent,</strong></span> <span class='ocrx_word' id='word_1_319' title='bbox 970 2315 1163 2378; x_wconf 80' lang='lat' dir='ltr'><strong>respicis.</strong></span> <span class='ocrx_word' id='word_1_320' title='bbox 1222 2314 1345 2359; x_wconf 83' lang='lat' dir='ltr'><strong>Quare</strong></span> <span class='ocrx_word' id='word_1_321' title='bbox 1372 2314 1610 2350; x_wconf 83' lang='lat' dir='ltr'><strong>Plutarchum</strong></span> 
     </span>
     <span class='ocr_line' id='line_1_37' title="bbox 173 2362 1609 2424; baseline 0.004 -22"><span class='ocrx_word' id='word_1_322' title='bbox 173 2367 375 2414; x_wconf 86' lang='lat' dir='ltr'><strong>scripsisse</strong></span> <span class='ocrx_word' id='word_1_323' title='bbox 406 2371 581 2413; x_wconf 87' lang='lat' dir='ltr'><strong>putamus</strong></span> <span class='ocrx_word' id='word_1_324' title='bbox 610 2365 804 2417; x_wconf 71' lang='grc' dir='ltr'>Δομέτιον</span> <span class='ocrx_word' id='word_1_325' title='bbox 829 2365 874 2407; x_wconf 75' lang='grc' dir='ltr'><strong>δὲ</strong></span> <span class='ocrx_word' id='word_1_326' title='bbox 896 2362 1094 2416; x_wconf 77' lang='grc' dir='ltr'>Λεύκιον,</span> <span class='ocrx_word' id='word_1_327' title='bbox 1122 2372 1368 2418; x_wconf 86' lang='lat' dir='ltr'><strong>praenomine</strong></span> <span class='ocrx_word' id='word_1_328' title='bbox 1386 2371 1609 2424; x_wconf 87' lang='lat' dir='ltr'><strong>postposito,</strong></span> 
     </span>
     <span class='ocr_line' id='line_1_38' title="bbox 173 2420 1611 2474; baseline 0.004 -16"><span class='ocrx_word' id='word_1_329' title='bbox 173 2434 222 2459; x_wconf 85' lang='lat' dir='ltr'><strong>ex</strong></span> <span class='ocrx_word' id='word_1_330' title='bbox 240 2433 423 2470; x_wconf 87' lang='lat' dir='ltr'><strong>perverso</strong></span> <span class='ocrx_word' id='word_1_331' title='bbox 444 2421 695 2460; x_wconf 82' lang='lat' dir='ltr'><strong>Romanorum</strong></span> <span class='ocrx_word' id='word_1_332' title='bbox 713 2435 818 2462; x_wconf 88' lang='lat' dir='ltr'><strong>more</strong></span> <span class='ocrx_word' id='word_1_333' title='bbox 836 2426 926 2463; x_wconf 87' lang='lat' dir='ltr'><strong>inde</strong></span> <span class='ocrx_word' id='word_1_334' title='bbox 945 2428 992 2463; x_wconf 80' lang='lat' dir='ltr'><strong>ab</strong></span> <span class='ocrx_word' id='word_1_335' title='bbox 1009 2427 1171 2474; x_wconf 83' lang='lat' dir='ltr'><strong>Augusti</strong></span> <span class='ocrx_word' id='word_1_336' title='bbox 1188 2430 1307 2464; x_wconf 86' lang='lat' dir='ltr'><strong>aetate</strong></span> <span class='ocrx_word' id='word_1_337' title='bbox 1331 2420 1611 2471; x_wconf 70' lang='lat' dir='ltr'><strong>invalescente,</strong></span> 
     </span>
     <span class='ocr_line' id='line_1_39' title="bbox 174 2478 1611 2531; baseline 0.003 -16"><span class='ocrx_word' id='word_1_338' title='bbox 174 2490 250 2525; x_wconf 86' lang='lat' dir='ltr'><strong>quo</strong></span> <span class='ocrx_word' id='word_1_339' title='bbox 265 2478 403 2515; x_wconf 82' lang='lat' dir='ltr'><strong>offensi</strong></span> <span class='ocrx_word' id='word_1_340' title='bbox 424 2478 575 2514; x_wconf 85' lang='lat' dir='ltr'><strong>librarii</strong></span> <span class='ocrx_word' id='word_1_341' title='bbox 581 2489 694 2526; x_wconf 86' lang='lat' dir='ltr'><strong>quum</strong></span> <span class='ocrx_word' id='word_1_342' title='bbox 714 2483 887 2529; x_wconf 84' lang='lat' dir='ltr'><strong>copulam</strong></span> <span class='ocrx_word' id='word_1_343' title='bbox 910 2483 1141 2528; x_wconf 84' lang='lat' dir='ltr'><strong>intulissent,</strong></span> <span class='ocrx_word' id='word_1_344' title='bbox 1164 2483 1369 2520; x_wconf 86' lang='lat' dir='ltr'><strong>accedente</strong></span> <span class='ocrx_word' id='word_1_345' title='bbox 1386 2487 1521 2531; x_wconf 86' lang='lat' dir='ltr'><strong>postea</strong></span> <span class='ocrx_word' id='word_1_346' title='bbox 1534 2483 1611 2519; x_wconf 75' lang='lat' dir='ltr'><strong>tevi</strong></span> 
     </span>
     <span class='ocr_line' id='line_1_40' title="bbox 175 2533 1611 2585; baseline 0.004 -15"><span class='ocrx_word' id='word_1_347' title='bbox 175 2536 339 2572; x_wconf 86' lang='lat' dir='ltr'><strong>nominis</strong></span> <span class='ocrx_word' id='word_1_348' title='bbox 369 2533 641 2581; x_wconf 86' lang='lat' dir='ltr'><strong>depravatione</strong></span> <span class='ocrx_word' id='word_1_349' title='bbox 667 2538 820 2585; x_wconf 78' lang='lat' dir='ltr'><strong>vulgata</strong></span> <span class='ocrx_word' id='word_1_350' title='bbox 851 2539 960 2575; x_wconf 84' lang='lat' dir='ltr'><strong>lectio</strong></span> <span class='ocrx_word' id='word_1_351' title='bbox 988 2544 1069 2576; x_wconf 85' lang='lat' dir='ltr'><strong>orta</strong></span> <span class='ocrx_word' id='word_1_352' title='bbox 1103 2544 1171 2575; x_wconf 89' lang='lat' dir='ltr'><strong>est.</strong></span> <span class='ocrx_word' id='word_1_353' title='bbox 1229 2539 1381 2577; x_wconf 58' lang='lat' dir='ltr'><strong>Lucana</strong></span> <span class='ocrx_word' id='word_1_354' title='bbox 1416 2539 1611 2577; x_wconf 62' lang='lat' dir='ltr'><strong>Donum</strong></span> 
     </span>
     <span class='ocr_line' id='line_1_41' title="bbox 176 2590 1609 2644; baseline 0.004 -18"><span class='ocrx_word' id='word_1_355' title='bbox 176 2591 290 2628; x_wconf 90' lang='lat' dir='ltr'><strong>etiam</strong></span> <span class='ocrx_word' id='word_1_356' title='bbox 308 2591 509 2637; x_wconf 88' lang='lat' dir='ltr'><strong>Eutropius</strong></span> <span class='ocrx_word' id='word_1_357' title='bbox 523 2590 586 2637; x_wconf 86' lang='lat' dir='ltr'><strong>Vl,</strong></span> <span class='ocrx_word' id='word_1_358' title='bbox 605 2595 641 2630; x_wconf 91' lang='lat'><strong>1.</strong></span> <span class='ocrx_word' id='word_1_359' title='bbox 656 2599 923 2631; x_wconf 88' lang='lat' dir='ltr'><strong>commemorat</strong></span> <span class='ocrx_word' id='word_1_360' title='bbox 946 2597 992 2632; x_wconf 81' lang='lat' dir='ltr'><strong>ab</strong></span> <span class='ocrx_word' id='word_1_361' title='bbox 1006 2596 1200 2640; x_wconf 76' lang='lat' dir='ltr'><strong>Hirtuleio,</strong></span> <span class='ocrx_word' id='word_1_362' title='bbox 1221 2594 1375 2632; x_wconf 80' lang='lat' dir='ltr'><strong>Sertorii</strong></span> <span class='ocrx_word' id='word_1_363' title='bbox 1395 2600 1609 2644; x_wconf 87' lang='lat' dir='ltr'><strong>quaestore,</strong></span> 
     </span>
     <span class='ocr_line' id='line_1_42' title="bbox 177 2649 1611 2700; baseline 0.005 -18"><span class='ocrx_word' id='word_1_364' title='bbox 177 2657 401 2694; x_wconf 87' lang='lat' dir='ltr'><strong>oppressum</strong></span> <span class='ocrx_word' id='word_1_365' title='bbox 418 2656 529 2690; x_wconf 88' lang='lat' dir='ltr'><strong>esse;</strong></span> <span class='ocrx_word' id='word_1_366' title='bbox 552 2649 614 2694; x_wconf 88' lang='lat' dir='ltr'><strong>qui</strong></span> <span class='ocrx_word' id='word_1_367' title='bbox 634 2656 747 2694; x_wconf 87' lang='lat' dir='ltr'><strong>quum</strong></span> <span class='ocrx_word' id='word_1_368' title='bbox 760 2649 958 2687; x_wconf 88' lang='lat' dir='ltr'><strong>Domitium</strong></span> <span class='ocrx_word' id='word_1_369' title='bbox 970 2655 1184 2700; x_wconf 69' lang='lat' dir='ltr'><strong>praetorem</strong></span> <span class='ocrx_word' id='word_1_370' title='bbox 1196 2656 1329 2697; x_wconf 81' lang='lat' dir='ltr'><strong>vocet,</strong></span> <span class='ocrx_word' id='word_1_371' title='bbox 1360 2663 1471 2700; x_wconf 89' lang='lat' dir='ltr'><strong>quem</strong></span> <span class='ocrx_word' id='word_1_372' title='bbox 1491 2652 1611 2690; x_wconf 86' lang='lat' dir='ltr'><strong>Sallu-</strong></span> 
     </span>
     <span class='ocr_line' id='line_1_43' title="bbox 178 2702 1612 2759; baseline 0.005 -21"><span class='ocrx_word' id='word_1_373' title='bbox 178 2703 273 2739; x_wconf 89' lang='lat' dir='ltr'><strong>stius</strong></span> <span class='ocrx_word' id='word_1_374' title='bbox 293 2707 331 2740; x_wconf 92' lang='lat' dir='ltr'><strong>et</strong></span> <span class='ocrx_word' id='word_1_375' title='bbox 347 2702 573 2740; x_wconf 85' lang='lat' dir='ltr'><strong>Plutarchus</strong></span> <span class='ocrx_word' id='word_1_376' title='bbox 584 2706 845 2751; x_wconf 61' lang='lat' dir='ltr'><strong>proconsulem</strong></span> <span class='ocrx_word' id='word_1_377' title='bbox 862 2706 1002 2753; x_wconf 84' lang='lat' dir='ltr'><strong>dicunt,</strong></span> <span class='ocrx_word' id='word_1_378' title='bbox 1023 2708 1134 2746; x_wconf 75' lang='lat' dir='ltr'><strong>facile</strong></span> <span class='ocrx_word' id='word_1_379' title='bbox 1153 2707 1250 2745; x_wconf 88' lang='lat' dir='ltr'><strong>haec</strong></span> <span class='ocrx_word' id='word_1_380' title='bbox 1270 2708 1525 2759; x_wconf 85' lang='lat' dir='ltr'><strong>discrepantia</strong></span> <span class='ocrx_word' id='word_1_381' title='bbox 1546 2711 1612 2746; x_wconf 88' lang='lat' dir='ltr'><strong>tol-</strong></span> 
     </span>
     <span class='ocr_line' id='line_1_44' title="bbox 175 2757 1610 2814; baseline 0.006 -19"><span class='ocrx_word' id='word_1_382' title='bbox 175 2757 275 2804; x_wconf 89' lang='lat' dir='ltr'><strong>litur,</strong></span> <span class='ocrx_word' id='word_1_383' title='bbox 295 2759 329 2796; x_wconf 84' lang='lat' dir='ltr'><strong>si</strong></span> <span class='ocrx_word' id='word_1_384' title='bbox 349 2762 493 2796; x_wconf 79' lang='lat' dir='ltr'><strong>statuas</strong></span> <span class='ocrx_word' id='word_1_385' title='bbox 515 2769 600 2797; x_wconf 84' lang='lat' dir='ltr'><strong>eum</strong></span> <span class='ocrx_word' id='word_1_386' title='bbox 622 2765 831 2809; x_wconf 86' lang='lat' dir='ltr'><strong>praetorem</strong></span> <span class='ocrx_word' id='word_1_387' title='bbox 850 2764 969 2802; x_wconf 78' lang='lat' dir='ltr'><strong>ruisse</strong></span> <span class='ocrx_word' id='word_1_388' title='bbox 990 2765 1283 2813; x_wconf 88' lang='lat' dir='ltr'><strong>proconsulari’</strong></span> <span class='ocrx_word' id='word_1_389' title='bbox 1273 2768 1450 2813; x_wconf 79' lang='lat' dir='ltr'><strong>imperio,</strong></span> <span class='ocrx_word' id='word_1_390' title='bbox 1472 2767 1521 2804; x_wconf 89' lang='lat' dir='ltr'><strong>dc</strong></span> <span class='ocrx_word' id='word_1_391' title='bbox 1537 2778 1610 2814; x_wconf 86' lang='lat' dir='ltr'><strong>qua</strong></span> 
     </span>
    </p>
   </div>
   <div class='ocr_carea' id='block_1_5' title="bbox 1284 2830 1348 2874">
    <p class='ocr_par' dir='ltr' id='par_1_9' title="bbox 1284 2830 1348 2874">
     <span class='ocr_line' id='line_1_45' title="bbox 1284 2830 1348 2874; baseline 0 -19"><span class='ocrx_word' id='word_1_392' title='bbox 1284 2830 1348 2874; x_wconf 78' lang='lat'><strong>⁷*</strong></span> 
     </span>
    </p>
   </div>
  </div>
 </body>
</html>
