1774 3002
133 162 217 204 352
614 168 651 207 C.
684 168 914 207 SALLUSTI
944 168 1094 207 CRISPI

269 292 338 336 59.
396 289 479 346 Qui
507 292 679 354 quidem
708 307 806 339 mos
835 295 883 338 ut
908 293 1033 339 tabes
1056 294 1098 339 in
1127 293 1277 339 urbem
1313 293 1476 355 coierit.

270 378 339 420 60.
395 374 444 420 L.
471 375 686 422 Hostilius
713 376 933 423 Dasianus
957 377 1129 439 inquies
1161 375 1304 422 animi.

268 459 338 503 61.
397 457 657 505 Sestertium
687 459 832 505 tricies
869 460 1038 522 pepigit
1074 475 1100 506 a
1127 459 1236 506 Gaio
1267 459 1442 508 Pisone.

133 619 214 655 ubi
247 619 312 664 id,
345 619 466 667 quod
493 621 696 656 maxime
731 623 1017 668 exspectari
1051 621 1325 670 videbatur,
1351 622 1577 667 ostendit,

132 684 180 711 se
197 675 506 719 tribuniciam
520 679 808 723 potestatem
828 679 1132 724 restiturum,
1152 677 1277 725 sactus
1297 680 1404 715 estin
1424 688 1465 714 eo
1483 683 1578 715 stre-

126 733 229 779 pitus
247 737 282 768 el
299 737 408 780 yralu
433 734 609 769 contionis
630 734 936 771 admurmuratio.
973 734 1076 771 Idem
1091 737 1128 770 in
1145 735 1271 771 eadem
1286 737 1451 772 contione
1469 747 1578 782 quum

133 789 287 826 dixisset
309 791 511 837 populatas
537 795 762 838 vexatasque
791 801 870 827 esse
895 793 1130 838 provincias,
1152 792 1284 827 iudicia
1308 796 1427 828 aulem
1454 793 1577 839 turpia

132 857 179 882 uc
196 847 379 894 slayiliosa
406 848 513 893 fieri3
535 848 570 882 ei
594 849 652 883 rei
676 858 716 883 se
740 848 939 896 providere
967 859 1012 884 ac
1039 849 1229 884 consulere
1258 849 1364 885 velle.-
1391 852 1464 884 tum
1491 858 1577 884 vero

131 914 205 939 non
232 905 405 950 strepitu,
423 904 490 940 sed
508 906 670 940 maximo
695 905 856 941 clamore
873 915 979 941 suam
992 906 1155 952 populus
1179 904 1371 942 Romanus
1389 905 1575 953 siqnisica—

134 961 180 996 vil
198 961 428 997 voluntatem.
467 961 523 996 Ex
550 972 623 1007 quo
644 960 834 998 Ciceronis
858 963 940 997 loco
963 973 1076 1009 quum
1098 961 1318 1008 planissime
1340 962 1575 1009 intelligatur,

133 1027 206 1063 quo
231 1028 347 1057 sensu
371 1018 563 1053 ostendens
594 1018 694 1066 apud
725 1017 941 1055 Sallustium
963 1019 1125 1066 positum
1155 1019 1221 1063 sit,
1250 1030 1318 1066 per
1346 1030 1387 1055 se
1415 1018 1578 1055 concidit

132 1074 216 1110 Van
234 1073 301 1110 der
318 1074 503 1111 Hoevenii
521 1075 545 1110 1.
563 1075 588 1110 l.
611 1075 776 1122 suspicio
794 1075 992 1122 obsequens
1010 1077 1055 1112 ab
1071 1079 1222 1111 auctore
1244 1077 1423 1123 scriptum
1439 1076 1576 1119 fuisse;

132 1141 254 1178 neque
285 1131 411 1168 verior
442 1131 592 1167 Linkeri
616 1136 672 1167 est
697 1133 912 1168 coniectura
940 1133 976 1168 in
1007 1132 1130 1168 libello
1158 1131 1204 1167 de
1233 1130 1346 1168 Sall.
1376 1132 1575 1167 Historr.

131 1198 335 1234 prooem.
359 1199 396 1235 p.
422 1192 477 1225 15.
506 1188 699 1235 proposita
729 1188 978 1237 „multitudini
1006 1199 1046 1225 se
1073 1188 1318 1225 ostendens.“
1357 1208 1406 1215 —
1446 1188 1575 1236 Cupito

130 1245 299 1292 Pompeii
327 1249 498 1292 spectare
525 1245 693 1292 putanda
717 1250 803 1281 sunt
833 1245 882 1281 ad
908 1256 1091 1282 summam
1119 1246 1303 1293 nullisque
1332 1245 1469 1281 finibus
1505 1246 1576 1281 cir-

131 1302 398 1348 cumscriptam
433 1302 471 1337 in
504 1303 696 1349 republica
727 1304 954 1349 potentiam,
999 1313 1109 1349 quam
1144 1307 1276 1349 postea
1310 1302 1469 1349 adeptus
1505 1306 1574 1338 est.

132 1357 364 1396 Substantivi
392 1362 575 1405 potestate
603 1359 676 1395 hoc
708 1361 931 1402 vocabulum
955 1360 1150 1405 usurpavit
1169 1360 1280 1396 etiam
1305 1359 1455 1395 Tacitus
1477 1358 1575 1396 Ann.

130 1415 194 1460 IV,
217 1418 253 1460 3,
275 1420 311 1455 l.
354 1416 511 1462 Nepotes
532 1416 648 1452 adulti
664 1427 806 1451 moram
827 1417 1001 1462 cupitis
1021 1415 1240 1462 afferebant.

234 1472 338 1517 Quae
360 1476 564 1519 sequuntur
587 1474 657 1509 tria
671 1473 843 1519 proxima
862 1471 1090 1520 Fragmenta
1109 1473 1162 1508 ita
1183 1472 1338 1520 quidem
1361 1475 1575 1519 comparata

131 1532 238 1577 sunt,
269 1533 326 1572 ut,
361 1540 473 1576 quum
502 1530 538 1565 in
573 1534 810 1566 externarum
844 1540 968 1565 rerum
998 1529 1208 1566 narratione
1237 1531 1333 1566 lecta
1357 1529 1473 1578 fuisse
1500 1540 1575 1564 non

131 1586 343 1634 videantur,
375 1586 424 1622 ad
445 1587 668 1622 urbanarum
690 1598 816 1622 rerum
837 1587 1110 1634 expositionem
1131 1586 1359 1633 pertinuisse
1380 1586 1575 1622 coniicias.

130 1642 379 1679 Nihilominus
408 1646 510 1679 tanta
532 1647 590 1679 est
616 1654 743 1679 eorum
758 1644 996 1689 obscuritas,
1030 1647 1070 1679 ut
1089 1642 1136 1678 de
1156 1643 1338 1691 probabili
1359 1642 1575 1690 interpreta-

133 1700 233 1735 tione
259 1699 539 1747 desperandum
559 1697 634 1735 sit.'

243 1757 305 1792 Fr.
325 1759 384 1795 59.
428 1755 544 1801 [Cort.
574 1768 612 1803 p.
643 1759 725 1796 981.
758 1756 856 1792 Gerl.
883 1756 931 1792 ed
952 1756 1038 1791 mai.
1061 1755 1122 1801 IV,
1142 1759 1178 1795 9
1205 1759 1240 1791 et
1259 1766 1348 1791 min
1369 1755 1434 1801 lv,
1453 1757 1512 1793 32.
1533 1766 1573 1802 p·

129 1816 212 1859 228,
240 1818 276 1851 5.
309 1813 421 1850 Debr.
449 1813 476 1858 Ι,
504 1813 578 1858 19.]
617 1813 750 1850 Festus
777 1813 956 1861 v.1abes‚
983 1824 1021 1859 p.
1043 1814 1126 1850 273.
1150 1812 1212 1849 ed.
1237 1811 1406 1848 Lindem.
1446 1811 1576 1847 Coieric

130 1872 247 1907 verbo
277 1870 357 1906 sine
392 1869 529 1906 idonea
556 1881 693 1907 caussa
718 1869 855 1906 offensi
886 1870 1050 1906 editores
1093 1869 1181 1904 inde
1214 1880 1236 1905 a
1267 1868 1444 1905 Carrione
1483 1869 1574 1906 scri-

131 1931 287 1975 pserunt
312 1928 513 1973 coniectus,
552 1927 654 1974 quod
676 1928 739 1964 vix
766 1927 917 1963 latinum
949 1931 1018 1963 est.
1081 1926 1190 1962 Nulla
1222 1929 1344 1962 autem
1371 1924 1572 1961 mutatione

131 1995 228 2031 opus
253 1995 340 2020 esse
371 1984 480 2020 facile
504 1955 710 2032 intelliget,
732 1984 794 2030 qui
822 1984 1050 2031 reputaverit
1079 1983 1237 2019 alicuius
1257 1983 1462 2019 orationem
1483 1982 1574 2018 obli-

133 2051 244 2088 quam
272 2041 332 2077 his
360 2041 509 2085 haberi,
549 2041 611 2088 qui
639 2051 798 2088 pravum
829 2042 1018 2077 turbarum
1048 2050 1190 2075 morem
1219 2050 1241 2075 a
1269 2039 1425 2076 tribunis
1450 2039 1572 2086 plebis

131 2102 312 2145 perpetuo
332 2098 575 2134 excitatarum
601 2098 766 2144 graviter
789 2098 1007 2144 exagitaret.
1057 2094 1228 2132 Ceterum
1249 2095 1423 2132 dictionis
1444 2096 1482 2131 in
1506 2106 1572 2131 ur-

132 2156 211 2190 bem
241 2155 340 2190 coire
367 2166 415 2190 ea
442 2154 535 2190 ratio
564 2158 640 2199 est,
671 2158 710 2190 ut
736 2155 961 2202 praegnanti
993 2164 1109 2190 sensu
1135 2152 1364 2200 significetur
1383 2162 1486 2198 mos,
1512 2153 1575 2199 qui

132 2211 260 2248 urbem
281 2212 439 2251 intraret
456 2213 493 2246 in
511 2220 626 2258 eaque
642 2212 888 2248 invalesceret.

245 2267 306 2304 Fr.
327 2270 387 2306 60.
427 2267 558 2312 [Deest
585 2267 687 2314 apud
722 2267 833 2313 Cort.‚
865 2267 965 2303 Gerl.
995 2265 1058 2302 ed.
1087 2266 1175 2302 mai.
1203 2269 1239 2300 et
1266 2265 1378 2301 Debr.
1396 2282 1453 2290 —
1473 2263 1572 2300 Gerl.

69 2366 71 2369 .
134 2323 199 2361 ed.
218 2324 307 2360 min.
323 2324 387 2370 IV,
405 2326 466 2362 33.
482 2335 520 2370 p.
536 2327 617 2368 228,
633 2324 686 2368 6.]
726 2324 989 2370 Fragmentum
1010 2333 1143 2358 recens
1165 2321 1376 2359 aceeditex
1397 2320 1572 2357 Arusiani

135 2381 222 2418 cod.
247 2380 342 2418 Gud.
371 2391 410 2417 v.
436 2381 598 2427 inquies,
622 2391 660 2426 p.
687 2384 768 2418 242.
791 2379 853 2415 ed.
872 2379 1040 2415 Lindem.
1083 2379 1124 2414 In
1146 2379 1295 2414 nomine
1317 2377 1388 2414 viri
1409 2380 1572 2440 ceterum

135 2438 252 2486 ignoti
289 2437 428 2474 erravit
462 2435 760 2480 Lindemannus‚
796 2436 879 2482 qul,
910 2447 1023 2483 quum
1057 2436 1094 2471 in
1128 2435 1213 2472 cod.
1245 2433 1342 2471 Gud.
1370 2433 1575 2470 invenisset

133 2495 326 2539 Hostibus,
353 2495 448 2531 salso
468 2493 555 2530 inde
577 2493 662 2530 lecit
682 2493 851 2538 Hostius,
878 2503 1076 2529 assensum
1097 2496 1218 2528 tamen
1239 2494 1370 2527 nactus
1390 2479 1572 2526 Gerlachii

137 2553 174 2588 in
196 2551 258 2587 ed.
278 2552 369 2588 min.
413 2552 669 2597 Incorruptum
689 2560 825 2585 nomen
849 2560 896 2584 ex
926 2548 1010 2585 cod.
1032 2548 1134 2584 Leid.
1157 2547 1307 2595 protulit
1327 2545 1572 2582 Ruhnkenius

138 2608 187 2644 ad
218 2609 316 2644 Vell.
345 2609 397 2653 ll,
428 2611 495 2654 68,
525 2611 575 2653 3.,
608 2606 668 2643 ubi
690 2606 736 2642 de
758 2605 944 2643 adiectivo
966 2606 1126 2652 inquies,
1155 2604 1338 2651 disputat,
1366 2602 1412 2638 de
1432 2612 1505 2648 quo
1523 2600 1572 2635 cs.

136 2665 287 2713 Fragm.
316 2665 344 2710 I,
364 2666 398 2702 8.
423 2665 466 2710 ΙΙ,
485 2667 543 2702 45.
602 2663 658 2700 Ex
686 2662 758 2699 hoc
786 2662 869 2709 ipso
898 2665 1020 2698 autem
1040 2662 1224 2699 vocabulo
1251 2658 1431 2696 coniicias
1453 2657 1575 2692 Hosti-

140 2724 229 2760 lium
249 2722 345 2758 inter
365 2732 431 2757 eos
460 2722 598 2767 fuisse,
633 2720 694 2767 qui
714 2720 795 2756 sive
818 2717 867 2754 ad
887 2722 1107 2765 potestatem
1128 2716 1361 2754 tribuniciam
1382 2714 1575 2750 restituen-

139 2780 241 2826 dam,
267 2780 348 2817 sive
371 2779 570 2815 nobilitatis
593 2777 680 2813 odio
702 2776 898 2812 turbulenti
919 2779 1059 2811 essent.
