<?xml version="1.0" encoding="UTF-8"?>
<!DOCTYPE html PUBLIC "-//W3C//DTD XHTML 1.0 Transitional//EN"
    "http://www.w3.org/TR/xhtml1/DTD/xhtml1-transitional.dtd">
<html xmlns="http://www.w3.org/1999/xhtml" xml:lang="en" lang="en">
 <head>
  <title>
</title>
<meta http-equiv="Content-Type" content="text/html;charset=utf-8" />
  <meta name='ocr-system' content='tesseract 3.04.00' />
  <meta name='ocr-capabilities' content='ocr_page ocr_carea ocr_par ocr_line ocrx_word'/>
</head>
<body>
  <div class='ocr_page' id='page_1' title='image "./operaquaesupersu03salluoft/operaquaesupersu03salluoft_0302.png"; bbox 0 0 1774 3002; ppageno 0'>
   <div class='ocr_carea' id='block_1_1' title="bbox 157 110 1156 174">
    <p class='ocr_par' dir='ltr' id='par_1_1' title="bbox 157 110 1156 174">
     <span class='ocr_line' id='line_1_1' title="bbox 157 110 1156 174; baseline 0.002 -3"><span class='ocrx_word' id='word_1_1' title='bbox 157 126 241 171; x_wconf 79' lang='lat'><strong>252</strong></span> <span class='ocrx_word' id='word_1_2' title='bbox 574 110 577 112; x_wconf 45' lang='grc'><strong>“</strong></span> <span class='ocrx_word' id='word_1_3' title='bbox 661 131 700 170; x_wconf 84' lang='lat' dir='ltr'><strong>c.</strong></span> <span class='ocrx_word' id='word_1_4' title='bbox 735 131 965 171; x_wconf 72' lang='lat' dir='ltr'><strong>SALLUsn</strong></span> <span class='ocrx_word' id='word_1_5' title='bbox 1005 133 1156 174; x_wconf 76' lang='lat' dir='ltr'><strong>cmsm</strong></span> 
     </span>
    </p>
   </div>
   <div class='ocr_carea' id='block_1_2' title="bbox 158 259 1644 491">
    <p class='ocr_par' dir='ltr' id='par_1_2' title="bbox 158 259 1644 491">
     <span class='ocr_line' id='line_1_2' title="bbox 158 259 1644 320; baseline 0.005 -17"><span class='ocrx_word' id='word_1_6' title='bbox 158 262 383 304; x_wconf 72' lang='lat' dir='ltr'><strong>serverum</strong></span> <span class='ocrx_word' id='word_1_7' title='bbox 409 261 561 304; x_wconf 78' lang='lat' dir='ltr'><strong>castra</strong></span> <span class='ocrx_word' id='word_1_8' title='bbox 574 261 693 320; x_wconf 81' lang='lat' dir='ltr'><strong>petit</strong></span> <span class='ocrx_word' id='word_1_9' title='bbox 709 259 875 320; x_wconf 73' lang='lat' dir='ltr'><strong>maqnis</strong></span> <span class='ocrx_word' id='word_1_10' title='bbox 903 260 1110 319; x_wconf 82' lang='lat' dir='ltr'>operibus</span> <span class='ocrx_word' id='word_1_11' title='bbox 1131 265 1409 309; x_wconf 81' lang='lat' dir='ltr'><strong>communita.</strong></span> <span class='ocrx_word' id='word_1_12' title='bbox 1441 263 1606 309; x_wconf 84' lang='lat' dir='ltr'>Deinde</span> <span class='ocrx_word' id='word_1_13' title='bbox 1621 277 1644 313; x_wconf 87' lang='lat'>4</span> 
     </span>
     <span class='ocr_line' id='line_1_3' title="bbox 161 340 1609 407; baseline 0.004 -21"><span class='ocrx_word' id='word_1_14' title='bbox 161 341 360 402; x_wconf 75' lang='lat' dir='ltr'><strong>fugitivi,</strong></span> <span class='ocrx_word' id='word_1_15' title='bbox 399 343 665 402; x_wconf 80' lang='lat' dir='ltr'><strong>consumptis</strong></span> <span class='ocrx_word' id='word_1_16' title='bbox 704 342 789 388; x_wconf 86' lang='lat' dir='ltr'><strong>iam</strong></span> <span class='ocrx_word' id='word_1_17' title='bbox 822 340 1065 402; x_wconf 77' lang='lat' dir='ltr'><strong>alimentis,</strong></span> <span class='ocrx_word' id='word_1_18' title='bbox 1105 361 1160 391; x_wconf 92' lang='lat' dir='ltr'><strong>ne</strong></span> <span class='ocrx_word' id='word_1_19' title='bbox 1190 346 1514 407; x_wconf 80' lang='lat' dir='ltr'><strong>praedantibus</strong></span> <span class='ocrx_word' id='word_1_20' title='bbox 1551 342 1609 392; x_wconf 67' lang='lat' dir='ltr'><strong>eir</strong></span> 
     </span>
     <span class='ocr_line' id='line_1_4' title="bbox 161 425 1608 491; baseline 0.003 -20"><span class='ocrx_word' id='word_1_21' title='bbox 161 425 406 488; x_wconf 79' lang='lat' dir='ltr'><strong>propinquo</strong></span> <span class='ocrx_word' id='word_1_22' title='bbox 450 426 588 474; x_wconf 79' lang='lat' dir='ltr'><strong>hostis</strong></span> <span class='ocrx_word' id='word_1_23' title='bbox 626 426 831 483; x_wconf 85' lang='lat' dir='ltr'><strong>instaret,</strong></span> <span class='ocrx_word' id='word_1_24' title='bbox 885 429 1001 475; x_wconf 86' lang='lat' dir='ltr'><strong>soliti</strong></span> <span class='ocrx_word' id='word_1_25' title='bbox 1049 446 1170 477; x_wconf 81' lang='lat' dir='ltr'><strong>more</strong></span> <span class='ocrx_word' id='word_1_26' title='bbox 1212 429 1391 476; x_wconf 47' lang='lat' dir='ltr'><strong>*militiae</strong></span> <span class='ocrx_word' id='word_1_27' title='bbox 1431 429 1608 491; x_wconf 87' lang='lat' dir='ltr'><strong>vigilias</strong></span> 
     </span>
    </p>
   </div>
   <div class='ocr_carea' id='block_1_3' title="bbox 154 565 1609 2789">
    <p class='ocr_par' dir='ltr' id='par_1_3' title="bbox 154 565 1609 1031">
     <span class='ocr_line' id='line_1_5' title="bbox 158 565 1607 639; baseline 0.003 -17"><span class='ocrx_word' id='word_1_28' title='bbox 158 586 396 623; x_wconf 82' lang='lat' dir='ltr'><strong>incommodo</strong></span> <span class='ocrx_word' id='word_1_29' title='bbox 436 565 600 631; x_wconf 85' lang='lat' dir='ltr'><strong>laborat,</strong></span> <span class='ocrx_word' id='word_1_30' title='bbox 638 587 762 633; x_wconf 88' lang='lat' dir='ltr'><strong>quod,</strong></span> <span class='ocrx_word' id='word_1_31' title='bbox 803 599 915 635; x_wconf 90' lang='lat' dir='ltr'><strong>quum</strong></span> <span class='ocrx_word' id='word_1_32' title='bbox 945 601 1122 626; x_wconf 88' lang='lat' dir='ltr'><strong>numerus</strong></span> <span class='ocrx_word' id='word_1_33' title='bbox 1153 591 1354 627; x_wconf 86' lang='lat' dir='ltr'><strong>litterarum</strong></span> <span class='ocrx_word' id='word_1_34' title='bbox 1382 592 1419 627; x_wconf 88' lang='lat' dir='ltr'><strong>in</strong></span> <span class='ocrx_word' id='word_1_35' title='bbox 1449 591 1607 639; x_wconf 82' lang='lat' dir='ltr'><strong>singulis</strong></span> 
     </span>
     <span class='ocr_line' id='line_1_6' title="bbox 162 643 1607 694; baseline 0.003 -15"><span class='ocrx_word' id='word_1_36' title='bbox 162 644 335 680; x_wconf 84' lang='lat' dir='ltr'><strong>versibus</strong></span> <span class='ocrx_word' id='word_1_37' title='bbox 359 645 409 680; x_wconf 85' lang='lat' dir='ltr'><strong>ita</strong></span> <span class='ocrx_word' id='word_1_38' title='bbox 430 644 526 679; x_wconf 89' lang='lat' dir='ltr'><strong>inter</strong></span> <span class='ocrx_word' id='word_1_39' title='bbox 548 646 592 682; x_wconf 88' lang='grc'><strong>18</strong></span> <span class='ocrx_word' id='word_1_40' title='bbox 617 647 654 679; x_wconf 86' lang='lat' dir='ltr'><strong>ct</strong></span> <span class='ocrx_word' id='word_1_41' title='bbox 673 646 720 681; x_wconf 84' lang='lat'><strong>23</strong></span> <span class='ocrx_word' id='word_1_42' title='bbox 742 643 914 690; x_wconf 77' lang='lat' dir='ltr'><strong>fluctuet,</strong></span> <span class='ocrx_word' id='word_1_43' title='bbox 947 651 984 682; x_wconf 87' lang='lat' dir='ltr'><strong>ut</strong></span> <span class='ocrx_word' id='word_1_44' title='bbox 1012 658 1197 694; x_wconf 88' lang='lat' dir='ltr'><strong>nusquam</strong></span> <span class='ocrx_word' id='word_1_45' title='bbox 1228 650 1275 686; x_wconf 81' lang='lat'><strong>23</strong></span> <span class='ocrx_word' id='word_1_46' title='bbox 1305 648 1482 693; x_wconf 78' lang='lat' dir='ltr'><strong>excedat,</strong></span> <span class='ocrx_word' id='word_1_47' title='bbox 1511 651 1607 684; x_wconf 84' lang='lat' dir='ltr'><strong>unus</strong></span> 
     </span>
     <span class='ocr_line' id='line_1_7' title="bbox 160 701 1608 751; baseline 0.003 -15"><span class='ocrx_word' id='word_1_48' title='bbox 160 711 295 736; x_wconf 90' lang='lat' dir='ltr'><strong>versus</strong></span> <span class='ocrx_word' id='word_1_49' title='bbox 314 702 362 738; x_wconf 82' lang='lat'><strong>34</strong></span> <span class='ocrx_word' id='word_1_50' title='bbox 383 701 523 736; x_wconf 80' lang='lat' dir='ltr'><strong>litteras</strong></span> <span class='ocrx_word' id='word_1_51' title='bbox 545 701 764 737; x_wconf 83' lang='lat' dir='ltr'><strong>contineret.</strong></span> <span class='ocrx_word' id='word_1_52' title='bbox 813 702 937 747; x_wconf 83' lang='lat' dir='ltr'><strong>Quare</strong></span> <span class='ocrx_word' id='word_1_53' title='bbox 960 704 1211 750; x_wconf 83' lang='lat' dir='ltr'><strong>probabiliora</strong></span> <span class='ocrx_word' id='word_1_54' title='bbox 1240 709 1463 751; x_wconf 82' lang='lat' dir='ltr'><strong>quaerentes</strong></span> <span class='ocrx_word' id='word_1_55' title='bbox 1485 703 1608 741; x_wconf 86' lang='lat' dir='ltr'><strong>Sallu-</strong></span> 
     </span>
     <span class='ocr_line' id='line_1_8' title="bbox 161 757 1609 807; baseline 0.003 -15"><span class='ocrx_word' id='word_1_56' title='bbox 161 757 272 793; x_wconf 88' lang='lat' dir='ltr'><strong>stium</strong></span> <span class='ocrx_word' id='word_1_57' title='bbox 294 758 496 804; x_wconf 85' lang='lat' dir='ltr'><strong>scripsisse</strong></span> <span class='ocrx_word' id='word_1_58' title='bbox 516 761 712 804; x_wconf 88' lang='lat' dir='ltr'><strong>putamus:</strong></span> <span class='ocrx_word' id='word_1_59' title='bbox 741 769 826 794; x_wconf 89' lang='lat' dir='ltr'><strong>cum</strong></span> <span class='ocrx_word' id='word_1_60' title='bbox 846 759 920 796; x_wconf 90' lang='lat' dir='ltr'><strong>vol.</strong></span> <span class='ocrx_word' id='word_1_61' title='bbox 943 771 1043 798; x_wconf 91' lang='lat' dir='ltr'><strong>num.</strong></span> <span class='ocrx_word' id='word_1_62' title='bbox 1065 765 1166 807; x_wconf 83' lang='lat' dir='ltr'><strong>quat.</strong></span> <span class='ocrx_word' id='word_1_63' title='bbox 1186 769 1241 804; x_wconf 84' lang='lat' dir='ltr'><strong>M,</strong></span> <span class='ocrx_word' id='word_1_64' title='bbox 1271 770 1460 798; x_wconf 83' lang='lat' dir='ltr'><strong>servorum</strong></span> <span class='ocrx_word' id='word_1_65' title='bbox 1483 765 1609 797; x_wconf 85' lang='lat' dir='ltr'><strong>castra</strong></span> 
     </span>
     <span class='ocr_line' id='line_1_9' title="bbox 154 814 1609 863; baseline 0.003 -14"><span class='ocrx_word' id='word_1_66' title='bbox 154 814 248 861; x_wconf 82' lang='lat' dir='ltr'><strong>petit</strong></span> <span class='ocrx_word' id='word_1_67' title='bbox 274 815 419 862; x_wconf 70' lang='lat' dir='ltr'><strong>maqnis</strong></span> <span class='ocrx_word' id='word_1_68' title='bbox 454 825 517 861; x_wconf 91' lang='lat' dir='ltr'><strong>op.</strong></span> <span class='ocrx_word' id='word_1_69' title='bbox 553 816 803 855; x_wconf 81' lang='lat' dir='ltr'><strong>communita‚·</strong></span> <span class='ocrx_word' id='word_1_70' title='bbox 828 835 885 841; x_wconf 93' lang='lat'><em>-</em></span> <span class='ocrx_word' id='word_1_71' title='bbox 915 827 1010 863; x_wconf 88' lang='lat' dir='ltr'><strong>quae</strong></span> <span class='ocrx_word' id='word_1_72' title='bbox 1044 817 1259 854; x_wconf 87' lang='lat' dir='ltr'><strong>coniectura</strong></span> <span class='ocrx_word' id='word_1_73' title='bbox 1293 829 1408 854; x_wconf 86' lang='lat' dir='ltr'><strong>sensu</strong></span> <span class='ocrx_word' id='word_1_74' title='bbox 1437 829 1511 853; x_wconf 89' lang='lat' dir='ltr'><strong>non</strong></span> <span class='ocrx_word' id='word_1_75' title='bbox 1539 817 1609 854; x_wconf 80' lang='lat' dir='ltr'><strong>dis-</strong></span> 
     </span>
     <span class='ocr_line' id='line_1_10' title="bbox 162 870 1607 922; baseline 0.003 -17"><span class='ocrx_word' id='word_1_76' title='bbox 162 871 231 906; x_wconf 80' lang='lat' dir='ltr'><strong>sert</strong></span> <span class='ocrx_word' id='word_1_77' title='bbox 250 882 272 906; x_wconf 86' lang='lat' dir='ltr'><strong>a</strong></span> <span class='ocrx_word' id='word_1_78' title='bbox 293 871 580 919; x_wconf 83' lang='lat' dir='ltr'><strong>Kreyssigiana,</strong></span> <span class='ocrx_word' id='word_1_79' title='bbox 595 870 662 907; x_wconf 91' lang='lat' dir='ltr'><strong>sed</strong></span> <span class='ocrx_word' id='word_1_80' title='bbox 685 882 767 907; x_wconf 89' lang='lat' dir='ltr'><strong>eam</strong></span> <span class='ocrx_word' id='word_1_81' title='bbox 791 873 946 908; x_wconf 88' lang='lat' dir='ltr'><strong>formam</strong></span> <span class='ocrx_word' id='word_1_82' title='bbox 967 873 1090 918; x_wconf 89' lang='lat' dir='ltr'><strong>habet,</strong></span> <span class='ocrx_word' id='word_1_83' title='bbox 1102 885 1196 922; x_wconf 89' lang='lat' dir='ltr'><strong>quae</strong></span> <span class='ocrx_word' id='word_1_84' title='bbox 1214 876 1370 911; x_wconf 90' lang='lat' dir='ltr'><strong>lacunae</strong></span> <span class='ocrx_word' id='word_1_85' title='bbox 1393 874 1607 910; x_wconf 89' lang='lat' dir='ltr'><strong>condicioni</strong></span> 
     </span>
     <span class='ocr_line' id='line_1_11' title="bbox 159 927 1606 979; baseline 0.003 -16"><span class='ocrx_word' id='word_1_86' title='bbox 159 938 234 963; x_wconf 91' lang='lat' dir='ltr'><strong>non</strong></span> <span class='ocrx_word' id='word_1_87' title='bbox 255 932 451 975; x_wconf 84' lang='lat' dir='ltr'><strong>repugnet.</strong></span> <span class='ocrx_word' id='word_1_88' title='bbox 471 948 528 953; x_wconf 92' lang='lat'><strong>—</strong></span> <span class='ocrx_word' id='word_1_89' title='bbox 550 927 602 963; x_wconf 89' lang='lat' dir='ltr'><strong>De</strong></span> <span class='ocrx_word' id='word_1_90' title='bbox 624 929 860 975; x_wconf 86' lang='lat' dir='ltr'><strong>appositione</strong></span> <span class='ocrx_word' id='word_1_91' title='bbox 879 940 1032 967; x_wconf 86' lang='lat' dir='ltr'><strong>numero</strong></span> <span class='ocrx_word' id='word_1_92' title='bbox 1061 931 1168 967; x_wconf 90' lang='lat' dir='ltr'><strong>vocis</strong></span> <span class='ocrx_word' id='word_1_93' title='bbox 1198 943 1235 967; x_wconf 89' lang='lat' dir='ltr'><strong>v.</strong></span> <span class='ocrx_word' id='word_1_94' title='bbox 1258 935 1434 967; x_wconf 87' lang='lat' dir='ltr'><strong>annotata</strong></span> <span class='ocrx_word' id='word_1_95' title='bbox 1455 931 1504 967; x_wconf 90' lang='lat' dir='ltr'><strong>ad</strong></span> <span class='ocrx_word' id='word_1_96' title='bbox 1526 931 1606 979; x_wconf 85' lang='lat' dir='ltr'><strong>lug.</strong></span> 
     </span>
     <span class='ocr_line' id='line_1_12' title="bbox 159 983 538 1031; baseline -0.003 -10"><span class='ocrx_word' id='word_1_97' title='bbox 159 996 192 1021; x_wconf 89' lang='lat' dir='ltr'><strong>c.</strong></span> <span class='ocrx_word' id='word_1_98' title='bbox 214 983 313 1029; x_wconf 89' lang='lat' dir='ltr'><strong>LHl,</strong></span> <span class='ocrx_word' id='word_1_99' title='bbox 338 987 373 1021; x_wconf 81' lang='lat'><strong>4.</strong></span> <span class='ocrx_word' id='word_1_100' title='bbox 394 996 431 1031; x_wconf 90' lang='lat' dir='ltr'><strong>p.</strong></span> <span class='ocrx_word' id='word_1_101' title='bbox 457 988 538 1024; x_wconf 83' lang='lat'><strong>291.</strong></span> 
     </span>
    </p>

    <p class='ocr_par' dir='ltr' id='par_1_4' title="bbox 157 1041 1609 1882">
     <span class='ocr_line' id='line_1_13' title="bbox 271 1041 1605 1092; baseline 0.002 -16"><span class='ocrx_word' id='word_1_102' title='bbox 271 1044 305 1083; x_wconf 79' lang='lat'><strong>§-</strong></span> <span class='ocrx_word' id='word_1_103' title='bbox 326 1043 360 1078; x_wconf 87' lang='lat'><strong>4.</strong></span> <span class='ocrx_word' id='word_1_104' title='bbox 382 1041 542 1085; x_wconf 84' lang='lat' dir='ltr'><strong>Deinde)</strong></span> <span class='ocrx_word' id='word_1_105' title='bbox 564 1041 664 1076; x_wconf 90' lang='lat' dir='ltr'><strong>Haec</strong></span> <span class='ocrx_word' id='word_1_106' title='bbox 686 1042 868 1088; x_wconf 88' lang='lat' dir='ltr'><strong>particula</strong></span> <span class='ocrx_word' id='word_1_107' title='bbox 890 1043 1079 1091; x_wconf 85' lang='lat' dir='ltr'><strong>significat</strong></span> <span class='ocrx_word' id='word_1_108' title='bbox 1107 1056 1182 1080; x_wconf 90' lang='lat' dir='ltr'><strong>non</strong></span> <span class='ocrx_word' id='word_1_109' title='bbox 1212 1046 1333 1081; x_wconf 87' lang='lat' dir='ltr'><strong>statim</strong></span> <span class='ocrx_word' id='word_1_110' title='bbox 1356 1049 1441 1092; x_wconf 92' lang='lat' dir='ltr'><strong>post</strong></span> <span class='ocrx_word' id='word_1_111' title='bbox 1463 1044 1605 1080; x_wconf 85' lang='lat' dir='ltr'><strong>Varinii</strong></span> 
     </span>
     <span class='ocr_line' id='line_1_14' title="bbox 158 1097 1607 1148; baseline 0.001 -13"><span class='ocrx_word' id='word_1_112' title='bbox 158 1098 383 1142; x_wconf 90' lang='lat' dir='ltr'><strong>adventum,</strong></span> <span class='ocrx_word' id='word_1_113' title='bbox 409 1097 478 1134; x_wconf 89' lang='lat' dir='ltr'><strong>sed</strong></span> <span class='ocrx_word' id='word_1_114' title='bbox 506 1098 697 1133; x_wconf 89' lang='lat' dir='ltr'><strong>interiecto</strong></span> <span class='ocrx_word' id='word_1_115' title='bbox 725 1098 848 1145; x_wconf 89' lang='lat' dir='ltr'><strong>aliquo</strong></span> <span class='ocrx_word' id='word_1_116' title='bbox 877 1104 1043 1147; x_wconf 86' lang='lat' dir='ltr'><strong>tempore</strong></span> <span class='ocrx_word' id='word_1_117' title='bbox 1069 1101 1277 1145; x_wconf 87' lang='lat' dir='ltr'><strong>accidisse,</strong></span> <span class='ocrx_word' id='word_1_118' title='bbox 1309 1113 1404 1148; x_wconf 88' lang='lat' dir='ltr'><strong>quae</strong></span> <span class='ocrx_word' id='word_1_119' title='bbox 1427 1101 1477 1136; x_wconf 86' lang='lat' dir='ltr'><strong>de</strong></span> <span class='ocrx_word' id='word_1_120' title='bbox 1495 1100 1607 1147; x_wconf 85' lang='lat' dir='ltr'><strong>Spar-</strong></span> 
     </span>
     <span class='ocr_line' id='line_1_15' title="bbox 158 1154 1606 1205; baseline 0.001 -15"><span class='ocrx_word' id='word_1_121' title='bbox 158 1156 228 1191; x_wconf 88' lang='lat' dir='ltr'><strong>taci</strong></span> <span class='ocrx_word' id='word_1_122' title='bbox 255 1154 387 1191; x_wconf 79' lang='lat' dir='ltr'><strong>fraude</strong></span> <span class='ocrx_word' id='word_1_123' title='bbox 416 1155 644 1199; x_wconf 79' lang='lat' dir='ltr'><strong>referuntur3</strong></span> <span class='ocrx_word' id='word_1_124' title='bbox 678 1165 714 1190; x_wconf 90' lang='lat' dir='ltr'><strong>v.</strong></span> <span class='ocrx_word' id='word_1_125' title='bbox 744 1155 865 1192; x_wconf 85' lang='lat' dir='ltr'><strong>Hand.</strong></span> <span class='ocrx_word' id='word_1_126' title='bbox 894 1156 1091 1193; x_wconf 88' lang='lat' dir='ltr'><strong>Tursellin.</strong></span> <span class='ocrx_word' id='word_1_127' title='bbox 1123 1159 1208 1193; x_wconf 91' lang='lat' dir='ltr'><strong>Vol.</strong></span> <span class='ocrx_word' id='word_1_128' title='bbox 1240 1158 1283 1195; x_wconf 86' lang='lat' dir='ltr'><strong>ll.</strong></span> <span class='ocrx_word' id='word_1_129' title='bbox 1313 1170 1350 1205; x_wconf 91' lang='lat' dir='ltr'><strong>p.</strong></span> <span class='ocrx_word' id='word_1_130' title='bbox 1381 1160 1462 1195; x_wconf 81' lang='lat'><strong>240.</strong></span> <span class='ocrx_word' id='word_1_131' title='bbox 1502 1157 1606 1202; x_wconf 81' lang='lat' dir='ltr'><strong>Quae</strong></span> 
     </span>
     <span class='ocr_line' id='line_1_16' title="bbox 158 1210 1606 1260; baseline 0.001 -12"><span class='ocrx_word' id='word_1_132' title='bbox 158 1215 382 1259; x_wconf 83' lang='lat' dir='ltr'><strong>sequuntur,</strong></span> <span class='ocrx_word' id='word_1_133' title='bbox 410 1212 612 1247; x_wconf 85' lang='lat' dir='ltr'><strong>Frontinus</strong></span> <span class='ocrx_word' id='word_1_134' title='bbox 645 1210 804 1259; x_wconf 87' lang='lat' dir='ltr'><strong>Strateg.</strong></span> <span class='ocrx_word' id='word_1_135' title='bbox 827 1213 862 1257; x_wconf 83' lang='grc' dir='ltr'><strong>Ι,</strong></span> <span class='ocrx_word' id='word_1_136' title='bbox 894 1216 937 1259; x_wconf 87' lang='lat'><strong>5,</strong></span> <span class='ocrx_word' id='word_1_137' title='bbox 968 1218 1027 1251; x_wconf 83' lang='lat'><strong>22.</strong></span> <span class='ocrx_word' id='word_1_138' title='bbox 1049 1225 1096 1249; x_wconf 90' lang='lat' dir='ltr'><strong>ex</strong></span> <span class='ocrx_word' id='word_1_139' title='bbox 1117 1214 1189 1251; x_wconf 89' lang='lat' dir='ltr'><strong>hoe</strong></span> <span class='ocrx_word' id='word_1_140' title='bbox 1220 1215 1302 1260; x_wconf 91' lang='lat' dir='ltr'><strong>ipso</strong></span> <span class='ocrx_word' id='word_1_141' title='bbox 1327 1214 1494 1251; x_wconf 85' lang='lat' dir='ltr'><strong>Sallustii</strong></span> <span class='ocrx_word' id='word_1_142' title='bbox 1524 1214 1606 1249; x_wconf 91' lang='lat' dir='ltr'><strong>loco</strong></span> 
     </span>
     <span class='ocr_line' id='line_1_17' title="bbox 160 1267 1606 1318; baseline 0.001 -13"><span class='ocrx_word' id='word_1_143' title='bbox 160 1268 316 1316; x_wconf 87' lang='lat' dir='ltr'><strong>repetita</strong></span> <span class='ocrx_word' id='word_1_144' title='bbox 345 1267 445 1304; x_wconf 86' lang='lat' dir='ltr'><strong>hune</strong></span> <span class='ocrx_word' id='word_1_145' title='bbox 477 1268 516 1303; x_wconf 88' lang='lat' dir='ltr'><strong>in</strong></span> <span class='ocrx_word' id='word_1_146' title='bbox 543 1267 695 1303; x_wconf 89' lang='lat' dir='ltr'><strong>modum</strong></span> <span class='ocrx_word' id='word_1_147' title='bbox 717 1270 922 1305; x_wconf 86' lang='lat' dir='ltr'><strong>enarravit:</strong></span> <span class='ocrx_word' id='word_1_148' title='bbox 944 1269 1070 1315; x_wconf 85' lang='lat' dir='ltr'><strong>Idem,</strong></span> <span class='ocrx_word' id='word_1_149' title='bbox 1092 1282 1202 1318; x_wconf 81' lang='lat' dir='ltr'><strong>quum</strong></span> <span class='ocrx_word' id='word_1_150' title='bbox 1222 1283 1246 1307; x_wconf 88' lang='lat' dir='ltr'><strong>a</strong></span> <span class='ocrx_word' id='word_1_151' title='bbox 1265 1270 1311 1306; x_wconf 91' lang='grc' dir='ltr'><strong>Ρ.</strong></span> <span class='ocrx_word' id='word_1_152' title='bbox 1342 1270 1493 1307; x_wconf 76' lang='lat' dir='ltr'><strong>Varinio</strong></span> <span class='ocrx_word' id='word_1_153' title='bbox 1510 1281 1606 1317; x_wconf 83' lang='lat' dir='ltr'><strong>pro-</strong></span> 
     </span>
     <span class='ocr_line' id='line_1_18' title="bbox 158 1325 1607 1374; baseline 0 -12"><span class='ocrx_word' id='word_1_154' title='bbox 158 1325 308 1362; x_wconf 81' lang='lat' dir='ltr'><strong>consule</strong></span> <span class='ocrx_word' id='word_1_155' title='bbox 322 1326 548 1371; x_wconf 81' lang='lat' dir='ltr'><strong>praeclusus</strong></span> <span class='ocrx_word' id='word_1_156' title='bbox 569 1328 680 1369; x_wconf 84' lang='lat' dir='ltr'><strong>esset,</strong></span> <span class='ocrx_word' id='word_1_157' title='bbox 705 1325 808 1371; x_wconf 82' lang='lat' dir='ltr'><strong>palis</strong></span> <span class='ocrx_word' id='word_1_158' title='bbox 827 1336 904 1373; x_wconf 85' lang='lat' dir='ltr'><strong>per</strong></span> <span class='ocrx_word' id='word_1_159' title='bbox 932 1327 1072 1363; x_wconf 85' lang='lat' dir='ltr'><strong>modica</strong></span> <span class='ocrx_word' id='word_1_160' title='bbox 1092 1328 1284 1364; x_wconf 83' lang='lat' dir='ltr'><strong>intervalla</strong></span> <span class='ocrx_word' id='word_1_161' title='bbox 1303 1328 1395 1374; x_wconf 75' lang='lat' dir='ltr'><strong>fixis</strong></span> <span class='ocrx_word' id='word_1_162' title='bbox 1415 1331 1499 1363; x_wconf 87' lang='lat' dir='ltr'><strong>ante</strong></span> <span class='ocrx_word' id='word_1_163' title='bbox 1511 1337 1607 1374; x_wconf 86' lang='lat' dir='ltr'><strong>por-</strong></span> 
     </span>
     <span class='ocr_line' id='line_1_19' title="bbox 158 1381 1607 1431; baseline 0.001 -12"><span class='ocrx_word' id='word_1_164' title='bbox 158 1387 232 1419; x_wconf 88' lang='lat' dir='ltr'><strong>tam</strong></span> <span class='ocrx_word' id='word_1_165' title='bbox 252 1385 376 1418; x_wconf 83' lang='lat' dir='ltr'><strong>erecta</strong></span> <span class='ocrx_word' id='word_1_166' title='bbox 397 1382 601 1426; x_wconf 80' lang='lat' dir='ltr'><strong>cadavera,</strong></span> <span class='ocrx_word' id='word_1_167' title='bbox 623 1381 806 1418; x_wconf 83' lang='lat' dir='ltr'><strong>adornata</strong></span> <span class='ocrx_word' id='word_1_168' title='bbox 833 1386 929 1419; x_wconf 82' lang='lat' dir='ltr'><strong>veste</strong></span> <span class='ocrx_word' id='word_1_169' title='bbox 957 1387 1065 1431; x_wconf 82' lang='lat' dir='ltr'><strong>atque</strong></span> <span class='ocrx_word' id='word_1_170' title='bbox 1088 1385 1224 1430; x_wconf 86' lang='lat' dir='ltr'><strong>armis,</strong></span> <span class='ocrx_word' id='word_1_171' title='bbox 1252 1385 1432 1431; x_wconf 74' lang='lat' dir='ltr'><strong>alliyavit,</strong></span> <span class='ocrx_word' id='word_1_172' title='bbox 1454 1387 1494 1420; x_wconf 86' lang='lat' dir='ltr'><strong>ut</strong></span> <span class='ocrx_word' id='word_1_173' title='bbox 1511 1385 1607 1430; x_wconf 60' lang='lat' dir='ltr'><strong>pross</strong></span> 
     </span>
     <span class='ocr_line' id='line_1_20' title="bbox 157 1438 1606 1487; baseline -0.002 -10"><span class='ocrx_word' id='word_1_174' title='bbox 157 1441 219 1477; x_wconf 84' lang='lat' dir='ltr'><strong>cul</strong></span> <span class='ocrx_word' id='word_1_175' title='bbox 237 1438 455 1475; x_wconf 81' lang='lat' dir='ltr'><strong>intuentibus</strong></span> <span class='ocrx_word' id='word_1_176' title='bbox 474 1438 639 1475; x_wconf 83' lang='lat' dir='ltr'><strong>stationis</strong></span> <span class='ocrx_word' id='word_1_177' title='bbox 667 1440 808 1485; x_wconf 82' lang='lat' dir='ltr'><strong>speeies</strong></span> <span class='ocrx_word' id='word_1_178' title='bbox 828 1443 940 1485; x_wconf 85' lang='lat' dir='ltr'><strong>esset,</strong></span> <span class='ocrx_word' id='word_1_179' title='bbox 971 1440 1112 1487; x_wconf 65' lang='lat' dir='ltr'><strong>ignibus</strong></span> <span class='ocrx_word' id='word_1_180' title='bbox 1135 1451 1212 1487; x_wconf 85' lang='lat' dir='ltr'><strong>per</strong></span> <span class='ocrx_word' id='word_1_181' title='bbox 1239 1444 1312 1477; x_wconf 85' lang='lat' dir='ltr'><strong>tota</strong></span> <span class='ocrx_word' id='word_1_182' title='bbox 1336 1443 1462 1476; x_wconf 84' lang='lat' dir='ltr'><strong>castra</strong></span> <span class='ocrx_word' id='word_1_183' title='bbox 1481 1440 1606 1487; x_wconf 61' lang='lat' dir='ltr'><strong>faetus.</strong></span> 
     </span>
     <span class='ocr_line' id='line_1_21' title="bbox 158 1494 1606 1543; baseline -0.001 -10"><span class='ocrx_word' id='word_1_184' title='bbox 158 1496 325 1543; x_wconf 74' lang='lat' dir='ltr'><strong>Imayine</strong></span> <span class='ocrx_word' id='word_1_185' title='bbox 359 1507 456 1531; x_wconf 87' lang='lat' dir='ltr'><strong>vana</strong></span> <span class='ocrx_word' id='word_1_186' title='bbox 485 1495 609 1531; x_wconf 81' lang='lat' dir='ltr'><strong>deluso</strong></span> <span class='ocrx_word' id='word_1_187' title='bbox 640 1494 742 1531; x_wconf 78' lang='lat' dir='ltr'><strong>hoste</strong></span> <span class='ocrx_word' id='word_1_188' title='bbox 770 1497 896 1543; x_wconf 84' lang='lat' dir='ltr'><strong>copias</strong></span> <span class='ocrx_word' id='word_1_189' title='bbox 927 1497 1066 1534; x_wconf 82' lang='lat' dir='ltr'><strong>silentio</strong></span> <span class='ocrx_word' id='word_1_190' title='bbox 1096 1499 1211 1533; x_wconf 80' lang='lat' dir='ltr'><strong>noctis</strong></span> <span class='ocrx_word' id='word_1_191' title='bbox 1239 1497 1379 1533; x_wconf 74' lang='lat' dir='ltr'><strong>eduxit.</strong></span> <span class='ocrx_word' id='word_1_192' title='bbox 1402 1495 1606 1533; x_wconf 85' lang='lat' dir='ltr'><strong>KREYSS.</strong></span> 
     </span>
     <span class='ocr_line' id='line_1_22' title="bbox 157 1551 1608 1590; baseline -0.002 0"><span class='ocrx_word' id='word_1_193' title='bbox 157 1552 432 1590; x_wconf 82' lang='lat' dir='ltr'><strong>Praedantibus</strong></span> <span class='ocrx_word' id='word_1_194' title='bbox 467 1552 567 1587; x_wconf 90' lang='lat' dir='ltr'><strong>idem</strong></span> <span class='ocrx_word' id='word_1_195' title='bbox 595 1551 794 1588; x_wconf 87' lang='lat' dir='ltr'><strong>verissime</strong></span> <span class='ocrx_word' id='word_1_196' title='bbox 822 1553 978 1589; x_wconf 85' lang='lat' dir='ltr'><strong>restituit</strong></span> <span class='ocrx_word' id='word_1_197' title='bbox 1006 1564 1053 1589; x_wconf 87' lang='lat' dir='ltr'><strong>ex</strong></span> <span class='ocrx_word' id='word_1_198' title='bbox 1081 1554 1130 1588; x_wconf 92' lang='lat' dir='ltr'><strong>P.</strong></span> <span class='ocrx_word' id='word_1_199' title='bbox 1143 1553 1380 1590; x_wconf 84' lang='grc' dir='ltr'><strong>1)·.ΑΝΤΙΒ</strong></span> <span class='ocrx_word' id='word_1_200' title='bbox 1409 1552 1608 1589; x_wconf 82' lang='lat' dir='ltr'><strong>Freinshe-</strong></span> 
     </span>
     <span class='ocr_line' id='line_1_23' title="bbox 159 1608 1609 1657; baseline -0.001 -11"><span class='ocrx_word' id='word_1_201' title='bbox 159 1612 257 1646; x_wconf 88' lang='lat' dir='ltr'><strong>mius</strong></span> <span class='ocrx_word' id='word_1_202' title='bbox 293 1609 504 1645; x_wconf 86' lang='lat' dir='ltr'><strong>inconsulte</strong></span> <span class='ocrx_word' id='word_1_203' title='bbox 538 1608 751 1644; x_wconf 85' lang='lat' dir='ltr'><strong>coniecerat</strong></span> <span class='ocrx_word' id='word_1_204' title='bbox 787 1619 855 1645; x_wconf 84' lang='lat' dir='ltr'><strong>nec</strong></span> <span class='ocrx_word' id='word_1_205' title='bbox 879 1610 1206 1657; x_wconf 79' lang='lat' dir='ltr'><strong>suppeditantibus.</strong></span> <span class='ocrx_word' id='word_1_206' title='bbox 1231 1630 1287 1636; x_wconf 89' lang='lat'><em>-</em></span> <span class='ocrx_word' id='word_1_207' title='bbox 1311 1609 1377 1646; x_wconf 76' lang='lat' dir='ltr'><strong>Ex</strong></span> <span class='ocrx_word' id='word_1_208' title='bbox 1395 1610 1609 1657; x_wconf 83' lang='lat' dir='ltr'><strong>propinquo</strong></span> 
     </span>
     <span class='ocr_line' id='line_1_24' title="bbox 159 1664 1609 1713; baseline -0.002 -10"><span class='ocrx_word' id='word_1_209' title='bbox 159 1678 244 1703; x_wconf 90' lang='lat' dir='ltr'><strong>cum</strong></span> <span class='ocrx_word' id='word_1_210' title='bbox 267 1665 491 1712; x_wconf 83' lang='lat' dir='ltr'><strong>Kreyssigio</strong></span> <span class='ocrx_word' id='word_1_211' title='bbox 514 1665 635 1700; x_wconf 80' lang='lat' dir='ltr'><strong>resero</strong></span> <span class='ocrx_word' id='word_1_212' title='bbox 657 1664 707 1699; x_wconf 87' lang='lat' dir='ltr'><strong>ad</strong></span> <span class='ocrx_word' id='word_1_213' title='bbox 726 1664 839 1701; x_wconf 75' lang='lat' dir='ltr'><strong>hostis</strong></span> <span class='ocrx_word' id='word_1_214' title='bbox 864 1667 1035 1711; x_wconf 82' lang='lat' dir='ltr'><strong>instaret,</strong></span> <span class='ocrx_word' id='word_1_215' title='bbox 1059 1677 1283 1713; x_wconf 85' lang='lat' dir='ltr'><strong>quamquam</strong></span> <span class='ocrx_word' id='word_1_216' title='bbox 1313 1665 1352 1701; x_wconf 89' lang='lat' dir='ltr'><strong>id</strong></span> <span class='ocrx_word' id='word_1_217' title='bbox 1380 1669 1456 1701; x_wconf 78' lang='lat' dir='ltr'><strong>&#39;non</strong></span> <span class='ocrx_word' id='word_1_218' title='bbox 1485 1676 1609 1701; x_wconf 85' lang='lat' dir='ltr'><strong>exem-</strong></span> 
     </span>
     <span class='ocr_line' id='line_1_25' title="bbox 157 1721 1607 1771; baseline -0.001 -12"><span class='ocrx_word' id='word_1_219' title='bbox 157 1724 253 1771; x_wconf 85' lang='lat' dir='ltr'><strong>plis,</strong></span> <span class='ocrx_word' id='word_1_220' title='bbox 277 1721 347 1758; x_wconf 84' lang='lat' dir='ltr'><strong>sed</strong></span> <span class='ocrx_word' id='word_1_221' title='bbox 367 1721 510 1757; x_wconf 89' lang='lat' dir='ltr'><strong>ratione</strong></span> <span class='ocrx_word' id='word_1_222' title='bbox 529 1721 594 1756; x_wconf 91' lang='lat' dir='ltr'><strong>niti</strong></span> <span class='ocrx_word' id='word_1_223' title='bbox 615 1731 773 1766; x_wconf 89' lang='lat' dir='ltr'><strong>cense0;</strong></span> <span class='ocrx_word' id='word_1_224' title='bbox 795 1732 881 1758; x_wconf 83' lang='lat' dir='ltr'><strong>nam</strong></span> <span class='ocrx_word' id='word_1_225' title='bbox 897 1727 936 1758; x_wconf 91' lang='lat' dir='ltr'><strong>ut</strong></span> <span class='ocrx_word' id='word_1_226' title='bbox 956 1723 1068 1769; x_wconf 87' lang='lat' dir='ltr'><strong>plane</strong></span> <span class='ocrx_word' id='word_1_227' title='bbox 1092 1733 1167 1758; x_wconf 90' lang='lat' dir='ltr'><strong>non</strong></span> <span class='ocrx_word' id='word_1_228' title='bbox 1189 1726 1267 1766; x_wconf 90' lang='lat' dir='ltr'><strong>est,</strong></span> <span class='ocrx_word' id='word_1_229' title='bbox 1298 1733 1364 1757; x_wconf 87' lang='lat' dir='ltr'><strong>cur</strong></span> <span class='ocrx_word' id='word_1_230' title='bbox 1384 1722 1607 1769; x_wconf 77' lang='lat' dir='ltr'><strong>praedanti-</strong></span> 
     </span>
     <span class='ocr_line' id='line_1_26' title="bbox 159 1777 1605 1826; baseline -0.002 -10"><span class='ocrx_word' id='word_1_231' title='bbox 159 1780 226 1817; x_wconf 81' lang='lat' dir='ltr'><strong>bus</strong></span> <span class='ocrx_word' id='word_1_232' title='bbox 245 1778 462 1815; x_wconf 85' lang='lat' dir='ltr'><strong>accuratius</strong></span> <span class='ocrx_word' id='word_1_233' title='bbox 490 1778 660 1814; x_wconf 88' lang='lat' dir='ltr'><strong>attributo</strong></span> <span class='ocrx_word' id='word_1_234' title='bbox 684 1777 900 1824; x_wconf 87' lang='lat' dir='ltr'><strong>definiatur,</strong></span> <span class='ocrx_word' id='word_1_235' title='bbox 921 1779 971 1814; x_wconf 90' lang='lat' dir='ltr'><strong>ita</strong></span> <span class='ocrx_word' id='word_1_236' title='bbox 992 1779 1134 1815; x_wconf 89' lang='lat' dir='ltr'><strong>timoris</strong></span> <span class='ocrx_word' id='word_1_237' title='bbox 1159 1789 1297 1815; x_wconf 85' lang='lat' dir='ltr'><strong>caussa</strong></span> <span class='ocrx_word' id='word_1_238' title='bbox 1324 1779 1360 1814; x_wconf 91' lang='lat' dir='ltr'><strong>in</strong></span> <span class='ocrx_word' id='word_1_239' title='bbox 1384 1779 1605 1826; x_wconf 77' lang='lat' dir='ltr'><strong>propinqui-</strong></span> 
     </span>
     <span class='ocr_line' id='line_1_27' title="bbox 159 1834 624 1882; baseline -0.009 -8"><span class='ocrx_word' id='word_1_240' title='bbox 159 1839 232 1874; x_wconf 86' lang='lat' dir='ltr'><strong>tate</strong></span> <span class='ocrx_word' id='word_1_241' title='bbox 251 1836 364 1872; x_wconf 76' lang='lat' dir='ltr'><strong>hostis</strong></span> <span class='ocrx_word' id='word_1_242' title='bbox 380 1839 468 1871; x_wconf 90' lang='lat' dir='ltr'><strong>-erat</strong></span> <span class='ocrx_word' id='word_1_243' title='bbox 490 1834 624 1882; x_wconf 88' lang='lat' dir='ltr'><strong>posita.</strong></span> 
     </span>
    </p>

    <p class='ocr_par' dir='ltr' id='par_1_5' title="bbox 160 1890 1608 2789">
     <span class='ocr_line' id='line_1_28' title="bbox 276 1890 1607 1938; baseline -0.002 -9"><span class='ocrx_word' id='word_1_244' title='bbox 276 1893 373 1929; x_wconf 83' lang='lat' dir='ltr'><strong>soliti</strong></span> <span class='ocrx_word' id='word_1_245' title='bbox 389 1902 492 1928; x_wconf 89' lang='lat' dir='ltr'><strong>more</strong></span> <span class='ocrx_word' id='word_1_246' title='bbox 514 1891 678 1935; x_wconf 82' lang='lat' dir='ltr'><strong>militiae)</strong></span> <span class='ocrx_word' id='word_1_247' title='bbox 710 1890 796 1926; x_wconf 90' lang='lat' dir='ltr'><strong>cod.</strong></span> <span class='ocrx_word' id='word_1_248' title='bbox 830 1891 911 1927; x_wconf 91' lang='lat' dir='ltr'><strong>Vat.</strong></span> <span class='ocrx_word' id='word_1_249' title='bbox 943 1891 1135 1928; x_wconf 87' lang='lat' dir='ltr'><strong>SOLITIM</strong></span> <span class='ocrx_word' id='word_1_250' title='bbox 1155 1917 1288 1927; x_wconf 90' lang='grc'><strong>.....</strong></span> <span class='ocrx_word' id='word_1_251' title='bbox 1305 1891 1489 1938; x_wconf 57' lang='grc' dir='ltr'><strong>ΙΛΤΙΑΕ,μ</strong></span> <span class='ocrx_word' id='word_1_252' title='bbox 1505 1891 1607 1937; x_wconf 86' lang='lat' dir='ltr'><strong>quod</strong></span> 
     </span>
     <span class='ocr_line' id='line_1_29' title="bbox 161 1946 1608 1998; baseline -0.003 -11"><span class='ocrx_word' id='word_1_253' title='bbox 161 1950 408 1998; x_wconf 82' lang='lat' dir='ltr'><strong>Kreyssigius</strong></span> <span class='ocrx_word' id='word_1_254' title='bbox 434 1948 589 1996; x_wconf 83' lang='lat' dir='ltr'><strong>egregie</strong></span> <span class='ocrx_word' id='word_1_255' title='bbox 615 1946 795 1993; x_wconf 88' lang='lat' dir='ltr'><strong>restituit,</strong></span> <span class='ocrx_word' id='word_1_256' title='bbox 818 1948 953 1983; x_wconf 87' lang='lat' dir='ltr'><strong>collato</strong></span> <span class='ocrx_word' id='word_1_257' title='bbox 984 1947 1075 1984; x_wconf 89' lang='lat' dir='ltr'><strong>Sall.</strong></span> <span class='ocrx_word' id='word_1_258' title='bbox 1103 1948 1183 1995; x_wconf 87' lang='lat' dir='ltr'><strong>Iug.</strong></span> <span class='ocrx_word' id='word_1_259' title='bbox 1215 1959 1248 1983; x_wconf 90' lang='lat' dir='ltr'><strong>c.</strong></span> <span class='ocrx_word' id='word_1_260' title='bbox 1276 1948 1404 1992; x_wconf 75' lang='lat' dir='ltr'><strong>XLIV,</strong></span> <span class='ocrx_word' id='word_1_261' title='bbox 1426 1951 1460 1985; x_wconf 88' lang='lat'><strong>5.</strong></span> <span class='ocrx_word' id='word_1_262' title='bbox 1483 1946 1608 1994; x_wconf 76' lang='lat' dir='ltr'><strong>Neque</strong></span> 
     </span>
     <span class='ocr_line' id='line_1_30' title="bbox 161 2003 1606 2052; baseline -0.003 -8"><span class='ocrx_word' id='word_1_263' title='bbox 161 2007 417 2045; x_wconf 81' lang='lat' dir='ltr'><strong>muniebantur</strong></span> <span class='ocrx_word' id='word_1_264' title='bbox 447 2009 593 2050; x_wconf 85' lang='lat' dir='ltr'><strong>castra,</strong></span> <span class='ocrx_word' id='word_1_265' title='bbox 622 2013 740 2050; x_wconf 83' lang='lat' dir='ltr'><strong>neque</strong></span> <span class='ocrx_word' id='word_1_266' title='bbox 771 2014 896 2040; x_wconf 86' lang='lat' dir='ltr'><strong>more</strong></span> <span class='ocrx_word' id='word_1_267' title='bbox 926 2005 1132 2040; x_wconf 83' lang='lat' dir='ltr'><strong>militari</strong></span> <span class='ocrx_word' id='word_1_268' title='bbox 1152 2006 1293 2052; x_wconf 68' lang='lat' dir='ltr'><strong>viailiae</strong></span> <span class='ocrx_word' id='word_1_269' title='bbox 1322 2003 1606 2040; x_wconf 80' lang='lat' dir='ltr'><strong>deducebantur.</strong></span> 
     </span>
     <span class='ocr_line' id='line_1_31' title="bbox 162 2060 1605 2108; baseline -0.005 -6"><span class='ocrx_word' id='word_1_270' title='bbox 162 2067 212 2102; x_wconf 91' lang='lat' dir='ltr'><strong>ib.</strong></span> <span class='ocrx_word' id='word_1_271' title='bbox 235 2076 269 2100; x_wconf 91' lang='lat' dir='ltr'><strong>c.</strong></span> <span class='ocrx_word' id='word_1_272' title='bbox 298 2063 397 2107; x_wconf 85' lang='lat' dir='ltr'><strong>LIV,</strong></span> <span class='ocrx_word' id='word_1_273' title='bbox 429 2067 461 2100; x_wconf 84' lang='lat'><strong>1.</strong></span> <span class='ocrx_word' id='word_1_274' title='bbox 484 2061 652 2098; x_wconf 80' lang='lat' dir='ltr'><strong>Metellus</strong></span> <span class='ocrx_word' id='word_1_275' title='bbox 679 2062 826 2098; x_wconf 80' lang='lat' dir='ltr'><strong>meritas</strong></span> <span class='ocrx_word' id='word_1_276' title='bbox 850 2062 888 2096; x_wconf 85' lang='lat' dir='ltr'><strong>in</strong></span> <span class='ocrx_word' id='word_1_277' title='bbox 907 2061 1067 2108; x_wconf 80' lang='lat' dir='ltr'><strong>proeliis</strong></span> <span class='ocrx_word' id='word_1_278' title='bbox 1096 2071 1222 2098; x_wconf 85' lang='lat' dir='ltr'><strong>more</strong></span> <span class='ocrx_word' id='word_1_279' title='bbox 1251 2061 1456 2097; x_wconf 79' lang='lat' dir='ltr'><strong>militiae</strong></span> <span class='ocrx_word' id='word_1_280' title='bbox 1481 2060 1605 2096; x_wconf 86' lang='lat' dir='ltr'><strong>donat.</strong></span> 
     </span>
     <span class='ocr_line' id='line_1_32' title="bbox 161 2116 1607 2164; baseline -0.003 -8"><span class='ocrx_word' id='word_1_281' title='bbox 161 2121 278 2156; x_wconf 87' lang='lat' dir='ltr'><strong>Tacit.</strong></span> <span class='ocrx_word' id='word_1_282' title='bbox 296 2119 396 2155; x_wconf 87' lang='lat' dir='ltr'><strong>Arm.</strong></span> <span class='ocrx_word' id='word_1_283' title='bbox 419 2119 447 2161; x_wconf 95' lang='grc' dir='ltr'><strong>Ι,</strong></span> <span class='ocrx_word' id='word_1_284' title='bbox 467 2122 507 2164; x_wconf 88' lang='grc'><strong>6,</strong></span> <span class='ocrx_word' id='word_1_285' title='bbox 528 2122 564 2156; x_wconf 82' lang='lat'><strong>2.</strong></span> <span class='ocrx_word' id='word_1_286' title='bbox 586 2118 787 2154; x_wconf 82' lang='lat' dir='ltr'><strong>Nuncianti</strong></span> <span class='ocrx_word' id='word_1_287' title='bbox 804 2119 1025 2162; x_wconf 83' lang='lat' dir='ltr'><strong>centurioni,</strong></span> <span class='ocrx_word' id='word_1_288' title='bbox 1048 2121 1098 2154; x_wconf 82' lang='lat' dir='ltr'><strong>ut</strong></span> <span class='ocrx_word' id='word_1_289' title='bbox 1118 2128 1210 2154; x_wconf 88' lang='lat' dir='ltr'><strong>mos</strong></span> <span class='ocrx_word' id='word_1_290' title='bbox 1230 2118 1446 2162; x_wconf 84' lang='lat' dir='ltr'><strong>militiae,</strong></span> <span class='ocrx_word' id='word_1_291' title='bbox 1464 2116 1607 2164; x_wconf 85' lang='lat' dir='ltr'><strong>factum</strong></span> 
     </span>
     <span class='ocr_line' id='line_1_33' title="bbox 162 2173 1607 2223; baseline -0.003 -10"><span class='ocrx_word' id='word_1_292' title='bbox 162 2186 242 2214; x_wconf 81' lang='lat' dir='ltr'><strong>esse</strong></span> <span class='ocrx_word' id='word_1_293' title='bbox 260 2176 359 2223; x_wconf 78' lang='lat' dir='ltr'><strong>quod</strong></span> <span class='ocrx_word' id='word_1_294' title='bbox 387 2177 626 2221; x_wconf 82' lang='lat' dir='ltr'><strong>imperasset,</strong></span> <span class='ocrx_word' id='word_1_295' title='bbox 656 2174 857 2221; x_wconf 80' lang='lat' dir='ltr'><strong>respondit.</strong></span> <span class='ocrx_word' id='word_1_296' title='bbox 890 2194 947 2200; x_wconf 91' lang='lat'>—</span> <span class='ocrx_word' id='word_1_297' title='bbox 977 2174 1099 2210; x_wconf 88' lang='lat' dir='ltr'><strong>Maius</strong></span> <span class='ocrx_word' id='word_1_298' title='bbox 1129 2174 1279 2221; x_wconf 88' lang='lat' dir='ltr'><strong>scripsit</strong></span> <span class='ocrx_word' id='word_1_299' title='bbox 1308 2174 1433 2209; x_wconf 85' lang='lat' dir='ltr'><strong>solitas</strong></span> <span class='ocrx_word' id='word_1_300' title='bbox 1460 2173 1607 2209; x_wconf 80' lang='lat' dir='ltr'><strong>militiae</strong></span> 
     </span>
     <span class='ocr_line' id='line_1_34' title="bbox 160 2229 1606 2281; baseline -0.003 -12"><span class='ocrx_word' id='word_1_301' title='bbox 160 2234 321 2281; x_wconf 73' lang='lat' dir='ltr'><strong>viyilia85</strong></span> <span class='ocrx_word' id='word_1_302' title='bbox 341 2248 398 2254; x_wconf 88' lang='lat'>—</span> <span class='ocrx_word' id='word_1_303' title='bbox 419 2231 658 2276; x_wconf 75' lang='lat' dir='ltr'><strong>Gerlachius,</strong></span> <span class='ocrx_word' id='word_1_304' title='bbox 680 2231 742 2276; x_wconf 90' lang='lat' dir='ltr'><strong>qui</strong></span> <span class='ocrx_word' id='word_1_305' title='bbox 764 2232 802 2266; x_wconf 88' lang='lat' dir='ltr'><strong>in</strong></span> <span class='ocrx_word' id='word_1_306' title='bbox 825 2230 885 2266; x_wconf 88' lang='lat' dir='ltr'><strong>ed.</strong></span> <span class='ocrx_word' id='word_1_307' title='bbox 909 2230 996 2266; x_wconf 89' lang='lat' dir='ltr'><strong>mai.</strong></span> <span class='ocrx_word' id='word_1_308' title='bbox 1017 2231 1141 2267; x_wconf 84' lang='lat' dir='ltr'><strong>solitas</strong></span> <span class='ocrx_word' id='word_1_309' title='bbox 1159 2232 1305 2267; x_wconf 82' lang='lat' dir='ltr'><strong>militiae</strong></span> <span class='ocrx_word' id='word_1_310' title='bbox 1325 2229 1443 2273; x_wconf 86' lang='lat' dir='ltr'><strong>dedit,</strong></span> <span class='ocrx_word' id='word_1_311' title='bbox 1466 2229 1606 2265; x_wconf 89' lang='lat' dir='ltr'><strong>omissa</strong></span> 
     </span>
     <span class='ocr_line' id='line_1_35' title="bbox 163 2286 1606 2336; baseline -0.004 -10"><span class='ocrx_word' id='word_1_312' title='bbox 163 2301 258 2326; x_wconf 90' lang='lat' dir='ltr'><strong>voce</strong></span> <span class='ocrx_word' id='word_1_313' title='bbox 279 2289 438 2336; x_wconf 73' lang='lat' dir='ltr'><strong>viqilias,</strong></span> <span class='ocrx_word' id='word_1_314' title='bbox 459 2288 546 2323; x_wconf 93' lang='lat' dir='ltr'><strong>Vol.</strong></span> <span class='ocrx_word' id='word_1_315' title='bbox 570 2287 631 2322; x_wconf 93' lang='lat' dir='ltr'><strong>III.</strong></span> <span class='ocrx_word' id='word_1_316' title='bbox 659 2298 698 2333; x_wconf 90' lang='lat' dir='ltr'><strong>p.</strong></span> <span class='ocrx_word' id='word_1_317' title='bbox 720 2290 801 2326; x_wconf 82' lang='lat'><strong>139.</strong></span> <span class='ocrx_word' id='word_1_318' title='bbox 823 2287 958 2334; x_wconf 87' lang='lat' dir='ltr'><strong>supina</strong></span> <span class='ocrx_word' id='word_1_319' title='bbox 978 2287 1210 2334; x_wconf 83' lang='lat' dir='ltr'><strong>negligentia</strong></span> <span class='ocrx_word' id='word_1_320' title='bbox 1225 2299 1268 2323; x_wconf 87' lang='lat' dir='ltr'><strong>ac</strong></span> <span class='ocrx_word' id='word_1_321' title='bbox 1288 2297 1444 2333; x_wconf 89' lang='lat' dir='ltr'><strong>prorsus</strong></span> <span class='ocrx_word' id='word_1_322' title='bbox 1468 2286 1606 2322; x_wconf 88' lang='lat' dir='ltr'><strong>somni-</strong></span> 
     </span>
     <span class='ocr_line' id='line_1_36' title="bbox 162 2342 1603 2390; baseline -0.005 -6"><span class='ocrx_word' id='word_1_323' title='bbox 162 2344 530 2390; x_wconf 58' lang='lat' dir='ltr'><strong>culose:&#39;‚,videtur‚</strong></span> <span class='ocrx_word' id='word_1_324' title='bbox 560 2344 700 2389; x_wconf 89' lang='lat' dir='ltr'><strong>inquit,</strong></span> <span class='ocrx_word' id='word_1_325' title='bbox 732 2343 1009 2387; x_wconf 88' lang='lat' dir='ltr'><strong>emendandum</strong></span> <span class='ocrx_word' id='word_1_326' title='bbox 1043 2355 1129 2379; x_wconf 88' lang='lat' dir='ltr'><strong>esse</strong></span> <span class='ocrx_word' id='word_1_327' title='bbox 1156 2345 1328 2380; x_wconf 81' lang='lat' dir='ltr'><strong>stationes</strong></span> <span class='ocrx_word' id='word_1_328' title='bbox 1355 2342 1603 2389; x_wconf 72' lang='lat' dir='ltr'><strong>viqt&#39;liasque.“</strong></span> 
     </span>
     <span class='ocr_line' id='line_1_37' title="bbox 162 2398 1603 2447; baseline -0.005 -7"><span class='ocrx_word' id='word_1_329' title='bbox 162 2405 350 2440; x_wconf 87' lang='lat' dir='ltr'><strong>Lacunam</strong></span> <span class='ocrx_word' id='word_1_330' title='bbox 371 2400 464 2438; x_wconf 92' lang='lat' dir='ltr'><strong>STA</strong></span> <span class='ocrx_word' id='word_1_331' title='bbox 474 2424 596 2436; x_wconf 86' lang='grc'><strong><em>......</em></strong></span> <span class='ocrx_word' id='word_1_332' title='bbox 605 2399 649 2444; x_wconf 81' lang='lat' dir='ltr'><strong>Q·</strong></span> <span class='ocrx_word' id='word_1_333' title='bbox 674 2399 747 2435; x_wconf 89' lang='lat' dir='ltr'><strong>iam</strong></span> <span class='ocrx_word' id='word_1_334' title='bbox 766 2399 965 2435; x_wconf 88' lang='lat' dir='ltr'><strong>Bimardus</strong></span> <span class='ocrx_word' id='word_1_335' title='bbox 986 2404 1084 2435; x_wconf 91' lang='lat' dir='ltr'><strong>recte</strong></span> <span class='ocrx_word' id='word_1_336' title='bbox 1107 2401 1284 2447; x_wconf 85' lang='lat' dir='ltr'><strong>explevit.</strong></span> <span class='ocrx_word' id='word_1_337' title='bbox 1325 2398 1475 2446; x_wconf 73' lang='lat' dir='ltr'><strong>Viqiliae</strong></span> <span class='ocrx_word' id='word_1_338' title='bbox 1494 2398 1603 2433; x_wconf 85' lang='lat' dir='ltr'><strong>noctu</strong></span> 
     </span>
     <span class='ocr_line' id='line_1_38' title="bbox 163 2456 1603 2504; baseline -0.005 -9"><span class='ocrx_word' id='word_1_339' title='bbox 163 2461 258 2495; x_wconf 90' lang='lat' dir='ltr'><strong>intra</strong></span> <span class='ocrx_word' id='word_1_340' title='bbox 297 2461 421 2494; x_wconf 87' lang='lat' dir='ltr'><strong>castra</strong></span> <span class='ocrx_word' id='word_1_341' title='bbox 466 2458 691 2503; x_wconf 85' lang='lat' dir='ltr'><strong>agebantur,</strong></span> <span class='ocrx_word' id='word_1_342' title='bbox 730 2457 904 2492; x_wconf 83' lang='lat' dir='ltr'><strong>stationes</strong></span> <span class='ocrx_word' id='word_1_343' title='bbox 939 2456 1099 2492; x_wconf 88' lang='lat' dir='ltr'><strong>interdiu</strong></span> <span class='ocrx_word' id='word_1_344' title='bbox 1135 2468 1204 2504; x_wconf 86' lang='lat' dir='ltr'><strong>pro</strong></span> <span class='ocrx_word' id='word_1_345' title='bbox 1242 2456 1359 2503; x_wconf 87' lang='lat' dir='ltr'><strong>portis</strong></span> <span class='ocrx_word' id='word_1_346' title='bbox 1397 2459 1603 2491; x_wconf 83' lang='lat' dir='ltr'><strong>castrorum</strong></span> 
     </span>
     <span class='ocr_line' id='line_1_39' title="bbox 162 2510 1602 2561; baseline -0.006 -9"><span class='ocrx_word' id='word_1_347' title='bbox 162 2519 267 2552; x_wconf 90' lang='lat' dir='ltr'><strong>erant</strong></span> <span class='ocrx_word' id='word_1_348' title='bbox 280 2526 290 2560; x_wconf 93' lang='lat'>;</span> <span class='ocrx_word' id='word_1_349' title='bbox 313 2515 362 2551; x_wconf 84' lang='lat' dir='ltr'><strong>ct&#39;.</strong></span> <span class='ocrx_word' id='word_1_350' title='bbox 383 2514 443 2550; x_wconf 90' lang='lat' dir='ltr'><strong>Fr.</strong></span> <span class='ocrx_word' id='word_1_351' title='bbox 466 2514 517 2560; x_wconf 86' lang='lat' dir='ltr'><strong>H,</strong></span> <span class='ocrx_word' id='word_1_352' title='bbox 535 2515 595 2551; x_wconf 82' lang='lat'><strong>63.</strong></span> <span class='ocrx_word' id='word_1_353' title='bbox 621 2533 672 2540; x_wconf 85' lang='lat'><em>-</em></span> <span class='ocrx_word' id='word_1_354' title='bbox 694 2510 825 2547; x_wconf 78' lang='lat' dir='ltr'><strong>Mania</strong></span> <span class='ocrx_word' id='word_1_355' title='bbox 846 2514 999 2559; x_wconf 77' lang='lat' dir='ltr'><strong>eoesequi</strong></span> <span class='ocrx_word' id='word_1_356' title='bbox 1023 2513 1270 2561; x_wconf 81' lang='lat' dir='ltr'><strong>Kreyssigius</strong></span> <span class='ocrx_word' id='word_1_357' title='bbox 1301 2515 1408 2548; x_wconf 83' lang='lat' dir='ltr'><strong>acute</strong></span> <span class='ocrx_word' id='word_1_358' title='bbox 1435 2510 1531 2546; x_wconf 86' lang='lat' dir='ltr'><strong>eruit</strong></span> <span class='ocrx_word' id='word_1_359' title='bbox 1556 2520 1602 2544; x_wconf 86' lang='lat' dir='ltr'><strong>ex</strong></span> 
     </span>
     <span class='ocr_line' id='line_1_40' title="bbox 161 2565 1603 2616; baseline -0.006 -8"><span class='ocrx_word' id='word_1_360' title='bbox 161 2572 356 2609; x_wconf 88' lang='lat' dir='ltr'><strong>lacunosis</strong></span> <span class='ocrx_word' id='word_1_361' title='bbox 389 2570 476 2607; x_wconf 91' lang='lat' dir='ltr'><strong>cod.</strong></span> <span class='ocrx_word' id='word_1_362' title='bbox 504 2569 590 2605; x_wconf 88' lang='lat' dir='ltr'><strong>Vat.</strong></span> <span class='ocrx_word' id='word_1_363' title='bbox 619 2568 774 2604; x_wconf 89' lang='lat' dir='ltr'><strong>vocibus</strong></span> <span class='ocrx_word' id='word_1_364' title='bbox 810 2568 966 2604; x_wconf 81' lang='lat' dir='ltr'><strong>MUNIA</strong></span> <span class='ocrx_word' id='word_1_365' title='bbox 997 2570 1027 2605; x_wconf 91' lang='lat' dir='ltr'>E</span> <span class='ocrx_word' id='word_1_366' title='bbox 1037 2595 1157 2615; x_wconf 88' lang='lat'><strong>......</strong></span> <span class='ocrx_word' id='word_1_367' title='bbox 1186 2579 1378 2616; x_wconf 81' lang='lat' dir='ltr'><strong>quumex</strong></span> <span class='ocrx_word' id='word_1_368' title='bbox 1411 2565 1603 2602; x_wconf 88' lang='lat' dir='ltr'><strong>Niebuhrii</strong></span> 
     </span>
     <span class='ocr_line' id='line_1_41' title="bbox 163 2621 1602 2676; baseline -0.006 -11"><span class='ocrx_word' id='word_1_369' title='bbox 163 2627 384 2676; x_wconf 80' lang='lat' dir='ltr'><strong>apographo</strong></span> <span class='ocrx_word' id='word_1_370' title='bbox 398 2626 554 2663; x_wconf 89' lang='lat' dir='ltr'><strong>MUNIA</strong></span> <span class='ocrx_word' id='word_1_371' title='bbox 574 2625 651 2668; x_wconf 88' lang='lat' dir='ltr'><strong>EA,</strong></span> <span class='ocrx_word' id='word_1_372' title='bbox 675 2629 711 2660; x_wconf 89' lang='lat' dir='ltr'><strong>et</strong></span> <span class='ocrx_word' id='word_1_373' title='bbox 734 2635 780 2661; x_wconf 85' lang='lat' dir='ltr'><strong>ex</strong></span> <span class='ocrx_word' id='word_1_374' title='bbox 802 2624 1149 2661; x_wconf 79' lang='lat' dir='ltr'><strong>Bimardilectione</strong></span> <span class='ocrx_word' id='word_1_375' title='bbox 1165 2625 1321 2662; x_wconf 91' lang='lat' dir='ltr'><strong>MUNIA</strong></span> <span class='ocrx_word' id='word_1_376' title='bbox 1338 2623 1396 2660; x_wconf 91' lang='lat' dir='ltr'><strong>ES</strong></span> <span class='ocrx_word' id='word_1_377' title='bbox 1419 2621 1602 2658; x_wconf 84' lang='lat' dir='ltr'><strong>coniecis-</strong></span> 
     </span>
     <span class='ocr_line' id='line_1_42' title="bbox 163 2679 1600 2728; baseline -0.005 -7"><span class='ocrx_word' id='word_1_378' title='bbox 163 2690 220 2722; x_wconf 87' lang='lat' dir='ltr'><strong>set</strong></span> <span class='ocrx_word' id='word_1_379' title='bbox 239 2688 449 2720; x_wconf 83' lang='lat' dir='ltr'><strong>extremam</strong></span> <span class='ocrx_word' id='word_1_380' title='bbox 475 2683 652 2728; x_wconf 86' lang='lat' dir='ltr'><strong>litteram,</strong></span> <span class='ocrx_word' id='word_1_381' title='bbox 686 2691 781 2728; x_wconf 88' lang='lat' dir='ltr'><strong>quae</strong></span> <span class='ocrx_word' id='word_1_382' title='bbox 809 2681 846 2716; x_wconf 91' lang='lat' dir='ltr'><strong>in</strong></span> <span class='ocrx_word' id='word_1_383' title='bbox 876 2681 962 2716; x_wconf 90' lang='lat' dir='ltr'><strong>Maii</strong></span> <span class='ocrx_word' id='word_1_384' title='bbox 996 2681 1158 2717; x_wconf 85' lang='lat' dir='ltr'><strong>editione</strong></span> <span class='ocrx_word' id='word_1_385' title='bbox 1184 2682 1295 2728; x_wconf 85' lang='lat' dir='ltr'><strong>plane</strong></span> <span class='ocrx_word' id='word_1_386' title='bbox 1324 2679 1450 2724; x_wconf 84' lang='lat' dir='ltr'><strong>deest,</strong></span> <span class='ocrx_word' id='word_1_387' title='bbox 1479 2689 1600 2724; x_wconf 83' lang='lat' dir='ltr'><strong>neque</strong></span> 
     </span>
     <span class='ocr_line' id='line_1_43' title="bbox 162 2733 1601 2789; baseline -0.006 -10"><span class='ocrx_word' id='word_1_388' title='bbox 162 2743 196 2779; x_wconf 92' lang='lat' dir='ltr'><strong>A</strong></span> <span class='ocrx_word' id='word_1_389' title='bbox 216 2751 338 2789; x_wconf 89' lang='lat' dir='ltr'><strong>neque</strong></span> <span class='ocrx_word' id='word_1_390' title='bbox 362 2739 410 2785; x_wconf 88' lang='lat' dir='ltr'><strong>S,</strong></span> <span class='ocrx_word' id='word_1_391' title='bbox 435 2739 503 2775; x_wconf 84' lang='lat' dir='ltr'><strong>sed</strong></span> <span class='ocrx_word' id='word_1_392' title='bbox 531 2737 722 2775; x_wconf 90' lang='lat' dir='ltr'><strong>residuam</strong></span> <span class='ocrx_word' id='word_1_393' title='bbox 748 2737 967 2784; x_wconf 87' lang='lat' dir='ltr'><strong>particulam</strong></span> <span class='ocrx_word' id='word_1_394' title='bbox 989 2737 1024 2773; x_wconf 91' lang='lat' dir='ltr'>X</span> <span class='ocrx_word' id='word_1_395' title='bbox 1052 2738 1195 2774; x_wconf 86' lang='lat' dir='ltr'><strong>litterae</strong></span> <span class='ocrx_word' id='word_1_396' title='bbox 1223 2747 1323 2773; x_wconf 86' lang='lat' dir='ltr'><strong>esse.</strong></span> <span class='ocrx_word' id='word_1_397' title='bbox 1379 2733 1509 2772; x_wconf 86' lang='lat' dir='ltr'><strong>Munia</strong></span> <span class='ocrx_word' id='word_1_398' title='bbox 1538 2734 1601 2771; x_wconf 91' lang='lat' dir='ltr'><strong>hic</strong></span> 
     </span>
    </p>
   </div>
  </div>
 </body>
</html>
