1774 3002
497 164 827 204 HISTORIARUM
853 163 1166 203 FRAGMENTA.
1224 165 1313 201 LIB.
1341 165 1403 201 IV.
1573 159 1659 202 355

356 293 427 336 66.
481 288 801 352 Infrequentem
827 288 1059 336 stationem
1083 291 1279 335 nostram
1308 289 1658 350 incuriosamque

222 375 310 419 tam
341 372 397 418 ab
431 371 576 419 armis.

355 458 426 503 67.
482 454 567 512 Qui
585 454 788 516 proxumi
815 454 914 501 loca
942 452 1134 499 hostium
1157 456 1294 500 erant.

356 543 426 585 68.
480 538 648 585 Stolide
684 542 829 584 castra
858 551 1149 598 suggressus.

356 626 425 667 69.
485 621 567 676 Qui
594 624 822 681 praetores
852 619 1019 666 facibus
1049 619 1131 665 sibi
1160 619 1466 680 praelucentes
1499 620 1658 666 ambu-

223 706 332 749 stas‘
351 703 395 749 in
424 704 549 750 tectis
582 704 677 750 sine
712 719 818 750 cura
846 703 1122 764 reliquerant.

220 839 443 877 (lemannus.
501 840 555 876 De
597 841 800 877 munitione
838 841 994 877 alicuius
1030 839 1132 876 urbis
1166 840 1226 876 vel
1256 839 1398 876 castelli
1432 838 1528 875 haec
1559 839 1658 877 dicta

225 895 412 932 videntur.
1708 890 1712 898 ’

329 953 390 989 Fr.
407 955 469 992 66.
509 952 638 998 [Deest
664 951 766 1000 apud
800 951 911 998 Cort.,
941 953 1041 989 Gerl.
1068 951 1130 988 ed.
1157 952 1245 988 mai.
1274 955 1309 987 et
1339 951 1448 988 Debr.
1474 972 1531 978 ——
1557 953 1656 990 Gerl.

219 1008 282 1045 ed.
314 1009 404 1046 min.
431 1009 495 1054 IV,
524 1013 584 1048 25.
613 1021 649 1056 p.
675 1011 766 1054 227,
794 1007 869 1057 20.]
916 1010 1038 1045 Locus
1066 1019 1198 1046 recens
1220 1009 1383 1045 accessit
1402 1020 1452 1045 ex
1478 1009 1655 1046 Arusiani

218 1064 304 1102 cod.
325 1065 420 1102 Gud.
445 1076 483 1101 v.
507 1067 742 1110 incur-imum,
763 1077 800 1112 p.
819 1069 902 1104 242.
922 1066 1091 1102 Lindem.
1131 1064 1245 1102 Statio
1267 1067 1454 1102 meur-iasa
1473 1066 1521 1102 ab
1540 1070 1658 1103 armis

218 1120 407 1169 significat
425 1122 560 1158 milites
583 1123 621 1158 in
645 1122 802 1158 statione
821 1122 979 1169 positos,
1001 1131 1118 1169 neque
1136 1133 1244 1158 arma
1266 1123 1305 1158 in
1321 1127 1499 1171 promptu
1518 1122 1655 1160 haben—

217 1181 280 1214 tes.
309 1177 425 1215 Cuius
445 1178 500 1214 rei
519 1178 761 1215 illustrandae
782 1189 920 1216 caussa
939 1179 1081 1217 iuvabit
1101 1179 1283 1223 conferre,
1305 1189 1402 1225 quae
1419 1179 1466 1215 de
1482 1179 1593 1216 simili
1614 1191 1655 1216 re

217 1235 388 1283 leguntur
409 1235 511 1282 apud
531 1234 639 1272 Caes.
659 1235 707 1271 de
727 1235 772 1271 B.
792 1234 832 1276 C,
854 1235 899 1280 ΙΙ,
919 1238 976 1281 14,
1000 1240 1034 1274 1.
1074 1235 1228 1281 Hostes,
1248 1236 1384 1271 nostris
1403 1236 1656 1283 lanyuentibus

216 1294 325 1338 atque
341 1292 463 1328 anbno
479 1293 661 1336 remissis,
682 1303 792 1339 quum
812 1293 907 1328 alius
928 1293 1168 1335 discessisset,
1193 1293 1288 1327 alius
1306 1301 1358 1328 ea:
1376 1292 1512 1328 decano
1530 1293 1656 1330 labore

215 1348 255 1382 in
274 1348 366 1394 ipsis
385 1348 557 1394 operibus
574 1349 684 1395 quieti
699 1358 739 1384 se
757 1348 935 1392 dedisset,
966 1359 1099 1384 arma
1126 1357 1234 1384 vero
1256 1349 1408 1383 omnia
1437 1351 1654 1396 reposita

217 1407 525 1450 contectaque
550 1407 728 1448 essent,
754 1406 875 1451 portis
893 1414 934 1441 se
950 1404 1060 1451 foras
1078 1407 1286 1452 erumpunt.

327 1459 388 1495 Fr.
411 1462 472 1499 67.
514 1457 645 1510 [Deest
671 1460 771 1507 apud
800 1460 908 1503 Cori„
938 1460 1037 1497 Gerl.
1067 1460 1128 1497 ed.
1157 1461 1243 1496 mai.
1271 1464 1309 1495 et
1335 1460 1447 1496 Debr.
1467 1480 1524 1487 —
1553 1460 1654 1497 Gerl.

217 1514 280 1551 ed.
299 1515 389 1552 min.
408 1515 471 1561 IV,
492 1518 550 1555 ¹15.
570 1528 608 1564 p.
628 1520 710 1561 230,
734 1514 809 1565 10.]
854 1517 973 1553 Huius
993 1528 1142 1564 quoque
1171 1518 1243 1553 loci
1263 1517 1349 1553 fons
1370 1520 1429 1553 est
1447 1517 1533 1553 cod.
1555 1517 1653 1554 Gud.

218 1572 394 1608 Arusiani
421 1583 459 1608 v.
478 1575 699 1620 proximus,
723 1585 763 1620 p.
790 1577 871 1612 252.
901 1574 1070 1610 Lindem.
1099 1573 1263 1621 Propior
1291 1577 1328 1610 et
1346 1575 1549 1621 promenus
1567 1585 1652 1610 cum

216 1629 433 1666 accusativo
459 1629 595 1676 legitur
622 1630 735 1666 etiam
759 1629 862 1666 Catil.
884 1629 957 1675 XI,
981 1635 1014 1668 1.
1055 1628 1162 1674 Quod
1185 1631 1305 1666 tn'tium
1323 1631 1528 1679 propius
1555 1632 1651 1667 vir-

216 1688 355 1721 tutem
373 1689 466 1721 erat.
510 1686 591 1733 Iug.
610 1685 737 1731 XLIX,
762 1690 796 1724 1.
834 1686 1144 1734 Ipsepropior
1163 1691 1357 1723 montem
1379 1696 1466 1723 suos
1487 1687 1653 1723 collocat.

218 1740 308 1777 ibid.
344 1744 380 1784 s.
411 1744 448 1780 6.
504 1741 554 1778 In
582 1742 734 1780 dextero
766 1743 899 1789 latere,
933 1743 1033 1790 quod
1055 1754 1345 1790 proxumum
1371 1743 1528 1779 hostis
1559 1749 1653 1791 erat,

216 1798 332 1846 amem
351 1798 541 1834 bismait.

328 1853 388 1889 Fr.
410 1856 468 1892 68.
506 1852 638 1902 [Deest
663 1854 766 1902 apud
794 1854 891 1891 cort.
906 1884 916 1899 ‚
946 1855 1045 1891 Gerl.
1068 1855 1129 1892 ed.
1155 1857 1243 1892 mai.
1271 1860 1307 1891 et
1327 1856 1439 1892 Debr.
1469 1876 1525 1883 -—-
1550 1857 1650 1894 Gerl.

218 1908 280 1944 ed.
300 1909 390 1944 min.
408 1909 471 1952 IV,
493 1911 552 1947 77.
569 1922 607 1957 p.
627 1914 712 1958 280,
734 1907 807 1958 13.]
851 1911 1000 1958 Fragm.
1028 1915 1153 1948 exstat
1180 1913 1218 1947 in
1244 1912 1330 1948 cod.
1358 1912 1454 1949 Gud.
1473 1914 1650 1950 Arusiani

219 1975 259 2001 v.
277 1965 503 2012 suqyredior,
522 1976 561 2012 p.
583 1969 666 2004 262.
688 1966 855 2003 Lindem.
890 1967 1054 2003 Verbum
1074 1968 1146 2003 hoc
1161 1968 1289 2005 Tacito
1311 1970 1522 2016 frequenter
1541 1981 1648 2006 usur-

218 2024 347 2068 patum
371 2021 440 2066 (cf.
467 2021 691 2058 Boetticheri
717 2023 807 2059 Lex.
837 2022 955 2059 Tacit.
982 2023 1023 2060 h.
1043 2035 1080 2060 v.
1104 2036 1145 2072 p.
1165 2027 1267 2071 447.)
1288 2024 1488 2062 Sallustius
1507 2026 1651 2073 primus

219 2076 436 2113 adhibuisse
455 2077 616 2114 videtur.

330 2132 393 2168 Fr.
417 2135 477 2172 69.
515 2132 644 2182 [Deest
671 2135 772 2182 apud
804 2134 914 2180 Gort.‚
945 2135 1045 2172 Gerl.
1073 2136 1135 2172 ed.
1164 2137 1251 2173 mai.
1279 2142 1316 2174 et
1342 2138 1454 2175 Debr.
1480 2158 1525 2165 —
1550 2139 1649 2176 Gerl.

219 2188 280 2225 ed.
307 2189 396 2225 min.
417 2189 481 2233 IV,
502 2191 559 2228 76.
578 2201 619 2237 p.
638 2194 720 2237 230,
740 2193 815 2237 11.]
855 2192 957 2228 Haec
988 2194 1103 2229 verba
1132 2193 1273 2241 pariter
1302 2199 1341 2231 ut
1369 2196 1567 2242 superiora
1587 2207 1650 2232 ex-

218 2248 316 2281 stant
341 2245 381 2281 in
405 2244 492 2284 cod.
522 2245 618 2282 Gud.
646 2247 845 2293 Arusiani,
876 2261 914 2286 v.
940 2250 1159 2296 praeluceo,
1179 2260 1219 2297 p.
1235 2253 1318 2289 256.
1339 2251 1448 2288 Lind.
1505 2252 1649 2290 Sensus

218 2300 331 2339 valde
353 2302 535 2338 obscurus
559 2307 628 2350 est,
649 2308 686 2340 et
705 2306 772 2341 vix
790 2304 994 2342 eruendus.
1034 2305 1093 2342 Ex
1114 2307 1293 2344 orationis
1314 2311 1438 2344 tamen
1458 2309 1577 2345 forma
1597 2310 1651 2345 in-

219 2356 392 2404 telligitur
416 2357 487 2393 sibi
510 2359 641 2396 reterri
667 2360 717 2397 ad
747 2361 1007 2408 praecedentis
1035 2363 1308 2400 enunciationis
1335 2364 1537 2411 primariae
1565 2367 1652 2402 sub·

218 2413 353 2449 iectum
365 2442 375 2458 ,
404 2413 505 2460 quod
524 2415 596 2452 viri
617 2416 774 2454 alicuius
790 2418 942 2455 nomine
961 2420 1140 2464 constitit,
1161 2422 1225 2467 qui
1234 2424 1434 2468 praetores
1452 2433 1543 2458 vero
1563 2433 1650 2469 per-

217 2470 335 2505 tinere
365 2469 415 2505 ad
441 2470 522 2506 eius
551 2474 823 2510 enunciationis
853 2475 1048 2512 obiectum.
1090 2475 1292 2513 Praetores
1321 2481 1444 2513 autem
1473 2489 1549 2514 non
1569 2489 1644 2514 ma-

219 2525 396 2573 gistratus
431 2526 661 2575 significant,
695 2530 765 2566 sed
798 2531 986 2578 primitiva
1018 2532 1192 2569 vocabuli
1228 2537 1412 2579 potestate
1447 2538 1553 2579 sunt,
1588 2536 1653 2582 qui

211 2582 445 2628 praecedunt
462 2583 621 2630 aliquem
635 2584 716 2621 sive
741 2592 928 2634 praeeunt
948 2588 1055 2635 quasi
1076 2589 1288 2636 praetores
1313 2588 1416 2626 dicti.
1474 2590 1551 2627 Eos
1572 2601 1649 2627 ser-

218 2648 288 2675 vos
312 2639 429 2675 ruisse
446 2638 484 2674 in
497 2644 678 2688 promptu
697 2647 764 2679 est.
820 2643 891 2688 Qui
911 2655 1025 2691 quum
1045 2645 1200 2681 abiectis
1218 2645 1256 2680 in
1276 2646 1382 2682 tectis
1406 2646 1550 2684 facibus
1573 2657 1650 2682 am-

218 2695 337 2734 bustis
364 2696 499 2743 supina
526 2697 753 2744 negligentia
772 2700 935 2737 incendii
955 2701 1162 2747 periculum
1192 2702 1506 2749 commovissent,
1530 2714 1648 2749 eaque

222 2760 284 2787 res
306 2752 507 2799 singularis
528 2753 684 2790 alicuius
716 2755 822 2801 facti,
851 2757 951 2803 quod
974 2757 1173 2794 Sallustius
1194 2760 1560 2796 commemorandum
1582 2758 1650 2795 du-

1280 2820 1372 2862 23*
