1774 3002
481 117 812 193 ms'ronmmu
844 150 1158 190 FRAGMENTA.
1216 151 1305 187 ι.ιΒ.
1332 151 1392 186 ιιι.
1560 137 1647 189 237

342 283 443 326 57.
469 278 673 324 Germani
707 277 914 323 intectum
939 275 1178 322 renonibus
1207 287 1370 333 corpus
1398 276 1568 334 tegunt.

209 393 292 430 Τοῦ
304 388 376 458 μὲν
393 384 491 443 πρὸς
509 387 656 454 βαρέην
669 387 929 439 τετανυσμὲνα
946 389 1054 438 φῦλα
1075 385 1264 451 νέμονται
1274 378 1410 424 Πολλὰ
1425 380 1514 435 μάλ’
1529 382 1649 449 ἑξείης

208 442 443 494 Μαιώτιδος
465 444 503 493 ἐς
526 456 649 495 ονομα
673 445 827 496 λίμνης·
850 441 1096 496 Γερμανοὶ
1119 437 1349 493 Σαμᾶι-αι
1367 455 1417 480 τε
1436 439 1585 479 Γέται
1603 433 1646 478 θ’

207 499 304 554 αμα
323 497 612 555 Βαστέρναι
630 514 698 548 τε;
720 514 778 539 ac.
799 515 838 539 v.
859 504 1051 550 Forbiger.
1063 502 1199 548 Geogr.
1221 501 1333 548 antiq.
1346 501 1432 536 Vol.
1444 500 1508 535 111.
1516 511 1554 546 Ρ.
1564 503 1647 538 315.

208 567 244 597 et
263 561 396 609 Paulyi
414 561 629 607 Encyclop.
640 560 746 595 Real.
767 559 853 595 Vol.
874 559 933 603 111,
963 571 1003 606 p.
1018 561 1098 598 776.
1131 557 1255 602 Quare
1274 557 1407 592 mirum
1428 556 1550 592 videri
1574 566 1648 591 non

204 622 355 665 potest,
371 617 472 664 quod
493 616 692 666 Sallustius
715 615 886 652 Curionis
906 614 1209 662 expeditionibus
1240 614 1278 649 in
1297 613 1367 649 has
1389 613 1562 660 regiones
1584 612 1649 648 de-

208 673 372 711 taus-de
399 674 472 709 illis
498 674 673 720 gentibus
694 672 892 716 disseruit,
927 672 1026 708 victu
1045 672 1219 717 cultuque
1241 681 1263 705 a
1296 670 1507 716 politiorum
1530 679 1648 716 popu—

208 731 331 767 lorum
348 729 621 766 consuetudine
650 732 846 775 tantopere
866 728 1165 764 abhorrentibus.
1203 744 1261 751 —
1298 726 1438 773 Tequnt
1455 726 1505 762 ad
1524 727 1643 762 inle—

207 791 329 827 ctum
349 785 676 833 ‘corpusreIatum
705 784 801 820 adeo
831 785 926 820 male
954 784 1082 820 habuit
1112 783 1305 826 Celerum,
1336 787 1375 818 ut
1410 782 1648 818 scribendum

208 847 381 879 censeret
410 842 585 879 Germani
608 842 793 876 iniecti.-
822 840 891 876 sed
920 841 1086 887 vulgaris
1108 840 1216 875 lectio
1238 839 1445 875 rectissime
1470 842 1545 883 est,
1575 848 1650 885 qua

208 898 279 935 hoc
298 897 550 946 significatur:
573 897 747 933 Germani
767 898 868 933 circa
885 897 1022 932 nudum
1051 905 1169 943 neque
1185 897 1267 932 aliis
1285 896 1499 931 vestimentis
1520 898 1650 931 tecm

207 961 345 1002 eorpus
363 964 524 991 renones
548 957 703 1000 gerunt,
744 954 827 990 sive
847 954 1177 995 subter-renones,
1209 953 1343 999 quibus
1365 951 1457 987 solis
1487 955 1648 995 utuntur,

208 1011 301 1047 nihil
322 1014 516 1058 praeterea
535 1010 749 1047 'vestimenti
765 1009 915 1045 habent.
946 1007 1167 1045 Gerlachius
1186 1009 1273 1043 Vol.
1289 1007 1349 1043 111.
1365 1019 1403 1054 p.
1428 1011 1510 1046 123.
1527 1008 1650 1043 locum

209 1067 298 1103 dicit
316 1067 387 1103 sibi
404 1067 578 1102 vitiosum
598 1065 732 1109 videri,
756 1066 928 1112 aliusque
947 1065 1157 1101 vestimenti
1178 1075 1313 1100 nomen
1329 1063 1534 1100 excidisse.
1570 1063 1651 1100 Sci—

208 1124 294 1159 licet
325 1123 516 1159 coniunxit
544 1123 714 1158 intectum
745 1122 958 1167 renonibus,
989 1132 1062 1157 non
1089 1124 1286 1157 assecutus
1315 1121 1512 1157 renonibus
1539 1117 1652 1167 perti-

208 1189 298 1214 nere
318 1179 369 1215 ad
389 1182 530 1226 tequam,
560 1178 606 1214 de
628 1189 702 1224 qua
727 1179 928 1215 verborum
951 1177 1162 1214 collocandi
1182 1178 1325 1213 ratione
1356 1188 1394 1212 v.
1417 1188 1513 1224 quae
1535 1188 1652 1213 anno-

209 1235 368 1271 tavimus
398 1235 447 1271 ad
469 1234 548 1271 Cat.
566 1234 698 1278 xxlx,
719 1237 754 1272 3.
774 1245 813 1281 p.
839 1237 919 1272 135.
978 1235 1032 1270 De
1054 1234 1256 1270 renonibus
1281 1235 1375 1280 ipsis
1393 1233 1560 1270 isidorus
1581 1233 1647 1269 1.1.

209 1291 304 1327 haec
325 1290 492 1336 habetz,
497 1291 682 1335 ,Renones
701 1295 787 1327 sunt
813 1291 1002 1327 velamina
1026 1290 1265 1327 humerorum
1289 1295 1325 1326 et
1343 1291 1507 1336 pectoris
1530 1301 1649 1336 usque

210 1346 259 1382 ad
278 1347 504 1391 umbilicum,
526 1350 636 1393 atque
653 1347 797 1383 intortis
812 1347 913 1382 villis
930 1346 1025 1382 adeo
1041 1346 1203 1393 hispida,
1222 1350 1259 1382 ut
1276 1347 1414 1383 imbres
1428 1347 1648 1393 respuant.‘

211 1402 373 1439 Renonis
395 1407 517 1438 autem
536 1403 774 1446 vocabulum,
794 1403 967 1450 quamvis
970 1403 1144 1453 gallicae
1159 1407 1261 1438 esset
1274 1403 1431 1449 originis
1451 1404 1508 1447 (v.
1527 1403 1648 1438 Varro

212 1458 316 1494 deL.
338 1459 378 1493 L.
406 1459 452 1502 V,
474 1461 531 1503 35,
554 1461 634 1497 167-
656 1469 695 1504 Ρ.
715 1461 774 1497 65.
806 1458 866 1495 ed.
883 1450 1070 1508 Mulier),
1101 1458 1149 1494 de
1181 1459 1242 1494 tali
1272 1459 1484 1496 vestimenti
1507 1469 1648 1506 genere
1720 1500 1725 1503 ¹

211 1514 311 1550 haud
333 1515 545 1550 inusitatum
567 1514 746 1550 Romanis
765 1515 893 1559 ruisse,
910 1516 979 1559 (cf.
1002 1514 1215 1551 Doederlin.
1234 1513 1447 1562 synonym.
1470 1516 1548 1551 Lat.
1561 1516 1648 1551 Vol.

210 1571 257 1605 V.
279 1581 318 1617 p.
337 1572 428 1614 aL),
452 1573 552 1617 patet
572 1581 620 1606 ex
640 1569 803 1606 Caesare
823 1570 870 1606 de
892 1571 936 1606 B.
960 1571 1002 1608 G.
1031 1572 1096 1615 VI,
1115 1574 1173 1615 21,
1192 1576 1227 1609 5.
1252 1571 1650 1618 Germanipellibus

210 1630 275 1662 aut
296 1628 430 1673 parvis
453 1636 678 1662 renonum
706 1628 971 1673 teyimentis
993 1631 1163 1672 utuntur,
1192 1638 1328 1675 mayna
1354 1629 1650 1675 corpor-ispum

207 1682 322 1718 nuda.
379 1681 473 1718 Nam
493 1689 612 1729 'quum
637 1681 779 1718 Caesar
805 1683 1010 1730 distinguat
1031 1684 1125 1719 inter
1142 1685 1279 1731 pelles,
1310 1685 1333 1719 i.
1354 1695 1389 1719 e.
1411 1682 1519 1720 rudia
1541 1686 1648 1720 coria

211 1738 262 1774 de
287 1739 508 1785 corporibus
528 1738 695 1774 detracta
713 1749 834 1785 neque
866 1740 941 1775 ullo
961 1739 1074 1775 modo
1105 1740 1154 1775 ad
1183 1752 1293 1776 usum
1313 1741 1506 1786 fabricata,
1534 1745 1570 1776 et
1589 1751 1649 1776 re-

209 1789 341 1839 nones,
364 1796 387 1830 i.
410 1805 445 1830 e.
468 1795 566 1831 sacta
594 1805 641 1830 ex
660 1795 819 1841 pellibus
843 1797 1007 1842 agrestia
1034 1797 1270 1840 vestimenta,
1293 1808 1368 1832 non
1392 1797 1576 1843 potuisset
1598 1797 1648 1831 ita

211 1850 351 1894 dicere,
373 1850 446 1886 nisi
465 1852 623 1886 lectores
644 1850 810 1887 confisus
829 1855 930 1887 esset
951 1852 1069 1895 scire,
1083 1852 1180 1898 ‘quid
1208 1857 1334 1888 essent
1366 1863 1541 1889 renones.
1581 1852 1648 1888 Ce—

212 1910 328 1941 terum
348 1906 449 1952 apud
469 1906 680 1949 Caesarem,
706 1906 744 1941 id
765 1907 868 1952 quod>
889 1908 1108 1953 interpretes
1128 1919 1203 1943 non
1225 1908 1387 1944 assecuti
1409 1913 1506 1953 sunt,
1520 1920 1646 1955 parva

211 1971 432 1997 renonum
464 1963 718 2008 teyimenta
754 1966 839 1997 sunt
867 1964 1092 2009 tegimenta,
1125 1973 1221 2010 quae
1244 1964 1441 2000 renonibus
1467 1969 1645 2008 constant,

212 2017 375 2063 genitivo
402 2018 479 2052 vim
501 2017 759 2063 appositionis,
781 2028 854 2063 qua
872 2019 1023 2054 alterius
1041 2020 1262 2055 substantivi
1279 2024 1411 2056 natura
1424 2025 1461 2056 et
1481 2025 1647 2067 potestas

213 2073 429 2119 explicetur,
449 2074 661 2116 obtinente3
691 2074 739 2108 cf.
763 2072 873 2110 Caes.
887 2074 931 2109 B.
951 2073 991 2110 C.
1013 2068 1040 2119 l,
1058 2077 1117 2119 42,
1144 2078 1180 2113 3.
1241 2076 1382 2113 Caesar
1406 2078 1569 2124 confisus
1594 2081 1649 2114 esi

206 2129 407 2179 praesidio
416 2129 592 2175 leffionum
620 2133 656 2164 et
683 2131 939 2166 munitione
964 2131 1147 2178 fossae,
1178 2132 1202 2167 i.
1232 2143 1265 2168 e.
1295 2133 1518 2178 munitione,
1547 2142 1647 2181 quae

214 2185 316 2220 fossa
343 2185 548 2221 constabat.
572 2184 687 2220 —ld.
707 2185 806 2220 ibid.
819 2185 878 2230 111,
901 2189 968 2230 83,
994 2189 1032 2224 4.
1059 2187 1275 2234 Pompeiani
1299 2199 1423 2225 omnes
1446 2190 1493 2226 de
1507 2200 1648 2242 prae·-

213 2237 318 2275 miis
337 2241 578 2286 pecuniae
594 2241 759 2287 (mebant,
786 2242 814 2277 i.
839 2253 874 2277 e.
895 2243 942 2279 de
957 2243 1135 2289 praemiis
1158 2254 1254 2291 quae
1273 2246 1434 2291 pecunia
1455 2247 1646 2282 darentur.

213 2295 328 2330 Tacit.
349 2296 453 2331 Αιιιι.
473 2295 560 2340 Xll,
581 2299 649 2340 31,
669 2300 706 2334 4.
762 2296 855 2334 Dua·
881 2309 1058 2335 romanus
1089 2301 1169 2336 sine
1205 2301 1379 2338 robore
1415 2303 1647 2349 leqionum

212 2352 365 2387 sociales
383 2361 519 2398 copus
530 2352 693 2398 ducebat,
721 2353 744 2389 i.
766 2364 801 2388 e.
823 2355 903 2390 sine
923 2357 1058 2391 robore
1079 2358 1286 2402 exercitus,
1315 2358 1416 2404 quod
1436 2359 1647 2405 legionibus

214 2407 482 2443 continebatur.
539 2407 649 2443 Plura
669 2408 716 2444 de
734 2409 807 2446 hoc
827 2411 980 2457 genitivi
1002 2423 1074 2448 usu
1096 2425 1131 2447 v.
1159 2414 1259 2459 apud
1291 2414 1332 2449 Bi
1336 2414 1459 2450 llroth.
1483 2414 1645 2450 Gramm.

213 2463 293 2499 Lat.
314 2466 349 2506 s.
368 2465 445 2501 181.
468 2467 545 2499 not.
574 2466 610 2501 3.
636 2474 676 2510 Ρ.
698 2467 846 2513 229sq.
865 2466 927 2502 ed.
947 2468 1005 2503 111.
1036 2472 1071 2502 et
1102 2468 1138 2504 in
1166 2469 1349 2516 Rumpelii
1374 2471 1529 2518 egregio
1553 2470 1645 2507 libro

214 2519 262 2554 de
280 2518 437 2555 Casibus
455 2529 492 2565 p.
510 2521 580 2557 222
594 2530 650 2566 sq.
670 2539 728 2546 —-

323 2575 383 2610 Fr.
406 2577 464 2612 58.
501 2574 630 2620 [Deest
650 2585 712 2622 ap.
737 2576 833 2612 Cort.
856 2598 913 2603 —
947 2579 1045 2617 Gerl.
1064 2579 1126 2615 ed.
1148 2581 1233 2616 mai.
1256 2582 1332 2617 Inc.
1359 2584 1437 2620 181.
1473 2582 1534 2618 cd.
1555 2584 1644 2618 min.

211 2630 272 2673 ΙΙΙ,
289 2633 348 2668 30.
375 2633 414 2676 1).
438 2632 519 2675 217,
542 2633 597 2668 lo.
631 2630 741 2668 Debr.
765 2633 810 2677 ΙΙ,
836 2635 933 2679 153.]
981 2635 1081 2671 Ha'ee
1108 2637 1244 2679 verba,
1284 2647 1380 2683 quae
1411 2637 1567 2675 Servius
1598 2638 1645 2674 ad

212 2685 318 2734 Virg.
343 2686 479 2733 Georg.
498 2686 559 2730 111,
580 2688 663 2724 383.
695 2687 878 2725 sine'libri
900 2695 987 2726 nota
1006 2692 1141 2735 attulit,
1174 2691 1326 2728 dubium
1345 2704 1420 2729 non
1449 2700 1526 2738 est,
1556 2694 1645 2740 quin

213 2740 262 2776 ad
286 2741 446 2778 eundem
469 2741 712 2779 Historiarum
731 2743 867 2790 locum,
886 2750 996 2792 atque
1013 2746 1246 2793 praecedens
1264 2747 1540 2795 Fragmentum,
1561 2759 1645 2795 per-
