1774 3002
115 151 231 183 XXVI
511 145 731 184 EDITORIS
771 147 1004 185 EPISTOLA
1038 148 1228 187 CRITICA

114 274 247 310 tremo
285 280 394 309 anno
428 269 494 308 77.
525 271 648 320 plane
686 267 845 318 finitus,
886 282 970 311 non
1000 271 1081 311 hoc
1119 270 1222 312 libro
1254 272 1495 314 absolvitur.
1554 273 1619 314 Ni-

115 337 262 379 mirum
285 337 502 378 Sallustius
540 337 745 388 potiorem
770 342 927 379 tantum
959 339 1046 380 eius
1077 345 1260 393 partem,
1308 352 1414 391 quae
1442 340 1620 391 pertinet

114 418 248 457 usque
274 407 328 446 ad
353 405 552 457 Lepidum
582 406 694 446 Italia
726 409 967 457 expulsum,
1001 408 1130 459 primo
1161 408 1264 449 libro
1292 408 1494 457 attribuit;
1530 409 1620 449 reli-

115 486 193 515 cua
211 474 355 525 Lepidi
385 474 602 515 conamina
630 474 670 514 in
703 476 891 516 Sardinia
917 482 958 518 et
989 477 1157 518 Corsica
1186 477 1336 527 agitata
1359 477 1398 517 in
1430 479 1616 519 secundo

114 543 217 585 libro
250 542 535 595 persequitur,
568 543 684 583 cuius
719 544 920 595 plurimae
949 556 1016 586 res
1050 546 1167 587 annis
1198 546 1265 586 76.
1298 550 1339 586 et
1379 546 1446 585 75.
1474 550 1619 595 gestae

114 618 223 654 sunt.
285 612 568 653 Sertorianum
604 613 756 652 bellum
792 613 923 664 primo
962 614 1066 655 libro
1115 627 1139 654 a
1177 614 1318 666 primis
1358 613 1446 653 eius
1498 613 1621 654 initiis

115 680 333 722 deducitur
367 693 504 732 usque
538 682 591 721 ad
631 694 782 722 annum
812 684 880 723 77.
917 695 954 723 a.
987 682 1079 723 Chr.
1122 696 1186 732 n.;
1224 694 1361 734 neque
1399 687 1535 722 tamen
1578 682 1618 722 in

113 750 206 801 ipso
237 751 320 790 fine
349 749 445 789 anni
475 755 622 790 auctor
661 750 869 800 subsistit,
908 752 984 792 sed
1019 751 1234 793 iustiorem
1272 750 1496 792 narrationi
1536 762 1622 791 mo-

115 830 201 860 ram
236 817 400 869 repetiit
428 829 452 858 a
481 817 666 869 Pompeii
694 819 733 858 in
764 818 1002 870 Hispaniam
1034 819 1314 871 profectione,
1346 831 1469 869 quem
1504 830 1622 859 sena-

54 931 66 941 ,
111 893 179 929 tus
228 887 434 936 mittebat,
485 886 580 937 quia
629 888 819 927 Metellus
862 887 959 928 nihil
1001 893 1146 929 contra
1192 887 1420 929 Sertorium
1456 888 1624 928 efficere

113 962 289 1008 poterat.
351 955 571 996 Secundus
605 953 728 1005 igitur
767 955 889 1009 liber,
930 957 1160 998 destinatus
1195 956 1262 996 ille
1294 955 1458 1006 quidem
1498 956 1623 996 rebus

114 1037 151 1065 a.
189 1025 256 1065 76.
297 1029 338 1065 et
367 1024 434 1063 75.
465 1022 616 1074 gestis,
658 1029 792 1064 tamen
835 1025 874 1064 in
914 1025 1085 1066 Sertorii
1124 1027 1233 1066 bello
1270 1025 1521 1075 exponendo
1565 1024 1623 1064 in-

116 1093 214 1146 cipit
245 1094 296 1133 ab
327 1104 378 1133 eo
408 1091 503 1132 anni
534 1092 601 1131 77.
635 1096 840 1143 tempore,
872 1106 954 1144 quo
976 1093 1198 1145 Pompeius
1227 1093 1267 1133 in
1285 1092 1525 1142 Hispaniam
1554 1104 1623 1132 ve-

114 1162 172 1203 nit
197 1167 238 1203 et
275 1172 368 1203 cum
394 1161 560 1201 Metello
593 1159 839 1202 coniunctus
868 1162 967 1202 illud
987 1163 1138 1202 bellum
1168 1160 1478 1203 administravit.
1521 1161 1623 1201 Con-

114 1230 241 1271 trario
272 1230 397 1270 modo
426 1230 578 1269 bellum
594 1228 932 1280 Mithridaticum,
965 1230 1081 1272 cuius
1113 1231 1270 1272 initium
1299 1232 1340 1273 in
1371 1244 1523 1273 annum
1554 1233 1622 1273 74.

114 1298 272 1348 incidit,
316 1309 400 1338 non
439 1297 560 1338 tertio
604 1297 761 1338 narrari
791 1298 894 1339 libro
927 1304 1142 1350 coeptum,
1183 1313 1265 1351 quo
1302 1312 1371 1342 res
1403 1303 1520 1341 annis
1556 1301 1622 1341 74.

115 1368 183 1409 73.
215 1373 256 1408 et
285 1367 353 1407 72.
390 1371 534 1418 gestae
563 1367 792 1407 traduntur.
851 1369 953 1407 Nam
986 1380 1111 1419 quum
1141 1368 1359 1409 Sallustius
1392 1368 1624 1410 constituis-

116 1442 181 1477 set
207 1437 289 1477 hoc
324 1436 427 1476 libro
458 1434 615 1476 Luculli
649 1435 815 1487 egregia
845 1435 1029 1477 facinora
1058 1435 1153 1476 inde
1182 1448 1206 1476 a
1245 1437 1382 1489 Cyzici
1411 1449 1623 1489 oppugna-

115 1504 228 1546 tione
263 1516 397 1555 usque
429 1505 481 1544 ad
497 1504 740 1545 Mithridatis
773 1509 986 1555 receptum
1013 1505 1066 1544 ad
1095 1504 1239 1545 Cabira
1264 1505 1486 1556 illustrare,
1518 1517 1624 1556 quae

116 1579 210 1614 ante
239 1572 500 1624 imperatoris
532 1573 690 1614 romani
739 1573 962 1613 adventum
992 1572 1032 1613 in
1063 1572 1206 1614 Asiam
1236 1573 1474 1615 acciderunt
1503 1585 1624 1624 supe-

117 1640 228 1682 riore
276 1641 380 1682 libro
429 1643 631 1682 tradenda
678 1641 849 1692 putavit.
918 1641 1045 1691 Igitur
1089 1653 1361 1692 quaecunque
1407 1641 1526 1692 quasi
1571 1642 1624 1680 ad

117 1707 334 1750 exordium
365 1709 453 1750 eius
496 1710 592 1750 belli
631 1709 935 1761 pertinuerunt,
979 1711 1092 1749 velut
1128 1708 1351 1760 disputatio
1389 1710 1441 1749 de
1471 1708 1623 1749 Mithri-

117 1779 212 1819 date
264 1777 356 1829 ipso
407 1778 581 1830 eiusque
618 1778 783 1829 ingenio
823 1783 863 1817 et
898 1777 1132 1828 ingentibus
1177 1777 1381 1826 consiliis,
1423 1783 1510 1818 tum
1541 1781 1623 1828 quo

118 1852 318 1898 apparatu
348 1847 442 1886 belli
471 1851 512 1887 et
539 1846 688 1897 quibus
730 1844 854 1886 sociis
896 1844 1240 1896 adiutoribusque
1266 1858 1368 1887 usus
1398 1845 1472 1896 sit,
1504 1845 1625 1886 deni-

120 1927 201 1966 que
234 1916 444 1966 quomodo
475 1914 667 1967 Bithynia
711 1914 947 1954 invadenda
986 1917 1027 1953 et
1057 1914 1112 1953 M.
1146 1915 1263 1954 Cotta
1292 1918 1489 1965 superato
1530 1914 1625 1954 belli

118 1983 274 2024 initium
307 1982 468 2032 fecerit,
502 1984 606 2023 haec
642 1982 779 2024 omnia
807 1982 887 2022 iam
918 1982 1104 2023 secundo
1138 1981 1242 2023 libro
1274 1981 1623 2033 exposita‘fuere.

118 2052 394 2104 Hispaniense
438 2056 574 2092 autem
611 2051 785 2104 bellurn,
833 2049 1019 2091 Sertorio
1057 2061 1094 2090 a.
1136 2050 1203 2090 72.
1235 2061 1358 2091 caeso
1406 2050 1542 2091 adhuc
1583 2050 1624 2090 in

118 2119 351 2171 proximum
386 2132 536 2160 annum
573 2125 843 2171 protractum,
888 2117 1007 2159 tertio
1048 2118 1151 2158 libro
1187 2117 1243 2158 ita
1282 2119 1516 2159 absolutum
1549 2122 1626 2166 est,

119 2194 164 2229 ut
194 2187 412 2229 Sallustius
441 2187 657 2227 terminum
685 2187 806 2228 huius
837 2186 946 2235 libri,
978 2198 1112 2226 annos
1144 2186 1211 2225 74.
1245 2186 1312 2226 73.
1346 2191 1388 2227 et
1417 2186 1485 2226 72.
1517 2197 1626 2226 eom-

121 2256 435 2309 prehendentis,
463 2268 543 2295 uno
569 2267 677 2295 anno
708 2256 1089 2306 supergrederetur.
1140 2254 1183 2292 ln
1213 2254 1361 2296 ceteris
1388 2255 1507 2296 bellis
1528 2266 1625 2295 num

121 2325 270 2365 eodem
307 2324 432 2363 modo
468 2322 599 2374 eg‘erit
639 2323 879 2370 Sallustius,
917 2326 1088 2372 propter
1121 2322 1368 2372 paucitatem
1407 2323 1624 2373 Fragmen-

120 2398 256 2433 torum
295 2391 490 2432 affirmari
522 2390 686 2440 nequit;
727 2391 802 2431 sed
835 2388 915 2429 iam
950 2401 1003 2429 ex
1035 2388 1103 2438 iis,
1149 2401 1256 2439 quae
1287 2390 1514 2439 attulimus,
1555 2391 1625 2430 ab-

120 2461 232 2502 unde
262 2464 375 2511 patet
403 2459 444 2498 in
473 2458 664 2499 Historiis
692 2465 800 2499 'eum
837 2469 974 2498 rerum
1010 2456 1176 2508 quidem
1214 2458 1400 2499 ordinem
1433 2436 1626 2498 accurate

123 2533 310 2570 secutum
343 2538 458 2575 esse,
500 2527 576 2567 sed
603 2526 768 2566 minime
796 2525 1025 2566 secundum
1066 2526 1251 2577 singulos
1288 2537 1420 2567 annos
1458 2538 1533 2576 per
1558 2538 1625 2566 va-

122 2597 183 2638 ria
210 2599 451 2646 argumenta
488 2594 691 2645 aequabili
729 2593 1165 2643 modoprocessisse.
1227 2595 1314 2644 Qua
1350 2605 1395 2633 re
1424 2605 1625 2644 nonper—

123 2669 268 2716 specta
284 2662 542 2712 Gerlachius,
569 2674 694 2713 quum
724 2673 807 2702 non
838 2659 1018 2709 ratione,
1050 2663 1124 2701 sed
1142 2673 1268 2702 caeco
1286 2661 1466 2711 quodam
1491 2671 1626 2701 rerum

125 2733 407 2773 obsoletamm
436 2730 573 2770 studio
606 2729 683 2769 sibi
716 2728 998 2780 persuasisset
1026 2729 1262 2769 Sallustium
1292 2732 1474 2768 veterum
1504 2739 1625 2766 anna-

125 2800 223 2843 lium
254 2798 501 2854 scriptorum
530 2809 686 2838 morem
713 2802 898 2838 secutum
925 2808 1040 2846 esse,
1076 2801 1271 2848 tanquam
1299 2796 1474 2848 primum
1503 2795 1624 2846 Frag—
