1774 3002
128 152 214 195 340
617 156 656 193 C.
688 156 919 194 SALLUSTI
951 155 1103 194 CRISPI

268 284 337 326 42.
400 279 541 335 Quum
580 281 771 337 interim,
797 281 959 327 lumine
993 281 1216 329 etiamtum
1242 282 1430 338 incerto,
1468 282 1581 328 duae

134 362 300 409 Galliae
346 364 553 410 mulieres
594 367 856 410 conventum
896 365 1084 411 vitantes
1126 367 1181 412 ad
1220 368 1446 413 menstrua
1480 366 1581 412 sol-

133 448 278 494 venda
307 451 496 494 montem
526 449 781 495 ascendunt.

133 620 230 657 aqua
249 609 363 645 modo
385 609 487 646 salsa
506 613 608 645 esset
630 620 752 657 neque
780 610 943 647 bibendo
964 614 1070 658 apta,
1095 609 1208 646 modo
1237 610 1494 647 dulcissimum
1513 610 1578 647 ha-

131 668 236 704 beret
256 677 452 714 saporem,
484 667 523 702 in
543 667 650 703 cuius
673 667 813 704 vicinia
842 668 989 716 fugitivi
1020 678 1042 703 a
1062 666 1243 716 Spartaco
1271 666 1434 716 digressi
1455 672 1578 705 castra

132 723 311 760 habuere.

245 781 306 817 Fr.
329 783 387 819 42.
433 780 549 827 [Cort.
572 791 609 828 p.
631 783 713 820 990.
737 780 835 818 Gerl.
858 781 920 817 ed
939 782 1028 818 mai.
1047 780 1111 828 IV,
1126 785 1185 821 23.
1210 781 1271 819 ed.
1294 781 1384 818 min.
1400 781 1463 827 IV,
1485 784 1520 820 3.
1540 792 1576 829 p-

132 841 214 883 225,
235 841 270 877 3.
298 837 410 875 Debr.
432 838 494 884 IV,
515 839 589 883 78.]
651 839 794 875 Nonius
818 839 914 884 VIII,
944 840 1003 878 76.
1031 850 1069 887 Ρ.
1096 842 1184 884 492,
1217 843 1276 878 30.
1298 839 1455 875 Mercer.
1483 838 1578 875 haec

134 894 262 931 laudat
284 894 333 931 ad
355 894 588 943 probandam
611 895 788 933 adiectivi
819 868 973 932 sorniam
996 896 1136 933 Gallius
1164 907 1233 943 pro
1264 896 1424 933 Gallicus
1453 906 1475 931 a
1495 895 1575 932 Sal-

134 953 243 988 lustio
268 957 497 1000 usurpatam.
558 952 611 988 De
638 953 726 989 vitio
749 953 922 990 codicum
942 954 1002 989 vel
1026 953 1164 989 librarii
1193 954 1303 1001 lapsu
1331 953 1396 990 vix
1421 952 1577 1000 cogitari

131 1013 274 1056 potest,
308 1021 421 1057 quum
456 1010 566 1046 Nonii
603 1010 780 1046 articulus
811 1011 848 1046 in
881 1011 999 1046 fronte
1030 1014 1135 1058 gerat
1156 1010 1290 1047 lemma
1325 1009 1494 1058 „Galliae
1510 1020 1578 1058 pro

135 1066 335 1103 Gallicae.“
375 1067 623 1103 Nihilominus
646 1067 897 1115 Nipperdeius
920 1067 955 1102 in
974 1066 1082 1103 Corn.
1105 1067 1199 1114 Nep.
1221 1067 1424 1115 Spicilegio
1443 1067 1523 1102 crit.
1540 1078 1578 1114 p.

131 1126 191 1163 37.
235 1123 478 1170 „Sallustium
493 1152 501 1168 ‚
532 1124 682 1171 inquit,
702 1124 870 1161 Gallae
890 1125 1062 1160 mulieres
1082 1124 1282 1171 scripsisse
1303 1124 1373 1160 etsi
1394 1134 1503 1160 nemo
1526 1123 1579 1159 in-

133 1181 285 1224 tellexit,
305 1181 555 1217 certissimum
577 1181 673 1217 est.“
711 1181 827 1218 Nobis
847 1192 908 1218 res
933 1192 1007 1216 non
1028 1182 1077 1217 ita
1099 1185 1198 1217 certa
1221 1181 1387 1226 videtur;
1413 1191 1498 1219 nam
1514 1191 1579 1216 cur

134 1250 155 1274 a
178 1237 295 1274 Gallia
315 1237 437 1274 minus
457 1241 558 1273 recte
576 1237 661 1274 duci
682 1239 804 1285 possit
828 1238 982 1283 Gallius,
1000 1249 1112 1285 quam
1131 1237 1279 1286 aSyria
1299 1237 1443 1286 Syrius,
1466 1237 1578 1285 aMy—

135 1296 192 1331 sia
210 1294 365 1342 Mysius,
395 1296 440 1330 ab
460 1294 625 1331 Arcadia
646 1295 851 1340 Arcadius,
874 1306 896 1331 a
917 1295 1141 1331 Macedonia
1161 1294 1414 1341 Macedonius,
1443 1294 1580 1330 idonea

134 1363 271 1388 caussa
294 1362 369 1386 non
393 1352 589 1398 reperitur.
651 1351 850 1389 Sallustius
880 1352 991 1399 igitur
1024 1351 1341 1399 quemodmodum
1368 1351 1480 1388 etiam
1508 1350 1579 1387 Sa-

132 1410 279 1456 ymnius
301 1408 394 1444 dixit
415 1420 483 1455 pro
507 1408 731 1457 Saguntinus
752 1410 808 1456 (v.
833 1409 882 1445 ad
901 1409 962 1445 Fr.
983 1409 1027 1454 11,
1046 1410 1146 1454 28..)
1178 1410 1227 1445 ita
1249 1409 1389 1446 Gallius
1418 1419 1492 1444 non
1514 1408 1579 1444 du-

134 1466 264 1502 bitavit
282 1476 424 1513 ponere
454 1477 523 1513 pro
544 1466 627 1501 trito
650 1466 823 1503 Gallicus.
871 1466 923 1501 De
945 1477 984 1501 re
1011 1467 1095 1532 ipsa
1115 1467 1163 1502 cs.
1186 1465 1371 1502 Plutarch
1394 1466 1431 1501 in
1453 1464 1580 1502 Crass.

135 1534 167 1558 c.
188 1527 243 1568 ll,
255 1523 303 1558 in.
340 1520 510 1573 Πρῶτον
531 1518 603 1571 μὲν
625 1517 698 1560 οὐν
718 1513 905 1586 διαγνοὺς
925 1520 997 1573 (sc.
1021 1516 1042 1560 ὃ
1066 1516 1263 1586 Κράσσος)
1284 1522 1365 1567 τοῖς
1385 1513 1582 1571 ἀφεστῶσι

136 1575 203 1616 καὶ
225 1590 298 1615 κατ
296 1569 418 1615 ’ἰδίαν
438 1575 794 1643 στρατευομένοις,
792 1574 849 1616 ὥν
869 1571 1098 1629 ἀφηγοῦντο
1124 1572 1188 1615 Γ
1162 1591 1246 1624 αιος
1274 1576 1489 1624 Καννίκιος
1514 1573 1582 1615 καὶ

137 1628 302 1683 Κάστος,
327 1630 543 1672 ἐπιθέσθαι
565 1629 691 1684 λόφον
711 1627 799 1679 τινὰ
815 1630 1244 1698 προκαταληψομένους
1264 1628 1414 1701 ἄνδρας
1434 1626 1582 1682 ἑξακισ-

137 1689 282 1755 χιλίους
309 1682 505 1728 απέστειλε
533 1685 752 1730 λανθανειν
774 1692 989 1757 πειρᾶσθαι
1009 1685 1294 1737 κελεύσας.οῐ
1309 1683 1348 1729 δ’
1373 1688 1581 1755 ἐπειρῶντο

136 1744 208 1798 μὲν
226 1739 298 1814 τὴν
319 1745 511 1813 αἴσθησιν
530 1740 799 1800 ἀποκρύπτειν
819 1761 866 1785 τα
888 1761 1017 1799 κρανη
1038 1744 1367 1798 καταμπέχοντες,
1397 1739 1580 1797 ὀφθέν-

136 1817 211 1851 τες
245 1797 284 1842 δ’
321 1796 414 1842 ὑπὸ
450 1803 591 1843 δυεῖν
625 1805 885 1870 γυναικῶν
907 1801 1278 1869 προθυομένων
1310 1805 1418 1850 τοῖς
1439 1803 1579 1841 πολε-

136 1860 270 1911 μίοις
292 1855 595 1911 ἓκινὸύνευσαν,
624 1859 659 1899 εἰ
679 1854 734 1912 μὴ
762 1856 943 1914 Κρασσος
963 1853 1078 1909 ὀξέως
1098 1857 1300 1910 ἐπιφανεὶς
1318 1854 1448 1912 μάχην
1468 1857 1580 1899 ἔθετο

136 1918 275 1955 πασῶν
295 1912 602 1971 καρτερωτατην.
660 1920 717 1956 Ex
748 1920 820 1957 hac
856 1921 1068 1956 narratione
1101 1920 1307 1956 luculenter
1334 1923 1435 1967 patet
1454 1918 1581 1956 verbis

137 1977 189 2012 ad
214 1980 400 2012 menstrua
429 1978 602 2013 solvenda
630 1977 721 2013 nihil
748 1976 850 2014 aliud
879 1977 1095 2025 significari,
1119 1987 1230 2024 quam
1250 1977 1301 2012 ad
1326 1986 1440 2013 sacra
1459 1976 1583 2023 quovis

137 2043 260 2070 mense
282 2034 371 2080 fieri
394 2035 498 2070 solita
529 2034 706 2071 obeunda.
765 2034 870 2071 Hanc
900 2035 1122 2071 sententiam
1151 2045 1263 2081 quum
1293 2034 1368 2070 iam
1389 2032 1582 2070 Turnebus

139 2090 303 2127 Advers.
325 2090 408 2125 XV.
427 2102 460 2127 c.
479 2095 512 2129 1.
535 2092 807 2139 perspexisset,
836 2095 872 2127 et
892 2092 1017 2139 Lipsio
1040 2090 1361 2136 monenteDouza,
1389 2100 1433 2127 ac
1450 2092 1583 2137 postea

141 2147 287 2183 Cortius
302 2150 402 2183 recte
423 2148 585 2194 amplexi
615 2152 752 2193 essent,
769 2148 988 2184 Gerlachius
1000 2149 1083 2184 Vol.
1097 2148 1158 2183 Ill.
1175 2158 1212 2195 Ρ
1234 2149 1312 2186 114.
1329 2158 1460 2184 rursus
1474 2147 1584 2183 obso-

138 2205 250 2240 letam
265 2203 388 2239 Ursini
403 2207 439 2239 et
456 2203 578 2240 Coleri
597 2205 881 2253 explicationem
900 2198 1091 2252 protraxit,
1108 2205 1170 2252 qui
1187 2208 1373 2241 menstrua
1390 2204 1582 2241 mulierum

139 2252 363 2309 καταμήνια
382 2271 466 2297 esse
487 2263 630 2298 volunt.
668 2262 750 2307 Qua
774 2273 998 2309 quamquam
1020 2261 1111 2298 nihil
1139 2265 1262 2308 potest
1281 2258 1437 2309 cogitari
1457 2262 1583 2297 absur—

68 2365 70 2368 .
141 2317 239 2364 dius,
261 2316 480 2354 Gerlachius
508 2322 634 2355 tamen
654 2330 728 2355 non
752 2319 933 2355 dubitavit
954 2320 1064 2366 longe
1087 2317 1358 2355 absurdissima
1376 2317 1472 2360 haec
1495 2317 1586 2354 scri-

140 2376 253 2411 bere:
276 2373 459 2420 „Accedit
480 2371 576 2423 [??!!]
600 2375 759 2412 Lucretii
781 2379 818 2411 et
836 2375 952 2412 Taciti
974 2375 1188 2421 auctoritas,
1218 2375 1279 2412 ille
1300 2375 1379 2411 Lib.
1400 2375 1464 2420 VI,
1494 2375 1583 2412 796.

143 2437 309 2479 tempore
328 2441 374 2467 eo
396 2431 428 2467 si
448 2430 608 2468 odorata
625 2435 695 2476 est,
716 2443 789 2478 quo
810 2436 1001 2468 menstrua
1021 2433 1145 2477 solvit,
1165 2433 1197 2469 is
1219 2431 1292 2478 (sic
1305 2429 1335 2477 l)
1365 2431 1457 2468 Hist.
1478 2431 1526 2467 V.
1547 2431 1583 2468 6.

143 2488 190 2524 de
211 2487 418 2535 Asphalto:
459 2488 552 2535 fugit
573 2499 744 2524 cruorem
765 2492 982 2535 vestemque
1004 2489 1179 2526 infectam
1207 2488 1410 2536 sanguine,
1439 2498 1512 2535 quo
1534 2486 1585 2521 t’e-

142 2545 265 2581 minae
293 2555 362 2591 per
395 2555 543 2581 meuses
572 2542 891 2581 exsolvuntur.“!!
951 2546 1043 2582 Dum
1075 2546 1186 2593 igitur
1216 2544 1376 2581 insidiae
1405 2555 1428 2580 a
1448 2542 1584 2580 Crasso

143 2602 283 2638 missae
307 2601 344 2636 in
364 2605 487 2637 monte
514 2601 728 2649 considunt,
752 2601 848 2638 duae
868 2602 1044 2638 mulieres
1066 2602 1229 2638 Gallicae
1249 2602 1370 2649 primo
1390 2610 1517 2645 mane,
1548 2602 1586 2633 ut

145 2657 285 2694 maiore
317 2669 401 2694 cum
438 2659 586 2695 silentio
617 2669 660 2695 ac
688 2659 869 2706 religione
904 2670 982 2695 rem
1009 2670 1155 2696 sacram
1175 2661 1402 2695 menstruam
1424 2665 1585 2703 perage—

146 2718 240 2758 rent,
261 2719 423 2750 montem
443 2715 545 2751 illum
568 2714 788 2760 ascendunt,
809 2715 932 2762 itaque
956 2715 1113 2753 insidias
1137 2715 1327 2762 detegunt.
1374 2712 1428 2749 De
1446 2721 1586 2759 pugna,

146 2771 268 2807 statim
291 2770 378 2807 inde
400 2776 547 2818 coorta,
575 2776 724 2819 praeter
738 2771 976 2809 Plutarchum
997 2773 1021 2809 l.
1044 2774 1067 2809 l.
1095 2773 1142 2809 cf.
1167 2771 1331 2808 Frontin.
1363 2768 1573 2815 Strategem
