1774 3002
474 142 804 181 fflsrommuu
815 140 1140 194 summu.
1197 141 1286 178 Lm.
1316 141 1344 177 1.
1564 135 1649 181 ιω

284 293 286 298 ·
339 270 407 316 75.
461 264 543 313 Cui
571 279 731 312 nomen
764 263 1000 311 oblivionis
1034 263 1332 311 condiderant.

202 433 365 471 hemeris
394 432 574 470 sublatum
589 439 667 478 per
685 438 812 467 muros
827 428 1038 466 ascendisse
1055 427 1358 465 commemorat.“
1417 427 1499 471 Quo
1521 432 1646 464 autem

201 491 347 538 proelio
365 489 439 526 hoc
455 489 593 525 caetum
607 487 670 531 sit,
690 487 728 522 in
747 487 971 534 scriptorum
991 484 1140 522 silentio
1163 483 1341 521 affirmari
1361 484 1509 530 nequit3
1530 495 1644 531 quare

202 557 325 595 nugas
354 546 517 593 egerunt
543 543 770 580 Debrossius
798 546 836 579 et
864 541 1107 586 Gerlachius,
1145 550 1304 587 quorum
1339 541 1401 576 ille
1440 539 1645 578 Sertorium

199 607 287 651 post
302 610 470 650 pugnam
497 599 599 648 apud
620 598 856 647 calagurim,
887 598 950 636 hic
976 602 1065 646 post
1090 597 1275 645 proelium
1301 589 1552 644 Saguntinum
1578 598 1643 634 tali

206 658 320 696 modo
338 659 530 695 sernum
551 667 643 693 esse
658 655 864 692 contendit.

311 714 372 751 Fr.
400 715 460 752 74.
507 712 623 758 [Cort.
652 722 691 759 p.
716 715 799 751 955.
832 711 931 748 Gerl.
960 709 1021 747 ed.
1054 710 1143 746 mai.
1173 710 1201 754 1,
1220 711 1279 748 47.
1308 708 1370 745 ed.
1396 709 1487 745 min.
1515 709 1543 753 Ι,
1563 713 1644 748 113.

172 762 175 763 ⁷
198 782 239 819 p.
266 773 346 811 1⁹8.
371 773 409 809 9.
447 768 559 805 Debr.
592 768 637 812 11,
664 769 763 812 102]
820 768 948 804 Verba
978 770 1129 803 exstant
1157 763 1269 813 apud'
1287 765 1449 801 Nonium
1477 764 1558 809 xil,
1586 769 1646 804 30.

200 838 241 874 p.
259 829 341 871 5ffi,
362 828 420 864 10.
439 825 612 868 Mercer„
639 823 710 860 sed
729 825 845 872 vulgo
867 822 982 860 valde
1001 822 1211 870 depravata
1231 825 1270 858 et
1287 821 1500 857 infelicibus
1528 821 1647 859 edito·

201 894 283 920 rum
309 881 539 919 coniecturis
561 884 715 917 tentata.
762 880 859 917 Nam
879 890 991 927 quum
1010 890 1079 926 pro
1099 877 1151 915 Et
1165 878 1337 926 Dn‘pomn
1365 878 1406 914 iu
1425 877 1536 914 Nonii
1556 877 1647 914 edd.

202 941 347 986 legatur
373 941 409 975 α
427 946 588 985 ponere,
606 937 658 973 ‘in
679 935 794 972 codd.
814 940 939 973 autem
965 935 1177 972 inveniatur
1197 938 1234 971 et
1257 934 1454 981 deponent,
1485 938 1522 970 et
1546 934 1648 982 dipo-

199 1005 302 1041 nea,
325 998 362 1031 el
378 993 569 1042 ἄροηαι,
598 991 764 1030 Sallustii
786 991 951 1028 editores
973 993 1037 1028 vel
1056 991 1289 1028 retinuerunt
1307 990 1472 1037 ineptam
1490 991 1649 1038 scriptu·

200 1061 300 1095 rm,
331 1050 394 1086 vel
413 1047 640 1097 corrigendo
658 1058 791 1085 rursus
814 1051 1072 1095 corruperunt.
1119 1047 1347 1084 Debrossius
1370 1047 1470 1083 euim
1498 1047 1649 1094 scripsit

199 1111 236 1144 a
253 1111 476 1154 propterea,
516 1105 671 1142 Colerus
701 1105 862 1141 coniecit
888 1104 1121 1152 Hipponem,
1160 1104 1223 1140 vel
1258 1102 1478 1151 Tmen,
1516 1101 1647 1139 Carrio

202 1163 467 1211 aynano-en.
506 1160 705 1198 Putsehius
725 1171 816 1197 vero
846 1160 1017 1198 Vizonem
1035 1161 1139 1197 urbis
1159 1170 1298 1196 nomen
1317 1170 1404 1196 esse
1424 1160 1647 1207 suspicatur,

200 1219 289 1267 quia
307 1218 452 1255 Probus
470 1218 517 1264 11,
536 1222 573 1263 1,
589 1221 650 1256 23
674 1217 855 1263 (Gramm.
879 1218 958 1254 Lat.
980 1218 1067 1253 Vol.
1087 1217 1115 1252 Ι.
1136 1228 1174 1264 p.
1197 1220 1277 1255 110
1306 1215 1367 1252 ed.
1388 1215 1581 1261 Lindem.)
1607 1215 1647 1252 id

200 1273 304 1322 apud
330 1274 550 1312 Sallustium
582 1274 719 1310 lectum
753 1274 870 1310 tuisse
903 1274 1040 1310 reserat
1070 1284 1116 1309 ac
1146 1272 1359 1319 Stephanus
1390 1273 1487 1320 Byz-
1520 1274 1648 1309 verbis

204 1322 400 1379 Busan]
429 1323 543 1375 πόλις
574 1322 743 1378 amiani
775 1329 983 1366 confirmet.
1030 1329 1136 1366 Hanc
1170 1329 1391 1365 sententiam
1428 1327 1648 1366 Gerlachius

203 1387 290 1422 Vol.
310 1386 371 1422 ΙΙΙ.
396 1397 435 1434 Ρ.
457 1388 516 1425 74.
549 1387 621 1423 sibi
640 1385 844 1422 admodum
863 1386 1094 1432 probabilem
1119 1385 1240 1422 videri
1261 1384 1475 1432 profitetur,
1505 1385 1650 1422 scilicet

202 1443 293 1489 quia
312 1442 362 1478 de
381 1442 491 1478 rebus
505 1444 719 1490 ponticis
744 1443 782 1478 in
798 1442 1046 1488 primolihro
1067 1445 1190 1478 aetum
1209 1452 1295 1478 esse
1314 1441 1495 1478 odoratus
1515 1444 1574 1478 est
1591 1441 1651 1478 vir

201 1496 493 1546 sagaeissimus!
542 1497 622 1535 Sed
648 1509 696 1534 ea
717 1499 894 1546 opinione
919 1509 1051 1534 rursus
1078 1498 1216 1534 reiecta
1241 1499 1280 1534 in
1299 1497 1362 1534 ed.
1385 1498 1475 1534 min.
1499 1497 1651 1544 scripsit

200 1554 264 1591 ibi
291 1558 328 1590 ec
342 1563 508 1601 porum,
543 1552 753 1590 incredibili
782 1552 1030 1601 perversitate
1053 1552 1121 1601 ibi,
1151 1565 1227 1601 qua
1252 1565 1349 1591 voce
1377 1554 1460 1601 ipse
1486 1555 1524 1590 in
1545 1553 1651 1596 Notis

202 1611 288 1646 Vol.
308 1609 337 1646 1.
357 1621 397 1657 p.
415 1612 498 1649 224.
519 1621 612 1647 usus
633 1614 732 1654 erat,
762 1610 999 1648 sallustianis
1018 1611 1148 1647 verbis
1166 1621 1341 1647 assuens.
1378 1610 1489 1647 Urbis
1509 1621 1649 1646 nomen

200 1676 226 1702 a
244 1667 356 1702 uobis
373 1670 564 1714 receptum
580 1667 762 1714 praebent
778 1667 888 1703 Nonii
907 1665 1021 1702 codd.
1039 1666 1087 1702 A.
1109 1677 1149 1702 α.
1169 1663 1220 1711 δ.,
1240 1667 1313 1703 nisi
1334 1667 1437 1713 quod
1453 1666 1649 1714 inonem

201 1722 399 1767 exhibent,
429 1721 745 1769 quemadmodum
772 1723 884 1759 etiam
912 1723 951 1758 in
976 1720 1136 1758 merceri
1162 1722 1226 1758 ed.
1254 1723 1390 1771 legitur
1399 1734 1411 1767 ;
1443 1715 1515 1759 sed
1534 1733 1649 1770 quum

202 1778 454 1815 nominativus
486 1779 534 1815 sit
559 1779 705 1826 Dipone
732 1780 788 1824 (v.
809 1779 938 1815 Ukerti
966 1778 1103 1826 Geogr.
1134 1779 1265 1816 Graec.
1297 1782 1335 1815 et
1353 1777 1462 1821 Rom.
1492 1779 1581 1815 Vol.
1602 1780 1647 1814 Π.

202 1835 245 1871 Ρ.
265 1834 296 1870 1.
313 1845 352 1881 p.
372 1836 455 1872 m.
483 1835 609 1870 itiner.
631 1834 769 1871 Anton.
795 1846 834 1882 p.
853 1836 978 1879 418),
1006 1836 1246 1872 accusativus
1276 1836 1378 1871 nullo
1398 1839 1507 1882 pacto
1535 1836 1574 1870 in
1592 1845 1650 1870 em

202 1890 304 1926 exire
333 1890 473 1937 potuit,
509 1891 559 1926 cf.
580 1889 691 1927 Cour.
710 1891 825 1937 Leop.
847 1890 1069 1927 Schneideri
1089 1890 1250 1926 Gramm.
1280 1892 1357 1926 Lat.
1382 1891 1469 1926 Vol.
1489 1891 1534 1926 11.
1555 1892 1597 1926 P.
1618 1892 1647 1926 Ι.

201 1957 240 1992 p.
268 1948 352 1990 324
395 1956 511 1991 quare
543 1950 684 1981 rectam
716 1947 873 1982 sormam
906 1946 1035 1983 invitis
1068 1946 1182 1982 codd.
1212 1946 1400 1982 dedimus.
1434 1965 1493 1971 -
1534 1946 1652 1983 Vincit

201 2001 420 2037 auctoritate
439 2000 553 2036 codd.
577 2000 624 2036 Α.
647 2013 686 2036 α.
714 2001 932 2048 scripsimus
959 2013 1029 2047 pro
1048 2000 1153 2045 vicit,
1169 1997 1174 2001 ⁴
1191 2002 1294 2048 quod
1312 2002 1351 2037 in
1373 2002 1484 2037 Nonii
1512 2007 1550 2038 et
1568 2002 1650 2040 Sal-

202 2056 302 2092 lustii
330 2055 420 2091 edd.
449 2058 519 2091 est.
551 2075 610 2081 —-
641 2056 854 2093 Roeumtem
873 2056 1071 2093 Sallustius
1093 2057 1189 2093 dixit
1204 2069 1273 2104 pro
1302 2060 1546 2105 resistentem,
1574 2071 1648 2107 quo

203 2123 320 2148 sensu
341 2112 416 2148 hoc
438 2113 594 2149 verbum
616 2112 729 2148 etiam
748 2113 842 2149 alias
862 2113 1018 2160 {egnum
1047 2114 1098 2149 cs.
1113 2113 1396 2151 Drakenborch.
1417 2115 1468 2150 ad
1486 2116 1568 2152 Liv.
1585 2116 1650 2160 IV,

204 2167 486 2213 58‚4.1d.V1,
505 2170 624 2215 3⁰2⁵·
644 2169 788 2214 vLaa,
809 2170 845 2206 7.
863 2168 996 2213 xxm,
1016 2172 1077 2213 45,
1097 2172 1133 2208 9.
1155 2169 1428 2207 TaciLAnnal.
1450 2171 1512 2216 ΠΙ,
1530 2174 1590 2217 46,
1612 2175 1647 2210 3-

202 2224 265 2260 Ad
292 2222 497 2260 Sertorium
526 2225 711 2271 pertinere
741 2225 1007 2272 Fragmentum
1033 2225 1199 2273 Dipones
1223 2226 1328 2263 urbis
1353 2228 1492 2264 mentio
1521 2229 1650 2264 claris-

204 2280 299 2316 sime
326 2282 500 2324 testatum
534 2280 605 2316 sed
628 2285 749 2318 utrum
769 2292 793 2318 a
811 2281 998 2327 Sertorio,
1029 2293 1079 2318 an
1104 2293 1129 2319 a
1147 2283 1297 2319 Metello
1319 2288 1430 2331 capta
1451 2285 1581 2329 fuerit,
1611 2286 1649 2321 in

205 2337 348 2372 incerto
371 2336 605 2383 relinquitur.

316 2391 377 2427 Fr.
406 2393 466 2430 75.
518 2391 631 2438 [Gort.
656 2403 696 2439 Ρ.
725 2394 809 2431 955.
838 2392 938 2429 Gerl.
966 2393 1028 2430 ed.
1061 2395 1148 2433 mai.
1179 2394 1208 2440 Ι,
1226 2398 1287 2434 58.
1315 2395 1377 2430 ed.
1407 2396 1497 2432 min.
1519 2396 1546 2440 1,
1568 2397 1648 2434 117.

202 2447 314 2484 Debr.
335 2446 396 2491 m,
417 2447 516 2491 la]
564 2448 665 2484 Haec
690 2450 828 2494 verba,
858 2444 965 2496 quae'
981 2451 1158 2498 leguntur
1186 2451 1287 2498 apud
1316 2451 1427 2488 Serv.
1460 2452 1510 2488 ad
1538 2452 1647 2499 Virg.

202 2504 300 2540 Aen.
322 2504 351 2548 Ι,
372 2504 476 2547 267.,
505 2513 637 2540 omnes
658 2502 824 2542 Sallustii
843 2505 1008 2543 editores
1028 2507 1118 2547 inde
1147 2518 1171 2542 a
1186 2506 1317 2543 Douza
1337 2519 1422 2544 cum
1441 2509 1515 2544 alio
1535 2508 1650 2555 Frag-

204 2564 351 2603 mento,
379 2558 483 2606 quod
500 2559 539 2594 iu
558 2563 687 2596 nostra
703 2560 768 2596 ed.
788 2566 848 2598 est
868 2563 897 2607 Ι,
916 2564 978 2601 81.
1006 2563 1298 2609 coniunxerunt,
1327 2564 1388 2600 cui
1407 2565 1505 2601 sacto
1529 2564 1648 2600 histo-

202 2615 283 2652 riae
308 2615 405 2652 fides
426 2625 584 2662 prorsus
605 2620 801 2663 repugnat.
844 2618 964 2663 Quam
988 2620 1090 2667 enim
1118 2620 1190 2655 isto
1216 2619 1329 2655 modo
1348 2620 1495 2668 fingunt
1510 2620 1649 2658 Lethen

201 2673 332 2708 urbem
362 2672 401 2707 iu
431 2671 634 2718 Hispania,
671 2682 860 2719 nunquam
890 2675 1040 2711 exstitit.
1084 2675 1207 2720 Quare
1236 2674 1403 2712 Sallustii
1430 2678 1547 2715 verba
1574 2687 1650 2712 non

202 2725 254 2763 de
284 2728 398 2775 urbe,
426 2727 496 2765 sed
524 2727 573 2764 de
598 2737 645 2764 eo
663 2727 866 2777 Hispaniae
887 2731 1000 2779 fluo-‘o
1026 2730 1212 2780 capienda
1229 2736 1338 2779 sum,
1365 2733 1429 2781 qui
1459 2734 1554 2770 inter
1574 2733 1650 2769 Du·
