1774 3002
497 130 563 167 AD
592 129 851 167 ERNESTUM
878 128 1308 167 WUESTEMANNUM.
1526 134 1659 176 xxxv

149 251 319 307 ιθέιωα-
338 247 447 307 μετὰ
481 251 564 292 τοῦ
599 245 763 291 στόλου
801 245 1056 290 σπεύδοντα
1083 247 1190 300 πρὶν
1217 247 1501 300 ἐπιστρέφειν
1533 244 1656 289 Aod-

149 322 345 370 novuov
383 319 445 368 εἰς
481 314 561 360 τὸν
603 314 784 359 Πόντον
821 318 1075 366 εἰςπλεῦσαι
1114 314 1443 371 καταλαμβάνει
1487 312 1655 370 χειμόν

148 383 314 441 πολὺς,
341 382 422 440 ὑφ’
455 378 511 428 οὗ
537 381 589 427 τὰ
617 384 700 439 μὲν
725 380 995 439 ἀφηρπάγη,
1025 380 1079 425 τὰ
1099 380 1143 425 δ’
1172 383 1398 440 ἐβυθίσθη
1426 389 1519 428 τῶν
1542 398 1654 428 σκα-

149 457 266 508 φῶν.
322 449 471 504 Αὐτὸς
499 451 573 507 δὲ,
600 455 678 506 τῆς
705 448 917 506 ὁλκάδος,
954 447 1028 506 ἐφ’
1061 443 1113 506 ἧς
1134 452 1279 506 ἔπλει,
1308 452 1417 508 μήτε
1436 451 1550 509 πρὸς
1571 451 1655 509 τὴν

148 524 235 576 γῆν
261 517 648 578 εὐπαρακομίστου
681 516 756 562 διὰ
784 519 976 575 μέγεθος
1009 520 1061 563 ἐν
1085 517 1211 577 σάλῳ
1249 520 1427 581 μεγάλῳ
1457 524 1532 565 καὶ
1569 521 1653 566 κύ-

146 605 255 645 ματι
278 591 436 648 τυφλῷ
459 588 786 643 παρισταμένης
813 595 904 638 τοῖς
923 586 1221 644 κυβερνήταις
1239 587 1353 644 πρός
1382 604 1428 632 τε
1459 588 1543 646 τὴν
1562 589 1652 635 θά-

146 661 316 702 λασσαν
342 654 427 712 ἤδη
445 657 626 712 βαρείας
654 654 727 697 καὶ
754 652 1043 711 ὑπεράντλου
1063 656 1326 713 γενομένης,
1350 657 1571 715 μετεμβὰς
1593 662 1653 710 εἰς

146 721 388 780 λῃστρικὸν
407 722 683 779 μυοπάρωνα
703 722 776 765 καὶ
797 721 847 766 τὸ
869 727 997 778 σῶμα
1013 733 1241 779 πειραταῖς
1256 725 1500 781 ἐγχειρίσας
1519 724 1653 771 ἀνελ-

146 795 310 843 πίστως
327 784 401 835 aial
427 789 693 846 παραβόλως
711 793 774 841 εἰς
801 789 884 846 τὴν
906 789 1134 846 Ποντικὴν
1149 789 1415 847 Ἡράκλειαν
1436 794 1649 851 ἐξεσώθη.

146 863 231 905 lam
263 862 384 910 vide,
422 862 476 902 mi
503 863 847 910 Wuestemanne,
894 867 1048 920 quanta
1085 862 1191 902 inter
1219 864 1455 905 Sallustium
1494 872 1537 907 et
1563 869 1652 908 Plu-

146 930 331 972 tarchum
362 929 591 970 intercedat
617 929 860 977 similitudo,
900 935 1179 980 quantamque
1217 934 1348 972 lucem
1387 934 1456 974 ille
1491 935 1543 974 ab
1571 936 1652 975 boe

145 997 340 1047 accipian
382 997 448 1037 ille
481 999 535 1038 de
568 1000 727 1039 cohorte
753 1004 926 1037 romana
968 998 1172 1048 loquitur,
1215 999 1282 1040 hie
1307 1002 1360 1040 de
1391 1003 1651 1049 Mithridate,-

142 1064 213 1104 ille
224 1065 447 1106 eohortem
473 1066 583 1114 forte
609 1067 816 1105 deerrasse
854 1064 978 1104 tradit
1009 1077 1034 1104 a
1060 1066 1234 1115 ceteris,
1280 1068 1347 1108 hie
1376 1069 1648 1110 Mithridatem

143 1134 186 1172 in
210 1132 318 1182 [aaa
337 1133 487 1181 titisse,-
529 1134 595 1174 ille
618 1145 731 1173 mare
753 1133 965 1182 placidum.
1003 1133 1132 1174 luisse
1162 1135 1239 1184 ait,
1280 1136 1347 1177 hie
1373 1139 1525 1188 menti
1546 1146 1649 1180 tem-

140 1205 291 1250 pestate
316 1208 569 1248 commotum·
597 1202 664 1241 ille
691 1201 903 1241 eohortem
934 1208 1074 1242 narrat
1100 1214 1127 1243 α
1149 1206 1423 1254 praedonibus
1446 1219 1532 1247 esse
1559 1210 1650 1247 cir-

143 1274 398 1317 cumventam,
429 1268 495 1308 hic
515 1269 787 1310 Mithridatem
806 1271 957 1319 piratis
974 1283 1017 1310 se
1035 1273 1224 1312 tuendum
1239 1276 1479 1323 permisisse.
1519 1275 1650 1323 Quae-

143 1347 213 1377 ras
238 1337 440 1384 fortasse,
472 1335 571 1385 quid
603 1337 861 1376 Gerlaehium
891 1338 1115 1388 impulerit,
1147 1346 1192 1381 ut
1222 1341 1403 1381 Sallustii
1433 1343 1569 1382 locum
1594 1354 1647 1383 ex

141 1403 356 1445 Plutarcho
384 1403 670 1443 illustrandum
701 1410 876 1454 putaret.
935 1406 1130 1448 Nimirum
1161 1409 1263 1449 vidit
1291 1410 1403 1459 apud
1426 1414 1647 1461 utrumque

141 1482 239 1511 esse
268 1482 327 1515 vo
340 1471 531 1516 cabula
551 1473 804 1520 praedonum
830 1478 872 1512 et
898 1484 1204 1526 myoparonum,
1242 1477 1368 1528 idque
1400 1477 1566 1518 suffecit
1594 1478 1646 1525 ei,

141 1543 188 1579 ut
207 1543 387 1588 utroque
412 1539 506 1578 loco
538 1539 589 1578 de
612 1540 756 1579 eadem
780 1551 825 1580 re
851 1542 918 1591 agi
946 1547 1160 1583 statueret.
1220 1546 1437 1586 Postulare
1463 1557 1563 1586 vero
1594 1546 1646 1586 ab

141 1605 383 1654 lectoribus,
417 1611 469 1649 ,ut
492 1606 589 1646 talia
616 1618 693 1657 pro
725 1608 834 1649 veris
864 1610 1062 1659 habeant,
1106 1614 1354 1653 non-solum
1385 1613 1540 1664 stupidi
1569 1614 1644 1654 sed

141 1674 263 1716 etiam
288 1673 539 1725 impudentis
568 1679 653 1724 est,
680 1686 818 1726 neque
845 1679 927 1718 ullo
949 1680 1074 1719 modo
1100 1679 1330 1720 serendum.
1388 1682 1514 1722 Aliud
1538 1682 1643 1722 eius-

142 1743 236 1787 dem
260 1741 430 1793 generis
454 1744 685 1793 exemplum
712 1746 885 1793 praebet
914 1746 1071 1797 Fragm.
1102 1747 1186 1787 Ine.
1214 1749 1254 1787 5.
1313 1750 1400 1797 „Ut
1419 1761 1487 1790 res
1509 1751 1640 1802 magis

142 1821 265 1860 quam
290 1810 421 1850 verba
449 1815 710 1859 gererentur,
752 1812 903 1854 liberos
929 1820 1209 1866 parentesque
1240 1815 1281 1855 in
1322 1818 1450 1858 muris
1480 1821 1644 1861 locave-

142 1881 282 1918 rant.“
342 1877 456 1926 Quae
485 1879 611 1918 verba
644 1891 770 1929 quum
799 1881 896 1921 nihil
922 1883 1032 1923 aliud
1062 1884 1259 1933 prodant,
1292 1897 1413 1935 quam
1440 1888 1553 1928 cives
1575 1891 1643 1929 ali-

142 1944 260 1985 cuius
285 1945 487 1987 obsessae
514 1949 651 1998 urbis,
680 1962 763 2000 quo
795 1961 897 1989 suos
926 1951 981 1989 ad
1004 1951 1197 1990 virtutem
1226 1954 1524 2004 accenderent,
1561 1956 1641 1997 illis

142 2011 295 2051 liberos
331 2019 610 2064 parentesque
634 2015 675 2056 in
713 2017 839 2056 muris
878 2018 1198 2066 conspiciendos
1237 2021 1501 2071 praebuisse,
1543 2024 1642 2064 Ger<

142 2077 320 2127 lacinus,
364 2081 483 2129 quasi
516 2082 613 2122 nihil
646 2084 711 2124 hic
748 2085 916 2125 obscuri
955 2090 1087 2134 esset,
1125 2088 1216 2128 Vol.
1245 2089 1312 2128 111.
1339 2101 1381 2140 p.
1413 2089 1505 2130 137.
1534 2093 1638 2132 haec

142 2146 440 2196 pronuntiavit:
487 2152 648 2198 „Recte
666 2153 916 2194 Debrossius
943 2153 1172 2205 Cyzicenos
1202 2155 1405 2206 intelligit,
1432 2157 1515 2208 qui,
1542 2171 1636 2199 eum

142 2213 394 2261 Mithridates
421 2219 609 2268 captivos
645 2221 804 2262 illorum
837 2223 950 2262 cives
982 2221 1022 2261 in
1050 2223 1249 2263 machinis
1276 2230 1319 2264 et
1343 2225 1524 2266 turribus
1554 2227 1637 2266 alli-

140 2282 302 2331 gandos
336 2291 546 2331 curasset,
587 2292 633 2326 ut
661 2288 782 2328 animi
823 2289 1124 2339 oppidanorum
1151 2303 1323 2331 suorum
1354 2292 1636 2333 misericordia

141 2350 443 2400 frangerentur,
491 2353 647 2403 patriae
681 2357 811 2397 amori
848 2369 1016 2398 suorum
1047 2359 1255 2399 caritatem
1286 2361 1637 2411 posthabuerunt;

142 2418 194 2457 οῖ.
223 2418 403 2468 Appian.
432 2419 485 2459 de
519 2421 565 2460 Β.
594 2422 769 2464 Mithrid.
805 2436 841 2464 c.
872 2425 968 2465 73.“
1027 2428 1083 2466 At
1104 2427 1204 2476 quid
1221 2429 1465 2479 Appianus?
1521 2429 1637 2469 Scili-

141 2489 209 2524 cet
239 2485 363 2526 haee:
414 2479 505 2535 Ως
525 2483 567 2527 δ’
596 2486 747 2543 ἕτοιμα
773 2486 896 2548 αὐτῷ
925 2480 1070 2533 πάντα
1098 2494 1333 2549 γεγένητο,
1374 2496 1529 2549 πρῶτα
1550 2492 1635 2550 μὲν

141 2553 403 2605 τριςῃιλίους
419 2543 720 2606 αἰχμαλώτους
737 2557 1017 2613 Κυζικηνους
1036 2559 1108 2602 ἐπὶ
1123 2564 1241 2603 νεῶν
1257 2564 1310 2618 τῇ
1325 2560 1452 2605 πόλει
1466 2564 1635 2617 apogr}-

141 2626 265 2672 rev,
276 2620 326 2660 οἳ
347 2626 493 2674 χεῖρας
522 2621 566 2671 ἐς
595 2619 647 2663 τὰ
668 2631 807 2678 τεῖχος
840 2623 1075 2681 ὀρέγοντες
1106 2628 1283 2671 ἐδέοντο
1313 2642 1446 2684 σφων
1475 2631 1633 2672 κινδυ-

143 2682 374 2727 νευόντων
397 2688 641 2741 φείσασθαι
677 2688 784 2742 τοὺς
811 2696 1014 2749 πολίτας,
1041 2696 1173 2751 μέχρι
1202 2700 1519 2752 Πεισίστρατος
1548 2694 1635 2739 αὐ-

144 2759 248 2807 τοῖς,
273 2748 301 2796 ὁ
317 2752 563 2810 στρατηγὸς
578 2752 603 2798 ὁ
619 2772 710 2798 των
724 2761 1010 2816 Κυζικηνῶν,
1041 2759 1127 2805 ἀπὸ
1148 2766 1229 2805 τοῦ
1258 2766 1430 2818 τείχους
1444 2763 1632 2820 ἐκήρυξε

1306 2833 1359 2872 c*
