1774 3002
135 167 219 211 806
633 173 673 212 C.
705 173 935 214 SALLUSTI
965 174 1115 214 CRISPI

273 303 314 345 9.
371 297 585 344 Camisos.

275 386 341 428 10.
398 380 538 437 Quam
580 383 798 429 maxumis
837 381 1063 429 itineribus
1101 399 1182 444 per
1221 399 1407 446 regnum
1444 386 1582 431 Ario-

137 465 336 511 barzanis
375 465 597 511 contendit
634 467 688 512 ad
727 468 888 512 flumen
929 465 1206 526 Euphraten,
1254 483 1341 530 qua
1376 469 1419 514 in
1458 475 1581 529 parte

135 548 414 609 Cappadocia
440 549 730 595 abArmenia
756 549 1034 610 disiungItur.
1065 549 1119 596 Et
1146 566 1408 613 quamquam
1440 567 1577 599 naves

134 633 377 679 codicariae
417 634 589 679 occulto
625 647 705 693 per
737 633 922 679 hiemem
950 633 1184 680 fabricatae
1219 635 1412 682 aderant.

133 794 228 831 salso
248 793 377 831 laudat
396 806 443 831 ex
463 794 654 842 Iugurtha,
680 794 741 830 ubi
763 805 838 830 non
859 795 1007 840 legitur.
1046 795 1103 831 Ex
1123 806 1196 842 quo
1218 795 1463 832 Historiarum
1485 796 1577 833 libro

132 852 190 897 sit,
213 861 439 899 quamquam
461 852 535 888 dici
559 863 634 887 non
659 855 802 898 potest,
837 856 959 887 tamen
980 852 1046 889 vix
1068 852 1163 888 alius
1183 851 1296 888 homo
1320 853 1467 888 illorum
1489 857 1579 890 tem-

128 920 263 956 porum
284 909 477 956 reperitur,
499 909 535 944 in
558 919 668 956 quem
690 909 806 945 verba
826 909 960 944 melius
981 907 1151 945 adhiberi
1177 909 1345 956 possint,
1377 920 1488 956 quam
1508 910 1578 947 Lu—

132 967 268 1002 cullus.
319 965 384 1002 Cui
408 977 520 1013 quum
543 966 646 1001 multi
669 970 746 1001 tum
766 966 803 1000 in
825 966 992 1001 exercitu
1012 972 1088 1001 tum
1109 966 1251 1002 Romae
1273 965 1577 1011 adversarentur,

130 1023 223 1058 inter
244 1023 318 1058 alia
338 1023 450 1060 etiam
470 1022 542 1059 hoc
566 1023 712 1058 crimini
735 1021 890 1068 dabant,
923 1023 1037 1058 nimia
1069 1033 1153 1058 eum
1182 1023 1328 1070 imperii
1351 1023 1575 1070 prolatandi,

129 1080 154 1116 i.
175 1090 209 1115 e.
233 1079 494 1124 continuandi,
523 1079 700 1126 cupidine
722 1080 856 1125 teneri,
885 1080 1097 1126 bellumque
1122 1091 1168 1115 ex
1189 1081 1285 1116 bello
1314 1091 1455 1117 serere.
1513 1081 1576 1117 Vi-

129 1137 258 1184 guisse
278 1136 349 1173 lias
372 1137 650 1173 criminationes
670 1137 832 1172 maxime
854 1141 951 1181 tum,
982 1147 1093 1182 quum
1125 1138 1150 1172 Ι
1156 1138 1300 1173 ucullus
1320 1136 1534 1173 Mithridate
1555 1149 1576 1172 e

127 1195 246 1229 Ponto
269 1195 427 1241 expulso
449 1194 584 1230 bellum
607 1198 736 1229 contra
752 1193 953 1240 Tigranem
977 1193 1202 1229 inArmenia
1223 1194 1425 1238 moliretur,
1446 1199 1576 1259 aperte

127 1250 238 1286 tradit
259 1251 445 1287 Plutarch.
466 1251 503 1286 in
527 1251 667 1286 Lucull.
691 1261 722 1286 c.
742 1252 802 1287 24.
860 1241 1116 1294 Λούκουλλος
1143 1243 1222 1299 ἤδη
1241 1243 1417 1299 οἰόμενος
1438 1244 1486 1286 τὰ
1506 1249 1576 1287 τοῦ

126 1302 317 1371 προτέρου
337 1303 510 1355 πολέμου
529 1303 654 1368 πέρας
671 1303 772 1355 ἔχειν
786 1326 843 1333 ——-
861 1302 924 1343 ἐπὶ
947 1296 1015 1344 τὸν
1037 1299 1217 1370 δεύτερον
1240 1301 1374 1358 ε’χωρει
1382 1300 1574 1369 πόλεμον,

126 1355 229 1427 ὁρμῇ
247 1376 325 1400 τινι
350 1361 479 1400 δοκῶν
497 1356 713 1427 παραβόλῳ
735 1383 786 1389 —
799 1359 983 1428 ἐμβαλεῖν
1003 1354 1125 1400 αὑτὸν
1144 1360 1197 1408 εἰς
1217 1359 1318 1412 ἔθνη
1338 1356 1512 1432 μάχιμα
1504 1384 1574 1412 ———,

127 1413 222 1457 ὥστε
234 1431 324 1465 τους
339 1416 410 1469 μὲν
428 1430 677 1470 στρατιωτας,
687 1401 774 1456 οὐδ’
790 1413 917 1483 α’λλως
932 1412 1047 1464 ὄντας
1061 1411 1283 1468 εὐτάκτους,
1307 1413 1475 1466 ἄκοντας
1489 1415 1575 1458 ἕπε-

125 1478 225 1513 σθαι
241 1474 309 1514 καὶ
330 1477 656 1542 ζυγομαχοῦντας,
675 1473 718 1513 ἐν
731 1472 779 1513 δὲ
790 1469 916 1528 Ρώμῃ
936 1474 1138 1529 καταβοᾶν
1155 1490 1223 1514 και
1239 1470 1575 1540 διαμαρτύρεσθαι

125 1526 215 1578 τούς
251 1526 540 1600 δημαγωᾶοὺς,
573 1526 633 1579 ὦς
657 1526 870 1583 πόλεμον
902 1530 953 1570 ἐκ
982 1530 1205 1599 πολέμου
1239 1527 1413 1571 διωκει
1439 1527 1574 1572 Λου-·

126 1590 334 1635 κουλλος
356 1581 473 1627 οὐδὲν
493 1589 561 1639 τῆς
578 1584 726 1635 πόλεως
747 1586 954 1652 δεομένης,
969 1581 1075 1627 ἄλλ’
1106 1583 1229 1641 ὑπὲρ
1258 1589 1345 1628 τοῦ
1372 1599 1573 1641 στρατη-

124 1646 223 1696 γῶν
242 1643 492 1711 ffl'ldf'ffpz'f
513 1643 838 1683 καταθέσθαι
867 1659 923 1683 τα
942 1639 1086 1695 όπλα,
1115 1643 1215 1696 μηδὲ
1232 1641 1466 1684 παύσασθαι
1485 1660 1572 1699 χρη-

123 1697 374 1752 ματιζόμενος
393 1694 474 1740 ἆπὸ
494 1703 573 1739 τῶν
593 1703 741 1740 κοινῶν
761 1695 974 1739 κινδύνων.
1030 1704 1134 1749 Quae
1156 1705 1436 1740 criminationes
1459 1716 1572 1751 quum

123 1761 161 1796 in
183 1761 326 1797 Luculli
346 1763 457 1798 rebus
479 1760 716 1808 exponendis
737 1761 888 1796 minime
910 1760 1161 1807 negligendae
1185 1764 1324 1807 essent,
1354 1759 1570 1797 Sallustium

124 1829 362 1864 quoquemeas
385 1818 569 1866 attigisse,
595 1818 664 1854 sed
683 1818 745 1863 ita,
767 1820 806 1853 ut
821 1818 903 1853 sine
923 1818 1083 1864 partium
1102 1816 1228 1854 studio
1249 1828 1381 1854 verum
1402 1818 1568 1861 referret,

124 1885 246 1921 neque
269 1875 414 1913 virtutis
436 1875 578 1911 Luculli
598 1875 793 1910 immemor
819 1878 931 1919 esset,
955 1873 1114 1910 dubitari
1133 1874 1278 1921 nequit..
1327 1873 1451 1918 Quare
1472 1885 1571 1910 com-

124 1931 277 1968 modum
311 1932 538 1979 Fragmento
572 1933 696 1968 locum
726 1932 946 1978 assignasse
969 1931 1077 1967 uobis
1111 1931 1286 1967 videmur
1301 1959 1311 1976 ,
1348 1941 1571 1978 quamquam

123 1989 368 2025 concedimus
397 1989 508 2024 etiam
529 1990 651 2036 quinto
673 1989 765 2024 libro
779 2016 788 2033 ,
817 1989 879 2025 ubi
902 1987 948 2023 de
971 1988 1127 2035 imperio
1150 1988 1303 2024 Lucullo
1331 1986 1571 2025 adversario-

123 2056 204 2081 rum
233 2045 570 2082 machinationibus
604 2047 784 2093 abrogato
814 2045 937 2092 agitur
967 2046 1023 2091 (v.
1042 2045 1104 2082 Fr.
1127 2045 1173 2091 V,
1195 2046 1293 2090 10),
1323 2044 1421 2081 haee
1455 2046 1570 2081 verba

124 2102 199 2149 legi
219 2103 403 2149 potuisse.

234 2159 295 2194 Fr.
318 2161 354 2197 9.
375 2157 489 2204 [Cort.
513 2170 549 2205 p.
571 2162 674 2197 1004.
698 2158 797 2195 Gerl.
824 2158 884 2194 ed.
909 2158 995 2193 mai.
1023 2158 1101 2194 Ine.
1124 2160 1185 2196 49.
1207 2157 1269 2194 ed.
1297 2157 1387 2193 min.
1409 2157 1486 2193 Inc.
1509 2159 1568 2196 23.

121 2217 276 2263 p.237‚
308 2219 366 2253 15.
393 2216 506 2251 Debr.
533 2216 587 2260 V,
617 2217 694 2260 23.]
725 2216 869 2251 Nomen
894 2215 966 2250 hoc
995 2226 1016 2250 a
1036 2216 1158 2251 Probo
1185 2215 1238 2261 Π,
1267 2218 1311 2259 1,
1338 2218 1398 2253 51.
1423 2226 1462 2261 p.
1485 2217 1568 2252 130.

122 2271 292 2308 Lindem.
319 2273 376 2318 (p.
399 2274 504 2311 1473.
527 2269 590 2320 Ρ.)
610 2272 801 2307 laudatum
831 2283 905 2307 non
930 2271 1121 2307 diversum
1140 2271 1289 2307 videtur
1312 2273 1360 2307 ab
1378 2282 1446 2314 eo,
1468 2270 1569 2318 quod

123 2328 226 2376 apud
247 2327 468 2365 Strabonem
486 2327 572 2373 XII,
594 2339 631 2374 p.
651 2331 735 2366 838.
758 2328 802 2364 Β.
830 2329 966 2364 Almel.
992 2319 1039 2363 τὰ
1060 2320 1220 2376 Καμισα
1241 2327 1390 2364 dicitur.
1429 2327 1568 2363 Castel-

123 2387 198 2422 lum
227 2386 295 2422 suit
325 2385 362 2420 in
387 2384 569 2421 Armenia
594 2384 759 2430 minore,
782 2395 857 2431 qua
884 2385 999 2419 Ponto
1033 2385 1193 2420 confinis
1219 2389 1288 2421 est.
1339 2384 1462 2429 Quare
1487 2385 1567 2420 eius

122 2443 259 2479 mentio
283 2446 357 2478 tum
386 2442 485 2478 saeta
513 2452 600 2477 esse
631 2441 798 2485 videtur,
827 2452 940 2488 quum
968 2441 1143 2478 Lucullus
1173 2452 1221 2477 ex
1251 2441 1323 2477 illis
1351 2440 1566 2488 regionibus

122 2511 188 2546 per
210 2498 491 2546 Cappadociam
511 2497 739 2544 Euphratem
758 2501 914 2544 peteret.

235 2557 295 2591 Fr.
319 2559 375 2592 10.
406 2554 522 2600 [Gort.
544 2566 582 2602 p.
603 2556 687 2592 990.
709 2553 809 2590 Gerl.
833 2554 895 2590 ed.
922 2555 1010 2591 mai.
1032 2555 1103 2600 IV,
1126 2557 1185 2593 20.
1211 2553 1271 2590 ed.
1296 2555 1386 2591 min.
1414 2554 1483 2599 IV,
1504 2556 1563 2591 54.

120 2623 158 2658 p.
179 2615 268 2657 229,
289 2615 324 2649 4.
346 2612 457 2648 Debr.
479 2611 533 2657 V,
554 2608 608 2659 8.]
629 2611 724 2646 Non.
746 2610 850 2656 XIII,
874 2614 932 2649 12.
954 2623 991 2658 p.
1013 2615 1102 2656 535,
1123 2615 1179 2650 15.
1203 2611 1320 2648 Merc.
1362 2611 1435 2646 Pro
1454 2611 1563 2646 Ario-

121 2669 297 2704 barzanis
319 2668 536 2704 Gerlachius
559 2678 606 2703 ex
628 2667 688 2703 ed.
713 2667 800 2703 Ald.
824 2672 860 2703 ct
877 2668 973 2703 Iunii
997 2669 1149 2715 scripsit
1168 2667 1434 2711 Ariobarzani,
1463 2666 1564 2713 quod

123 2735 195 2760 non
226 2725 479 2761 damnandum
511 2726 624 2770 soret,
654 2724 686 2760 si
717 2724 889 2760 codicum
920 2725 1137 2761 auctoritate
1158 2725 1358 2768 niteretur,
1380 2723 1427 2759 cf.
1453 2721 1564 2758 Conr.

121 2782 235 2828 Leop.
258 2780 478 2817 Schneideri
502 2781 664 2818 Gramm.
691 2782 751 2816 lat.
784 2781 837 2825 Il,
870 2786 903 2818 l.
936 2793 973 2827 p.
1008 2784 1074 2820 163
1109 2791 1216 2827 sqq.;
1251 2779 1320 2816 sed
1350 2779 1430 2815 libri
1454 2790 1565 2815 manu
