1774 3002
486 168 816 207 HISTORIARUM
844 165 1156 204 FRAGMENTA.
1214 165 1301 201 LIB.
1329 165 1356 200 Ι.
1562 160 1646 203 109

335 297 406 340 84.
458 291 632 352 Magnis
675 290 884 351 operibus
915 288 1122 350 perfectis
1165 286 1383 333 obsidium
1417 286 1531 346 cepit
1565 301 1645 346 per

201 377 251 424 L.
285 375 512 424 Catilinam
538 374 756 436 legatum.
825 368 829 369 ⁷

339 462 418 508 85.v
459 458 791 505 Maturaverunt
825 454 1066 502 exercitum
1101 451 1392 499 Durrachium
1423 466 1603 513 cogere.

203 631 385 677 lacinium,
414 631 478 678 qui
503 628 564 669 his
583 629 708 666 verbis
725 630 848 666 locum
878 629 973 664 inter
995 638 1042 664 ea
1057 622 1283 676 Fragmenta
1303 629 1529 677 attribuerit,
1550 641 1648 677 quae

207 691 379 737 spectum
399 686 449 724 ad
467 685 604 722 Metelli
624 693 687 721 res
706 685 744 722 in
764 685 943 734 Hispania
963 689 1104 733 gestas.

316 743 379 780 Fr.
399 747 459 782 84.
500 740 624 790 [Cort-
650 753 691 789 p.
710 745 792 781 963.
833 742 932 778 Gerl.
962 742 1022 778 ed.
1049 742 1136 778 mai.
1163 742 1198 786 1,
1226 744 1287 780 26.
1326 741 1389 778 ed.
1415 741 1559 787 min.1‚
1587 745 1646 780 66.

203 803 354 849 p.195‚
372 804 434 838 22.
469 797 801 848 Debr.111‚112.]
846 799 972 834 Verba
992 802 1077 835 sunt
1098 771 1199 845 apud,
1219 798 1370 834 Festum
1393 811 1432 835 v.
1458 797 1646 835 obsidium.

207 857 318 921 θοι-Ρ.
339 856 503 893 Gramm.
523 855 604 891 Lat.
626 855 712 890 Vol.
731 855 776 902 11,
795 867 833 903 p.
856 857 936 893 192.
957 854 1021 891 ed.-
1045 854 1214 890 Lindem.
1256 853 1417 899 Cortius,
1437 865 1547 901 quem
1566 855 1648 902 plu-

204 914 290 950 rimi
308 914 444 950 secuti·
453 915 557 957 sunt,
586 912 686 947 male
709 911 860 959 scripsit
877 922 927 947 m.
955 921 1017 958 op.
1032 911 1294 959 profectus
1311 911 1536 958 oppidum
1555 913 1652 960 cepit

205 972 300 1014 ete.;
324 969 452 1017 paullo
472 967 605 1004 melius
626 967 844 1004 Gerlaehius
866 967 904 1003 in
925 967 987 1003 ed.
1006 968 1094 1003 mai.
1118 967 1210 1016 cod..
1227 967 1451 1015 scripturam
1466 967 1651 1014 perfectis

205 1026 387 1071 restitum
420 1026 518 1061 bene
544 1025 657 1060 etiam
682 1023 959 1060 Lindemannus
981 1023 1157 1060 obsedimu-
1178 1024 1347 1070 reposuit
1366 1033 1436 1070 pro
1461 1024 1648 1071 oppim,

205 1081 276 1118 sed
297 1091 373 1117 non
396 1081 490 1117 satis
519 1080 789 1127 circumspecte
818 1081 955 1117 Ursino
978 1084 1129 1115 auctore
1146 1081 1276 1143 ‘coepit
1301 1080 1338 1116 in
1365 1083 1466 1115 textu
1486 1080 1647 1127 reliquit,

204 1137 309 1185 quod
322 1137 430 1174 haud
450 1136 563 1173 dubie
581 1137 718 1173 falsum
737 1141 807 1174 est.
848 1137 890 1172 In
909 1146 1075 1172 errorem
1096 1136 1156 1171 eni
1158 1146 1195 1172 ιιι
1215 1135 1391 1173 inductus
1412 1139 1470 1172 est
1489 1136 1648 1172 Ursinus

205 1195 287 1231 loco
308 1193 426 1230 Taciti
443 1181 598 1229 'Annalh
626 1193 696 1238 IV,
727 1196 848 1240 49,1.
893 1191 1131 1230 obsidium
1156 1194 1315 1255 eoepit
1335 1193 1650 1240 permenam,-

204 1251 268 1298 qui
284 1251 396 1286 locus
416 1251 618 1287 verborum
638 1249 918 1286 similitudinem
938 1248 1071 1294 habet,
1093 1259 1135 1284 re
1155 1249 1239 1295 ipsa
1261 1249 1415 1285 multum
1437 1259 1460 1284 a
1480 1248 1649 1286 Sallusti-

206 1317 278 1343 ano
299 1306 501 1353 discrepat.
555 1306 650 1342 Nam
669 1317 782 1353 quum
802 1306 936 1342 Festus
959 1305 1054 1341 haec
1076 1306 1240 1340 referat:
1272 1304 1547 1350 „obsidium
1572 1310 1650 1342 tan-

204 1368 319 1410 qnam
328 1360 572 1410 praecidam,
590 1361 801 1410 subsidium,
821 1366 921 1398 recte
937 1361 1083 1406 dicitur,
1105 1361 1211 1396 cuius
1227 1361 1337 1396 etiam
1354 1364 1484 1397 auctor
1500 1360 1540 1397 C.
1555 1362 1649 1398 Lae-

174 1426 177 1427 ’
205 1420 278 1456 lius
299 1429 370 1482 pro
394 1429 436 1455 se
465 1418 514 1454 ad
540 1419 744 1464 populum:
771 1419 827 1454 Ut
857 1419 904 1453 in
931 1416 1198 1462 (scribendum
1220 1417 1313 1461 uti)
1343 1417 1491 1452 nobis
1522 1421 1651 1455 terra

204 1475 422 1521 marique
444 1475 587 1510 simul
609 1473 848 1510 obsidium
872 1470 1106 1518 facerent.
1146 1473 1191 1508 Et
1210 1471 1439 1510 Sallustius“
1460 1477 1546 1518 etc„
1566 1475 1650 1511 luce

208 1531 348 1566 elafius
366 1534 436 1574 est,
454 1530 607 1566 Festum
626 1540 701 1565 non
725 1529 786 1566 de
791 1531 877 1566 trita
894 1530 1003 1566 vocis
1021 1533 1205 1577 potestate
1227 1529 1349 1576 loqui,
1380 1539 1454 1576 qua
1470 1530 1571 1566 valet
1590 1530 1651 1567 ob-

204 1588 402 1623 sessionem
416 1586 500 1622 sive
512 1585 744 1634 obsidionem,
761 1585 832 1622 sed
848 1586 1059 1622 inusitatam
1073 1585 1225 1622 wbsidii
1236 1585 1551 1633 significationem
1562 1597 1649 1634 pro-

203 1643 336 1678 borum
358 1642 574 1678 auctoritate
594 1643 815 1688 scriptorum
829 1642 978 1678 firmare
995 1653 1040 1678 ae
1062 1640 1280 1677 defendere.
1323 1641 1446 1686 Quare
1462 1643 1572 1678 unice
1585 1653 1652 1679 ve-

203 1708 287 1734 rum
301 1697 512 1745 »putandum
533 1701 590 1734 est
610 1700 723 1746 cepit,
744 1699 828 1745 ipsa
846 1699 1033 1735 sententia
1052 1698 1125 1734 hoc
1145 1700 1303 1735 verbum
1323 1697 1539 1746 flagitante;
1565 1710 1651 1736 sen-

205 1764 273 1791 sus
293 1754 393 1790 enim
415 1753 482 1790 hic·
497 1758 577 1790 est:
602 1765 716 1800 quum
735 1765 874 1802 magna
891 1766 1007 1802 opera
1026 1754 1271 1801 perfecisset,
1293 1755 1319 1790 i.
1339 1765 1374 1790 e.
1394 1765 1553 1802 magnas
1571 1767 1652 1792 mu-

205 1811 370 1846 nitiones
383 1810 605 1847 instituisset
628 1812 702 1855 (sc.
717 1811 920 1857 imperator
935 1811 1068 1858 aliquis
1085 1811 1131 1847 ab
1146 1810 1317 1847 hostibus
1332 1811 1446 1847 valde
1460 1813 1651 1858 pressus),

206 1867 386 1903 affluam
411 1866 556 1913 accepit
578 1876 647 1913 per
674 1865 880 1903 Catilinam.
926 1867 1070 1914 Gapere
1089 1877 1158 1913 pro
1185 1868 1357 1913 accipere
1378 1866 1555 1903 Sallustio
1575 1878 1649 1903 non
1717 1866 1727 1870 ⁵

207 1922 370 1963 alienum
389 1933 476 1958 esse
496 1922 659 1958 diximus
682 1923 731 1960 ad
750 1923 832 1970 lug.
854 1934 888 1958 e.
906 1923 1086 1966 LXXXV,
1108 1925 1166 1960 18.
1187 1934 1227 1969 p.
1246 1925 1329 1960 463.
1366 1922 1447 1966 Quo
1468 1924 1654 1970 pertineat

210 1978 472 2024 Fragmentum
493 1977 567 2013 dici
586 1979 737 2023 nequit;
763 1978 833 2014 sed
859 1989 973 2024 quum
991 1979 1034 2014 L.
1060 1977 1216 2013 Catilina
1236 1978 1364 2015 Sullae
1386 1978 1499 2015 valde
1521 1984 1651 2027 gratus

209 2037 311 2068 esset
330 2034 441 2079 eique
460 2043 614 2079 operam
645 2033 683 2068 in
712 2034 966 2079 exsequendis
991 2034 1159 2070 consiliis
1178 2038 1388 2080 praestaret
1409 2036 1466 2080 (v.
1484 2035 1651 2083 Appian.

211 2088 259 2124 de
278 2087 502 2132 B.c.11‚.2
522 2099 560 2134 Ρ.
584 2091 664 2128 176.
691 2088 907 2136 Schweigh.
947 2083 1377 2134 Κατιλίνας-Συλλα
1393 2088 1509 2138 φίλος
1524 2102 1566 2128 τε
1583 2088 1653 2129 καὶ

210 2137 422 2193 στασιώτης
444 2139 512 2180 καὶ
532 2143 700 2192 ζηλωτῆς
723 2137 891 2192 μάλιστα
906 2156 1089 2195 γεγονως.
1135 2145 1322 2182 Plutarch.
1348 2147 1387 2182 in
1409 2146 1515 2184 Sulla
1534 2159 1568 2193 c,
1588 2151 1649 2187 32.

212 2201 258 2244 Q.
281 2199 357 2236 Cic.
378 2200 427 2235 de
449 2200 553 2246 petit.
576 2202 721 2236 consul.
741 2212 776 2237 c.
795 2205 839 2246 2,
859 2206 954 2237 extr.
963 2203 1002 2247 ),
1032 2202 1190 2238 coniieio
1216 2204 1336 2239 verba
1354 2203 1452 2239 lecta
1475 2204 1624 2240 ruisse
1614 2215 1652 2240 m

212 2256 424 2292 narratione
445 2257 532 2292 belli
554 2255 696 2293 Sullani
716 2261 845 2295 contra
863 2258 1067 2294 Marianos.
1111 2257 1189 2295 Sed
1210 2262 1289 2294 utut
1307 2263 1377 2304 est,
1397 2270 1554 2306 prorsus
1574 2261 1653 2296 ine-

210 2313 278 2359 ptit
293 2311 530 2357 Debrossius,
549 2312 616 2359 qui
626 2314 743 2350 verba
755 2314 795 2349 in
813 2316 955 2351 tertium
968 2314 1102 2351 librum
1115 2316 1294 2351 translata
1311 2314 1359 2350 de
1373 2315 1542 2352 Moesiae
1559 2319 1650 2353 urbe

214 2367 374 2404 Sar-dica
393 2379 461 2415 per
481 2367 672 2404 Catilinam
693 2368 864 2407 Curionis
883 2371 1045 2418 legatum
1066 2375 1176 2418 capta
1197 2372 1468 2419 interpretatur.

324 2424 384 2461 Fr.
404 2427 464 2462 85.
504 2421 626 2472 [Cort.
649 2424 688 2471 Ρ.
709 2427 790 2464 954.
832 2426 930 2462 Gerl.
952 2426 1013 2462 ed.
1040 2428 1127 2463 mai.
1147 2426 1184 2471 1,
1211 2429 1271 2465 31.
1312 2427 1375 2464 ed.
1402 2428 1491 2463 min.
1520 2429 1558 2474 1,
1591 2430 1650 2468 69.

212 2491 250 2527 Ρ.
270 2483 359 2524 195,
378 2482 438 2518 28.
478 2479 590 2515 Debr.
609 2480 663 2524 11,
680 2477 789 2526 143]
826 2482 1003 2528 Arusian.
1023 2493 1060 2518 v.
1087 2493 1194 2530 coyo,
1219 2494 1257 2530 p.
1281 2485 1363 2522 218.
1388 2484 1555 2521 Lindem.
1595 2485 1650 2521 De

215 2537 350 2582 quibus
371 2546 495 2572 sermo
519 2536 585 2580 sit,
613 2545 659 2571 eo
687 2534 876 2574 difficilius
905 2543 962 2574 est
986 2540 1233 2586 constituere,
1262 2549 1375 2585 quum
1400 2544 1550 2586 praeter
1575 2542 1651 2576 alia

214 2593 329 2628 multa
348 2593 459 2628 etiam
478 2591 549 2626 hoc
571 2591 619 2626 sit
638 2591 839 2639 incertum,-
861 2594 899 2630 in
916 2595 1030 2642 Epiro
1051 2595 1251 2638 exercitus,
1276 2605 1324 2631 an
1345 2596 1384 2630 in
1402 2596 1508 2632 Italia
1528 2597 1650 2632 suerit.

215 2647 273 2683 Ac
292 2646 514 2684 Gerlachius
533 2646 682 2694 quidem
700 2653 978 2687 malm-amum
993 2650 1041 2686 de
1055 2651 1181 2698 Appio
1199 2649 1361 2692 claudio*
1374 2655 1411 2687 et
1429 2652 1470 2687 P.
1488 2651 1649 2690 Servilio

219 2702 400 2751 intelligit,
421 2714 578 2751 quorum
594 2704 655 2739 ille
675 2704 716 2740 in
728 2704 987 2743 Macedoniam
1003 2708 1250 2754 provinciam,
1270 2706 1332 2744 hie
1348 2708 1385 2743 in
1403 2709 1546 2755 piratas
1564 2719 1650 2754 pro-

217 2758 468 2804 ficisceretur;
500 2759 600 2807 quod
628 2771 851 2807 quamquam
881 2764 960 2799 veri
987 2763 1174 2810 quandam
1197 2765 1363 2811 speciem
1382 2764 1515 2808 habet,
1542 2776 1580 2800 v.
1600 2763 1650 2799 ad
