1774 3002
459 131 788 171 HlSTORIARUM
814 127 1127 167 FRAGMENTA.
1186 126 1273 163 LIB.
1305 126 1348 162 11.
1549 120 1634 162 149

822 307 915 342 Gar.
940 307 985 340 V.

277 381 346 414 Res
371 357 532 412 urbanae.
557 394 605 400 -—-
629 374 865 408 contentiones
890 376 933 407 de
958 372 1166 406 restituenda
1189 377 1354 414 potestate
1377 370 1570 403 tribunicia.
1586 388 1633 393 —

189 446 351 476 Annonae
381 441 523 480 caritas,
560 447 666 477 eaque
700 441 793 468 onus
826 436 938 479 plebis
969 433 1144 467 tumultus.
1182 449 1228 455 —
1260 431 1297 466 C.
1334 432 1450 464 Cottae
1483 429 1633 462 consulis

186 504 304 537 oratio.
331 519 377 526 -
400 499 525 533 Terrae
547 503 668 530 motus.

323 687 393 730 44.
447 680 504 727 Ut
537 674 709 725 actione
738 678 981 725 desisteret.

323 767 413 811 45.-
449 763 562 820 Quia
593 777 779 822 corpore
811 764 855 807 et
889 761 1042 820 lingua
1074 755 1286 817 percitum
1321 758 1365 801 et
1398 755 1631 818 inquietem

190 848 363 894 nomine
389 844 612 893 histrionis
644 845 723 890 vix
751 843 847 894 sani
886 840 1167 887 Burbuleium
1195 837 1456 899 appellabat.

194 983 302 1020 terris
323 983 430 1020 bellis
450 986 645 1030 occupato.
662 1000 721 1007 —-
753 981 823 1015 Pro
838 979 1004 1026 primam
1019 977 1165 1014 Cortius
1182 980 1311 1013 contra
1329 974 1505 1012 codicum
1520 975 1635 1012 fidem

190 1040 303 1076 habet
318 1040 503 1091 prinum,
533 1049 606 1086 quo
629 1048 764 1074 sensus
786 1046 942 1082 prorsus
962 1034 1209 1081 pervertitur;
1233 1042 1318 1067 nam
1335 1033 1500 1079 prima
1518 1031 1636 1080 Iapy-

191 1096 253 1132 diu
272 1096 320 1132 de
346 1095 440 1142 ipsis
464 1095 598 1131 finibus
619 1098 656 1129 et
681 1094 788 1140 quasi
817 1091 966 1126 introitu
995 1089 1178 1137 Iapydiae
1203 1088 1445 1136 intelligenda
1469 1093 1546 1134 est,
1574 1089 1635 1124 cui

194 1151 400 1189 sententiae
417 1153 528 1188 etiam
548 1150 652 1186 modo
671 1148 855 1196 particula
878 1147 1066 1183 convenit.
1113 1147 1195 1182 Non
1211 1146 1333 1181 minus
1355 1145 1451 1181 salso
1474 1144 1635 1181 Debros-

193 1209 271 1245 sius
293 1208 353 1254 Π,
365 1209 421 1246 71.
441 1207 553 1244 habet
564 1207 705 1253 prima.
727 1225 781 1230 —
817 1203 988 1240 Ceterum
1008 1203 1170 1250 Iapydia
1191 1201 1432 1248 scripsimus,
1453 1205 1493 1237 ut
1514 1202 1637 1248 poscit

192 1268 369 1301 constans
385 1264 605 1310 scriptorum
621 1273 725 1305 usus,
748 1260 1004 1306 cl'.Forbige1-.
1022 1260 1157 1306 Geogr.
1175 1259 1288 1305 antiq.
1304 1259 1391 1298 Vol
1412 1257 1471 1293 111.
1488 1269 1525 1305 p.
1541 1260 1633 1303 836;

193 1321 349 1358 Servius
370 1324 406 1356 et
429 1319 519 1355 Sall.
539 1317 628 1354 edd.
648 1321 773 1354 tenent
794 1316 955 1363 Iapidia.

304 1377 364 1413 Fr.
390 1377 448 1413 43.
485 1372 625 1423 [Deest
652 1373 754 1420 apud
784 1372 883 1409 Cort.
903 1393 958 1398 ’-
1002 1372 1103 1408 Gerl.
1133 1370 1195 1406 ed.
1223 1370 1312 1406 mai.
1342 1370 1422 1405 lnc.
1450 1372 1532 1408 186.
1573 1369 1635 1405 ed.

192 1434 281 1470 min.
306 1433 383 1468 Inc-
406 1434 464 1469 58.
492 1441 532 1477 p.
551 1433 642 1475 239,
674 1435 710 1467 1.
748 1430 859 1465 Debr.
889 1429 938 1472 Π,
963 1426 1067 1476 155.]
1112 1429 1255 1478 Probus
1281 1438 1321 1473 p.
1351 1428 1454 1464 1462.
1483 1425 1634 1463 Putsch.

192 1486 568 1535 (Gorpz‘Grammattz
598 1487 689 1521 Latt.
719 1486 806 1521 Vol.
825 1485 853 1520 1.
885 1496 923 1532 p.
946 1488 1024 1522 120.
1048 1483 1247 1528 Lindem.)
1272 1482 1353 1521 hoc.
1374 1482 1482 1521 urbis
1498 1493 1637 1518 nomen

194 1546 274 1582 sine
295 1542 379 1580 libri
406 1543 598 1583 notatione
619 1542 747 1586 affert,
778 1541 868 1577 satis
896 1542 987 1578 mire
1017 1542 1227 1577 observans
1248 1539 1375 1575 Stobos
1394 1538 1497 1585 apud
1515 1538 1637 1575 Sallu-

193 1602 303 1638 stium
318 1600 393 1647 legi
414 1610 569 1636 numero
590 1609 741 1645 semper
759 1598 907 1645 plurali.
951 1598 1044 1633 Eam
1065 1598 1196 1633 urbem
1216 1595 1464 1632 Macedoniae
1485 1595 1637 1632 notissi-

190 1667 289 1693 mam
310 1657 348 1692 in
371 1655 543 1692 Curionis
564 1655 802 1702 expeditione
820 1658 1065 1689 memoratam
1085 1654 1204 1689 fuisse
1223 1653 1263 1688 in
1285 1651 1412 1699 aprico
1438 1656 1507 1699 est.

297 1713 364 1749 Fr.
391 1715 451 1750 44.
494 1710 610 1760 [cort.
637 1723 677 1758 p.
707 1714 789 1750 958.
829 1709 929 1746 Gerl.
953 1710 1014 1746 ed.
1044 1710 1132 1745 mai.
1153 1709 1195 1753 11,
1219 1711 1278 1747 19.
1307 1708 1368 1744 ed.
1394 1708 1486 1743 min.
1512 1709 1556 1753 11,
1575 1711 1636 1747 ω.

189 1773 329 1817 p.2o5,
350 1771 409 1807 14.
438 1769 560 1804 Debr.
570 1768 597 1812 1,
617 1768 694 1813 45.]
741 1767 868 1804 Tenue
889 1767 1173 1813 Fragmentum,
1210 1766 1255 1801 ab
1282 1765 1470 1802 Arusiano
1506 1775 1545 1800 v.
1573 1765 1636 1801 de

188 1827 318 1862 simo
335 1836 375 1872 p.
392 1827 476 1862 224.
498 1824 606 1860 Lind.
626 1827 838 1867 servatum,
858 1822 1047 1869 quomodo
1064 1821 1347 1869 intelligendum
1372 1822 1438 1865 sit,
1465 1832 1538 1856 non
1558 1832 1639 1857 eer-

191 1886 266 1917 tum
294 1881 463 1928 quidem,
504 1880 574 1916 sed
604 1885 727 1915 tamen
760 1891 835 1915 non
861 1880 972 1925 plane
999 1880 1199 1915 obscurum
1229 1882 1299 1913 est.
1348 1878 1405 1912 Ex
1434 1888 1507 1923 quo
1538 1877 1637 1913 enim

190 1941 357 1984 potestas
380 1937 578 1972 tribunicia
603 1947 673 1982 per
692 1934 834 1972 Sullam
863 1936 981 1970 fracia
1008 1945 1052 1969 ac
1070 1945 1192 1980 paene
1222 1934 1368 1969 sublata
1388 1933 1473 1976 ruit,
1503 1933 1637 1979 paucis

192 1993 301 2028 annis
328 1996 414 2038 post
443 1992 648 2027 acerrimae
677 1991 934 2027 contentiones
962 1990 1225 2025 exoriebantur
1253 1989 1304 2024 ad
1330 2000 1414 2024 eam
1442 1991 1639 2025 restituen-

194 2049 301 2091 dam;
333 2048 381 2083 cf.
409 2046 621 2084 Schlosseri
647 2047 743 2082 Hist.
771 2046 999 2092 antiquitatis
1033 2047 1137 2081 univ.
1167 2046 1254 2081 Vol.
1280 2045 1325 2081 Π.
1351 2046 1392 2082 P.
1420 2049 1458 2084 2.
1484 2057 1521 2092 p.
1552 2049 1638 2085 393.

194 2108 231 2140 et
258 2103 462 2139 Drumanni
491 2103 585 2139 Hist.
611 2102 722 2138 Rom.
746 2103 829 2138 Vol.
858 2102 921 2138 IV.
948 2113 985 2148 p.
1011 2104 1183 2149 384'sqq.
1236 2102 1379 2146 Quibus
1405 2102 1637 2148 plebeiorum

194 2160 388 2196 conatibus
420 2170 532 2206 quum
560 2159 733 2195 nobilitas
768 2159 869 2194 initio
900 2158 1144 2195 vehementer
1177 2158 1395 2203 obsisteret,
1435 2162 1473 2193 et
1502 2159 1638 2205 quovis

192 2215 306 2252 modo
323 2226 391 2251 eos
411 2215 593 2262 impedire
619 2215 798 2258 studeret,
813 2226 894 2250 non
910 2215 1153 2261 improbabile
1174 2218 1230 2250 est
1244 2212 1453 2254 hissverbis
1476 2215 1638 2261 spectari

192 2272 242 2309 ad
274 2271 503 2319 optimatium
537 2276 636 2308 artes
673 2271 1063 2317 machinationesque,
1105 2269 1238 2318 quibus
1266 2271 1451 2318 tribunum
1478 2272 1638 2318 aliquem

192 2331 405 2371 moverent,
434 2331 476 2364 ul
495 2329 639 2364 actione
658 2328 856 2364 desisteret.
909 2327 1141 2374 Quamquam
1162 2338 1235 2363 non
1259 2339 1357 2374 nego
1384 2329 1638 2364 verba-etiam

195 2385 243 2421 de
268 2383 471 2420 omittenda
497 2385 622 2430 aliqua
646 2384 904 2428 accusatione,
934 2394 1044 2430 quam
1067 2384 1151 2430 quis
1170 2385 1309 2430 potenti
1337 2384 1448 2420 alicui
1474 2385 1556 2420 viro
1585 2385 1638 2419 in-

195 2440 385 2484 tenderet,
408 2440 491 2487 capi
509 2450 638 2486 posse.
796 2451 799 2453 ’

305 2497 363 2533 Fr.
392 2499 451 2534 45.
493 2493 607 2544 [cori.
636 2507 673 2543 p.
698 2498 780 2535 960.
813 2496 913 2532 Gerl.
941 2496 1003 2532 ed.
1034 2496 1119 2531 mai.
1146 2495 1189 2539 11,
1214 2498 1274 2533 35.
1304 2495 1366 2531 ed.
1394 2496 1481 2531 min.
1514 2497 1557 2541 Π,
1577 2500 1637 2535 81.

193 2566 231 2601 p.
247 2557 328 2597 m,
347 2555 403 2591 14.
418 2553 529 2589 Debr.
546 2552 589 2595 11,
606 2550 681 2600 76.]
721 2552 850 2588 Verba
870 2553 988 2589 attulit
1004 2552 1184 2588 Priscian.
1202 2551 1264 2593 VI,
1282 2555 1403 2595 11,OE
1420 2553 1637 2599 p.256.Kr.‚

194 2613 235 2646 ul
252 2610 427 2657 probaret
445 2610 547 2656 quies
565 2609 705 2655 pariter
723 2611 834 2654 atque
857 2609 998 2656 inquies
1024 2608 1250 2653 adiectivum
1277 2618 1365 2644 esse
1392 2609 1499 2644 trium
1526 2620 1640 2656 gene-

198 2675 300 2710 rum;
329 2666 377 2702 cl'.
404 2665 453 2701 ad
472 2665 532 2701 Fr.
552 2664 581 2712 Ι,
601 2667 637 2702 8.
678 2664 837 2700 Temere
863 2665 973 2712 igitur
995 2664 1213 2701 Gerlaehius
1235 2663 1355 2699 in--ed.
1378 2665 1466 2702 min.
1490 2666 1640 2712 scripsit

195 2722 411 2769 widem,-
442 2723 581 2757 temere
610 2720 709 2756 idem
741 2720 779 2756 in
805 2719 866 2756 ed.
887 2721 975 2757 min.
1003 2720 1214 2768 appellabat
1235 2721 1391 2756 mutavit
1415 2722 1452 2756 in
1476 2722 1641 2769 appella-
