<?xml version="1.0" encoding="UTF-8"?>
<!DOCTYPE html PUBLIC "-//W3C//DTD XHTML 1.0 Transitional//EN"
    "http://www.w3.org/TR/xhtml1/DTD/xhtml1-transitional.dtd">
<html xmlns="http://www.w3.org/1999/xhtml" xml:lang="en" lang="en">
 <head>
  <title>
</title>
<meta http-equiv="Content-Type" content="text/html;charset=utf-8" />
  <meta name='ocr-system' content='tesseract 3.04.00' />
  <meta name='ocr-capabilities' content='ocr_page ocr_carea ocr_par ocr_line ocrx_word'/>
</head>
<body>
  <div class='ocr_page' id='page_1' title='image "./operaquaesupersu03salluoft_0322.png"; bbox 0 0 1774 3002; ppageno 0'>
   <div class='ocr_carea' id='block_1_1' title="bbox 164 125 1131 174">
    <p class='ocr_par' dir='ltr' id='par_1_1' title="bbox 164 125 1131 174">
     <span class='ocr_line' id='line_1_1' title="bbox 164 125 1131 174; baseline 0.006 -7"><span class='ocrx_word' id='word_1_1' title='bbox 164 125 248 168; x_wconf 79' lang='lat'>272</span> <span class='ocrx_word' id='word_1_2' title='bbox 650 133 689 171; x_wconf 80' lang='lat' dir='ltr'>C.</span> <span class='ocrx_word' id='word_1_3' title='bbox 720 134 951 173; x_wconf 90' lang='lat' dir='ltr'>SALLUSTI</span> <span class='ocrx_word' id='word_1_4' title='bbox 981 134 1131 174; x_wconf 88' lang='lat' dir='ltr'><strong>CRISPI</strong></span> 
     </span>
    </p>
   </div>
   <div class='ocr_carea' id='block_1_2' title="bbox 163 254 1617 399">
    <p class='ocr_par' dir='ltr' id='par_1_2' title="bbox 163 254 1617 399">
     <span class='ocr_line' id='line_1_2' title="bbox 166 254 1617 316; baseline 0.007 -17"><span class='ocrx_word' id='word_1_5' title='bbox 166 254 349 301; x_wconf 79' lang='lat' dir='ltr'>sarcinis</span> <span class='ocrx_word' id='word_1_6' title='bbox 385 257 695 316; x_wconf 84' lang='lat' dir='ltr'>paludamenta</span> <span class='ocrx_word' id='word_1_7' title='bbox 734 261 943 306; x_wconf 80' lang='lat' dir='ltr'>ostentari</span> <span class='ocrx_word' id='word_1_8' title='bbox 989 265 1032 307; x_wconf 84' lang='lat' dir='ltr'>et</span> <span class='ocrx_word' id='word_1_9' title='bbox 1070 263 1265 308; x_wconf 87' lang='lat' dir='ltr'>delectae</span> <span class='ocrx_word' id='word_1_10' title='bbox 1305 262 1510 308; x_wconf 80' lang='lat' dir='ltr'><strong>cohortes</strong></span> <span class='ocrx_word' id='word_1_11' title='bbox 1545 263 1617 308; x_wconf 88' lang='lat' dir='ltr'>in-</span> 
     </span>
     <span class='ocr_line' id='line_1_3' title="bbox 163 337 666 399; baseline 0.012 -18"><span class='ocrx_word' id='word_1_12' title='bbox 163 337 312 399; x_wconf 82' lang='lat' dir='ltr'>tellegi</span> <span class='ocrx_word' id='word_1_13' title='bbox 351 354 538 399; x_wconf 88' lang='lat' dir='ltr'>coepere</span> <span class='ocrx_word' id='word_1_14' title='bbox 558 377 567 386; x_wconf 95' lang='lat'>.</span> <span class='ocrx_word' id='word_1_15' title='bbox 592 377 601 386; x_wconf 93' lang='lat'>.</span> <span class='ocrx_word' id='word_1_16' title='bbox 625 377 634 386; x_wconf 89' lang='lat'>.</span> <span class='ocrx_word' id='word_1_17' title='bbox 657 376 666 386; x_wconf 93' lang='lat'>.</span> 
     </span>
    </p>
   </div>
   <div class='ocr_carea' id='block_1_3' title="bbox 301 423 1613 475">
    <p class='ocr_par' dir='ltr' id='par_1_3' title="bbox 301 423 1613 475">
     <span class='ocr_line' id='line_1_4' title="bbox 301 423 1613 475; baseline 0.006 -8"><span class='ocrx_word' id='word_1_18' title='bbox 301 426 368 468; x_wconf 75' lang='lat'>81.</span> <span class='ocrx_word' id='word_1_19' title='bbox 425 423 542 470; x_wconf 84' lang='lat' dir='ltr'>Citra</span> <span class='ocrx_word' id='word_1_20' title='bbox 573 425 740 471; x_wconf 87' lang='lat' dir='ltr'>Padum</span> <span class='ocrx_word' id='word_1_21' title='bbox 771 426 974 471; x_wconf 90' lang='lat' dir='ltr'>omnibus</span> <span class='ocrx_word' id='word_1_22' title='bbox 1012 427 1085 473; x_wconf 84' lang='lat' dir='ltr'>lex</span> <span class='ocrx_word' id='word_1_23' title='bbox 1118 428 1311 473; x_wconf 83' lang='lat' dir='ltr'>Lucania</span> <span class='ocrx_word' id='word_1_24' title='bbox 1350 429 1485 475; x_wconf 83' lang='lat' dir='ltr'>fratra</span> <span class='ocrx_word' id='word_1_25' title='bbox 1521 429 1613 475; x_wconf 83' lang='lat' dir='ltr'>fuit.</span> 
     </span>
    </p>
   </div>
   <div class='ocr_carea' id='block_1_4' title="bbox 749 571 1033 578">
    <p class='ocr_par' dir='ltr' id='par_1_4' title="bbox 749 571 1033 578">
     <span class='ocr_line' id='line_1_5' title="bbox 749 571 1033 578; baseline 0 2424"><span class='ocrx_word' id='word_1_26' title='bbox 749 571 1033 578; x_wconf 95' lang='lat' dir='ltr'> </span> 
     </span>
    </p>
   </div>
   <div class='ocr_carea' id='block_1_5' title="bbox 798 633 970 668">
    <p class='ocr_par' dir='ltr' id='par_1_5' title="bbox 798 633 970 668">
     <span class='ocr_line' id='line_1_6' title="bbox 798 633 970 668; baseline 0.006 -2"><span class='ocrx_word' id='word_1_27' title='bbox 798 633 887 667; x_wconf 80' lang='lat' dir='ltr'>CAP.</span> <span class='ocrx_word' id='word_1_28' title='bbox 914 635 970 668; x_wconf 87' lang='lat' dir='ltr'>VI.</span> 
     </span>
    </p>
   </div>
   <div class='ocr_carea' id='block_1_6' title="bbox 161 700 1613 807">
    <p class='ocr_par' dir='ltr' id='par_1_6' title="bbox 161 700 1613 807">
     <span class='ocr_line' id='line_1_7' title="bbox 257 700 1613 738; baseline 0.003 -5"><span class='ocrx_word' id='word_1_29' title='bbox 257 702 323 734; x_wconf 86' lang='lat' dir='ltr'>Res</span> <span class='ocrx_word' id='word_1_30' title='bbox 349 700 508 734; x_wconf 79' lang='lat' dir='ltr'>urbanae.</span> <span class='ocrx_word' id='word_1_31' title='bbox 539 718 582 723; x_wconf 93' lang='lat'><strong>—</strong></span> <span class='ocrx_word' id='word_1_32' title='bbox 612 700 725 733; x_wconf 79' lang='lat' dir='ltr'><strong>Oratio</strong></span> <span class='ocrx_word' id='word_1_33' title='bbox 751 702 823 734; x_wconf 88' lang='lat' dir='ltr'>Lic.</span> <span class='ocrx_word' id='word_1_34' title='bbox 854 702 970 735; x_wconf 87' lang='lat' dir='ltr'>Macri.</span> <span class='ocrx_word' id='word_1_35' title='bbox 993 719 1040 726; x_wconf 87' lang='lat'>-—</span> <span class='ocrx_word' id='word_1_36' title='bbox 1065 702 1304 735; x_wconf 67' lang='lat' dir='ltr'>contentiones</span> <span class='ocrx_word' id='word_1_37' title='bbox 1330 704 1372 735; x_wconf 82' lang='lat' dir='ltr'>de</span> <span class='ocrx_word' id='word_1_38' title='bbox 1405 705 1613 738; x_wconf 83' lang='lat' dir='ltr'>restituenda</span> 
     </span>
     <span class='ocr_line' id='line_1_8' title="bbox 161 756 1404 807; baseline 0 -13"><span class='ocrx_word' id='word_1_39' title='bbox 161 766 327 806; x_wconf 79' lang='lat' dir='ltr'>potestate</span> <span class='ocrx_word' id='word_1_40' title='bbox 353 759 545 791; x_wconf 84' lang='lat' dir='ltr'>tribunicia.</span> <span class='ocrx_word' id='word_1_41' title='bbox 594 761 646 796; x_wconf 80' lang='lat' dir='ltr'>Fr.</span> <span class='ocrx_word' id='word_1_42' title='bbox 675 761 837 797; x_wconf 80' lang='lat'>82—85.</span> <span class='ocrx_word' id='word_1_43' title='bbox 868 756 972 806; x_wconf 77' lang='lat' dir='ltr'>[Anni</span> <span class='ocrx_word' id='word_1_44' title='bbox 999 765 1161 796; x_wconf 80' lang='lat'>74—72.</span> <span class='ocrx_word' id='word_1_45' title='bbox 1188 775 1220 799; x_wconf 77' lang='lat' dir='ltr'>a.</span> <span class='ocrx_word' id='word_1_46' title='bbox 1247 763 1324 797; x_wconf 81' lang='lat' dir='ltr'>Chr.</span> <span class='ocrx_word' id='word_1_47' title='bbox 1352 763 1404 807; x_wconf 89' lang='lat' dir='ltr'>n.]</span> 
     </span>
    </p>
   </div>
   <div class='ocr_carea' id='block_1_7' title="bbox 786 863 986 868">
    <p class='ocr_par' dir='ltr' id='par_1_7' title="bbox 786 863 986 868">
     <span class='ocr_line' id='line_1_9' title="bbox 786 863 986 868; baseline 0 0"><span class='ocrx_word' id='word_1_48' title='bbox 786 863 986 868; x_wconf 95' lang='lat' dir='ltr'> </span> 
     </span>
    </p>
   </div>
   <div class='ocr_carea' id='block_1_8' title="bbox 299 924 1611 1072">
    <p class='ocr_par' dir='ltr' id='par_1_8' title="bbox 299 924 1611 1072">
     <span class='ocr_line' id='line_1_10' title="bbox 299 924 1577 990; baseline 0.002 -19"><span class='ocrx_word' id='word_1_49' title='bbox 299 929 366 971; x_wconf 79' lang='lat'>82.</span> <span class='ocrx_word' id='word_1_50' title='bbox 428 924 581 972; x_wconf 75' lang='lat' dir='ltr'>Oratio</span> <span class='ocrx_word' id='word_1_51' title='bbox 603 925 763 972; x_wconf 74' lang='lat' dir='ltr'>Macri</span> <span class='ocrx_word' id='word_1_52' title='bbox 783 927 927 974; x_wconf 62' lang='lat' dir='ltr'>Lzbznz&#39;</span> <span class='ocrx_word' id='word_1_53' title='bbox 953 928 1120 973; x_wconf 75' lang='lat' dir='ltr'>tribuni</span> <span class='ocrx_word' id='word_1_54' title='bbox 1141 927 1285 990; x_wconf 76' lang='lat' dir='ltr'>plebis</span> <span class='ocrx_word' id='word_1_55' title='bbox 1310 928 1373 972; x_wconf 85' lang='lat' dir='ltr'>ad</span> <span class='ocrx_word' id='word_1_56' title='bbox 1393 928 1577 989; x_wconf 80' lang='lat' dir='ltr'><em>plebem.</em></span> 
     </span>
     <span class='ocr_line' id='line_1_11' title="bbox 303 1007 1611 1072; baseline 0.004 -19"><span class='ocrx_word' id='word_1_57' title='bbox 303 1009 372 1065; x_wconf 87' lang='lat' dir='ltr'>Si,</span> <span class='ocrx_word' id='word_1_58' title='bbox 430 1007 643 1066; x_wconf 83' lang='lat' dir='ltr'><strong>Quirites,</strong></span> <span class='ocrx_word' id='word_1_59' title='bbox 677 1025 831 1070; x_wconf 89' lang='lat' dir='ltr'>parum</span> <span class='ocrx_word' id='word_1_60' title='bbox 866 1010 1213 1067; x_wconf 82' lang='lat' dir='ltr'>existumaretis,</span> <span class='ocrx_word' id='word_1_61' title='bbox 1253 1011 1356 1072; x_wconf 87' lang='lat' dir='ltr'>quid</span> <span class='ocrx_word' id='word_1_62' title='bbox 1396 1011 1508 1058; x_wconf 83' lang='lat' dir='ltr'>inter</span> <span class='ocrx_word' id='word_1_63' title='bbox 1542 1012 1611 1058; x_wconf 91' lang='lat' dir='ltr'>ius</span> 
     </span>
    </p>
   </div>
   <div class='ocr_carea' id='block_1_9' title="bbox 154 1147 1610 2784">
    <p class='ocr_par' dir='ltr' id='par_1_9' title="bbox 154 1147 1610 2784">
     <span class='ocr_line' id='line_1_12' title="bbox 160 1147 1610 1197; baseline 0.001 -14"><span class='ocrx_word' id='word_1_64' title='bbox 160 1148 314 1188; x_wconf 78' lang='lat' dir='ltr'>Lentulo</span> <span class='ocrx_word' id='word_1_65' title='bbox 339 1147 449 1184; x_wconf 85' lang='lat' dir='ltr'>valde</span> <span class='ocrx_word' id='word_1_66' title='bbox 473 1158 495 1182; x_wconf 91' lang='lat' dir='ltr'>a</span> <span class='ocrx_word' id='word_1_67' title='bbox 519 1148 642 1185; x_wconf 87' lang='lat' dir='ltr'>servis</span> <span class='ocrx_word' id='word_1_68' title='bbox 664 1159 799 1195; x_wconf 75' lang='lat' dir='ltr'>presso</span> <span class='ocrx_word' id='word_1_69' title='bbox 821 1148 950 1195; x_wconf 83' lang='lat' dir='ltr'>copias</span> <span class='ocrx_word' id='word_1_70' title='bbox 969 1149 1106 1184; x_wconf 87' lang='lat' dir='ltr'>auxilio</span> <span class='ocrx_word' id='word_1_71' title='bbox 1128 1149 1293 1194; x_wconf 82' lang='lat' dir='ltr'>venisse,</span> <span class='ocrx_word' id='word_1_72' title='bbox 1310 1160 1450 1197; x_wconf 88' lang='lat' dir='ltr'>easque</span> <span class='ocrx_word' id='word_1_73' title='bbox 1460 1150 1610 1196; x_wconf 77' lang='lat' dir='ltr'>paulla-</span> 
     </span>
     <span class='ocr_line' id='line_1_13' title="bbox 161 1204 1608 1252; baseline 0 -10"><span class='ocrx_word' id='word_1_74' title='bbox 161 1207 241 1250; x_wconf 81' lang='lat' dir='ltr'>tim,</span> <span class='ocrx_word' id='word_1_75' title='bbox 271 1205 356 1240; x_wconf 86' lang='lat' dir='ltr'>dum</span> <span class='ocrx_word' id='word_1_76' title='bbox 378 1206 539 1251; x_wconf 77' lang='lat' dir='ltr'>propius</span> <span class='ocrx_word' id='word_1_77' title='bbox 564 1206 762 1251; x_wconf 79' lang='lat' dir='ltr'>accedunt,</span> <span class='ocrx_word' id='word_1_78' title='bbox 796 1206 958 1252; x_wconf 72' lang='lat' dir='ltr'>coqnitas</span> <span class='ocrx_word' id='word_1_79' title='bbox 983 1204 1120 1252; x_wconf 80' lang='lat' dir='ltr'>fuisse,</span> <span class='ocrx_word' id='word_1_80' title='bbox 1150 1217 1262 1252; x_wconf 89' lang='lat' dir='ltr'>quum</span> <span class='ocrx_word' id='word_1_81' title='bbox 1291 1206 1410 1252; x_wconf 90' lang='lat' dir='ltr'>primo</span> <span class='ocrx_word' id='word_1_82' title='bbox 1437 1206 1608 1243; x_wconf 83' lang='lat' dir='ltr'>sarcinae</span> 
     </span>
     <span class='ocr_line' id='line_1_14' title="bbox 162 1261 1608 1310; baseline 0 -11"><span class='ocrx_word' id='word_1_83' title='bbox 162 1262 313 1298; x_wconf 88' lang='lat' dir='ltr'>dubiam</span> <span class='ocrx_word' id='word_1_84' title='bbox 341 1261 507 1308; x_wconf 87' lang='lat' dir='ltr'>speciem</span> <span class='ocrx_word' id='word_1_85' title='bbox 534 1262 760 1307; x_wconf 88' lang='lat' dir='ltr'>obiicerent,</span> <span class='ocrx_word' id='word_1_86' title='bbox 792 1261 930 1297; x_wconf 89' lang='lat' dir='ltr'>deinde</span> <span class='ocrx_word' id='word_1_87' title='bbox 961 1262 1076 1297; x_wconf 85' lang='lat' dir='ltr'>vestis</span> <span class='ocrx_word' id='word_1_88' title='bbox 1107 1262 1277 1298; x_wconf 84' lang='lat' dir='ltr'>militaris</span> <span class='ocrx_word' id='word_1_89' title='bbox 1310 1263 1608 1310; x_wconf 79' lang='lat' dir='ltr'>(paludamenta)</span> 
     </span>
     <span class='ocr_line' id='line_1_15' title="bbox 159 1317 1609 1366; baseline 0.001 -12"><span class='ocrx_word' id='word_1_90' title='bbox 159 1322 371 1366; x_wconf 78' lang='lat' dir='ltr'>appareret,</span> <span class='ocrx_word' id='word_1_91' title='bbox 394 1317 556 1364; x_wconf 88' lang='lat' dir='ltr'>denique</span> <span class='ocrx_word' id='word_1_92' title='bbox 578 1319 682 1365; x_wconf 81' lang='lat' dir='ltr'>ipsae</span> <span class='ocrx_word' id='word_1_93' title='bbox 704 1318 871 1354; x_wconf 89' lang='lat' dir='ltr'>delectae</span> <span class='ocrx_word' id='word_1_94' title='bbox 897 1317 1071 1354; x_wconf 86' lang='lat' dir='ltr'>cohortes</span> <span class='ocrx_word' id='word_1_95' title='bbox 1093 1319 1192 1354; x_wconf 89' lang='lat' dir='ltr'>clare</span> <span class='ocrx_word' id='word_1_96' title='bbox 1217 1319 1523 1366; x_wconf 86' lang='lat' dir='ltr'>intelligerentur.</span> <span class='ocrx_word' id='word_1_97' title='bbox 1543 1320 1609 1356; x_wconf 76' lang='lat' dir='ltr'>Ex</span> 
     </span>
     <span class='ocr_line' id='line_1_16' title="bbox 158 1375 1608 1423; baseline 0.001 -12"><span class='ocrx_word' id='word_1_98' title='bbox 158 1377 320 1411; x_wconf 81' lang='lat' dir='ltr'>sarcinis</span> <span class='ocrx_word' id='word_1_99' title='bbox 340 1375 452 1422; x_wconf 88' lang='lat' dir='ltr'>igitur</span> <span class='ocrx_word' id='word_1_100' title='bbox 469 1375 529 1411; x_wconf 89' lang='lat' dir='ltr'>hic</span> <span class='ocrx_word' id='word_1_101' title='bbox 558 1375 658 1411; x_wconf 83' lang='lat' dir='ltr'>idem</span> <span class='ocrx_word' id='word_1_102' title='bbox 682 1376 758 1411; x_wconf 85' lang='lat' dir='ltr'>fere</span> <span class='ocrx_word' id='word_1_103' title='bbox 781 1379 837 1410; x_wconf 86' lang='lat' dir='ltr'>est</span> <span class='ocrx_word' id='word_1_104' title='bbox 858 1378 969 1421; x_wconf 89' lang='lat' dir='ltr'>atque</span> <span class='ocrx_word' id='word_1_105' title='bbox 982 1385 1058 1422; x_wconf 80' lang='lat' dir='ltr'>per</span> <span class='ocrx_word' id='word_1_106' title='bbox 1073 1377 1246 1411; x_wconf 79' lang='lat' dir='ltr'>sarcinas</span> <span class='ocrx_word' id='word_1_107' title='bbox 1266 1377 1374 1422; x_wconf 80' lang='lat' dir='ltr'><strong><em>quasi</em></strong></span> <span class='ocrx_word' id='word_1_108' title='bbox 1384 1376 1608 1423; x_wconf 70' lang='lat' dir='ltr'>pellae-entia</span> 
     </span>
     <span class='ocr_line' id='line_1_17' title="bbox 154 1431 1608 1479; baseline 0.001 -11"><span class='ocrx_word' id='word_1_109' title='bbox 154 1433 418 1479; x_wconf 81' lang='lat' dir='ltr'>paludamenta</span> <span class='ocrx_word' id='word_1_110' title='bbox 441 1435 511 1467; x_wconf 86' lang='lat' dir='ltr'>etc.</span> <span class='ocrx_word' id='word_1_111' title='bbox 543 1433 630 1477; x_wconf 85' lang='lat' dir='ltr'>(aus</span> <span class='ocrx_word' id='word_1_112' title='bbox 653 1432 739 1468; x_wconf 87' lang='lat' dir='ltr'>dem</span> <span class='ocrx_word' id='word_1_113' title='bbox 762 1432 915 1478; x_wconf 66' lang='lat' dir='ltr'>Gepack</span> <span class='ocrx_word' id='word_1_114' title='bbox 935 1431 1087 1474; x_wconf 75' lang='lat' dir='ltr'>bemus,</span> <span class='ocrx_word' id='word_1_115' title='bbox 1122 1431 1241 1469; x_wconf 86' lang='lat' dir='ltr'><strong>durch</strong></span> <span class='ocrx_word' id='word_1_116' title='bbox 1261 1432 1330 1469; x_wconf 90' lang='lat' dir='ltr'>das</span> <span class='ocrx_word' id='word_1_117' title='bbox 1350 1431 1504 1479; x_wconf 75' lang='lat' dir='ltr'>Gepack</span> <span class='ocrx_word' id='word_1_118' title='bbox 1526 1434 1608 1470; x_wconf 90' lang='lat' dir='ltr'>hin—</span> 
     </span>
     <span class='ocr_line' id='line_1_18' title="bbox 160 1487 1605 1536; baseline 0.001 -11"><span class='ocrx_word' id='word_1_119' title='bbox 160 1489 311 1533; x_wconf 82' lang='lat' dir='ltr'>durch).</span> <span class='ocrx_word' id='word_1_120' title='bbox 372 1488 475 1533; x_wconf 77' lang='lat' dir='ltr'>Quae</span> <span class='ocrx_word' id='word_1_121' title='bbox 502 1499 631 1535; x_wconf 84' lang='lat' dir='ltr'>pugna</span> <span class='ocrx_word' id='word_1_122' title='bbox 653 1487 897 1536; x_wconf 83' lang='lat' dir='ltr'>intelligenda</span> <span class='ocrx_word' id='word_1_123' title='bbox 927 1489 994 1531; x_wconf 82' lang='lat' dir='ltr'>sit,</span> <span class='ocrx_word' id='word_1_124' title='bbox 1022 1493 1057 1523; x_wconf 89' lang='lat' dir='ltr'>et</span> <span class='ocrx_word' id='word_1_125' title='bbox 1088 1500 1160 1535; x_wconf 90' lang='lat' dir='ltr'>quo</span> <span class='ocrx_word' id='word_1_126' title='bbox 1192 1490 1275 1525; x_wconf 90' lang='lat' dir='ltr'>loco</span> <span class='ocrx_word' id='word_1_127' title='bbox 1298 1490 1408 1535; x_wconf 77' lang='lat' dir='ltr'>sacta,</span> <span class='ocrx_word' id='word_1_128' title='bbox 1430 1489 1504 1526; x_wconf 89' lang='lat' dir='ltr'>dici</span> <span class='ocrx_word' id='word_1_129' title='bbox 1531 1501 1605 1526; x_wconf 93' lang='lat' dir='ltr'>non</span> 
     </span>
     <span class='ocr_line' id='line_1_19' title="bbox 158 1544 1605 1593; baseline 0.001 -11"><span class='ocrx_word' id='word_1_130' title='bbox 158 1550 291 1593; x_wconf 90' lang='lat' dir='ltr'>potest.</span> <span class='ocrx_word' id='word_1_131' title='bbox 318 1546 396 1581; x_wconf 87' lang='lat' dir='ltr'>Hoc</span> <span class='ocrx_word' id='word_1_132' title='bbox 419 1556 531 1581; x_wconf 90' lang='lat' dir='ltr'>unum</span> <span class='ocrx_word' id='word_1_133' title='bbox 555 1549 709 1590; x_wconf 88' lang='lat' dir='ltr'>certum,</span> <span class='ocrx_word' id='word_1_134' title='bbox 732 1550 819 1592; x_wconf 83' lang='lat' dir='ltr'>post</span> <span class='ocrx_word' id='word_1_135' title='bbox 839 1544 937 1580; x_wconf 86' lang='lat' dir='ltr'>Crixi</span> <span class='ocrx_word' id='word_1_136' title='bbox 961 1544 1114 1580; x_wconf 80' lang='lat' dir='ltr'>denium</span> <span class='ocrx_word' id='word_1_137' title='bbox 1136 1545 1281 1581; x_wconf 83' lang='lat' dir='ltr'>cladem</span> <span class='ocrx_word' id='word_1_138' title='bbox 1303 1546 1496 1582; x_wconf 87' lang='lat' dir='ltr'>Lentulum</span> <span class='ocrx_word' id='word_1_139' title='bbox 1521 1558 1605 1583; x_wconf 89' lang='lat' dir='ltr'>cum</span> 
     </span>
     <span class='ocr_line' id='line_1_20' title="bbox 160 1601 1608 1649; baseline 0 -10"><span class='ocrx_word' id='word_1_140' title='bbox 160 1602 341 1649; x_wconf 80' lang='lat' dir='ltr'>Spartaco</span> <span class='ocrx_word' id='word_1_141' title='bbox 366 1613 573 1648; x_wconf 81' lang='lat' dir='ltr'>pugnasse,</span> <span class='ocrx_word' id='word_1_142' title='bbox 598 1606 636 1637; x_wconf 90' lang='lat' dir='ltr'>ut</span> <span class='ocrx_word' id='word_1_143' title='bbox 653 1606 754 1648; x_wconf 89' lang='lat' dir='ltr'>patet</span> <span class='ocrx_word' id='word_1_144' title='bbox 777 1613 823 1638; x_wconf 86' lang='lat' dir='ltr'>ex</span> <span class='ocrx_word' id='word_1_145' title='bbox 839 1602 935 1637; x_wconf 79' lang='lat' dir='ltr'>Livii</span> <span class='ocrx_word' id='word_1_146' title='bbox 949 1602 1045 1647; x_wconf 90' lang='lat' dir='ltr'>Epit.</span> <span class='ocrx_word' id='word_1_147' title='bbox 1061 1601 1190 1638; x_wconf 92' lang='lat' dir='ltr'>XCVI.</span> <span class='ocrx_word' id='word_1_148' title='bbox 1212 1603 1307 1639; x_wconf 92' lang='lat' dir='ltr'>Num</span> <span class='ocrx_word' id='word_1_149' title='bbox 1329 1602 1402 1638; x_wconf 86' lang='lat' dir='ltr'>hue</span> <span class='ocrx_word' id='word_1_150' title='bbox 1423 1604 1608 1649; x_wconf 76' lang='lat' dir='ltr'>pertineat</span> 
     </span>
     <span class='ocr_line' id='line_1_21' title="bbox 159 1657 1606 1706; baseline 0.001 -11"><span class='ocrx_word' id='word_1_151' title='bbox 159 1660 265 1695; x_wconf 89' lang='lat' dir='ltr'>locus</span> <span class='ocrx_word' id='word_1_152' title='bbox 287 1658 388 1705; x_wconf 89' lang='lat' dir='ltr'>apud</span> <span class='ocrx_word' id='word_1_153' title='bbox 408 1658 505 1694; x_wconf 85' lang='lat' dir='ltr'>Flor.</span> <span class='ocrx_word' id='word_1_154' title='bbox 530 1658 588 1702; x_wconf 84' lang='grc' dir='ltr'>ΙΙΙ,</span> <span class='ocrx_word' id='word_1_155' title='bbox 605 1662 662 1702; x_wconf 83' lang='grc'>20,</span> <span class='ocrx_word' id='word_1_156' title='bbox 685 1662 741 1696; x_wconf 91' lang='grc'>10.</span> <span class='ocrx_word' id='word_1_157' title='bbox 758 1678 763 1680; x_wconf 39' lang='lat'><strong><em>⁴</em></strong></span> <span class='ocrx_word' id='word_1_158' title='bbox 800 1657 894 1693; x_wconf 81' lang='lat' dir='ltr'>Inde</span> <span class='ocrx_word' id='word_1_159' title='bbox 919 1659 992 1693; x_wconf 83' lang='lat' dir='ltr'>iam</span> <span class='ocrx_word' id='word_1_160' title='bbox 1013 1659 1227 1694; x_wconf 77' lang='lat' dir='ltr'>consulares</span> <span class='ocrx_word' id='word_1_161' title='bbox 1246 1669 1388 1706; x_wconf 80' lang='lat' dir='ltr'>quoque</span> <span class='ocrx_word' id='word_1_162' title='bbox 1409 1670 1606 1706; x_wconf 71' lang='lat' dir='ltr'>ayyressus</span> 
     </span>
     <span class='ocr_line' id='line_1_22' title="bbox 158 1714 1602 1763; baseline 0 -11"><span class='ocrx_word' id='word_1_163' title='bbox 158 1715 402 1763; x_wconf 86' lang='lat' dir='ltr'>(Spartacus)</span> <span class='ocrx_word' id='word_1_164' title='bbox 430 1716 477 1750; x_wconf 84' lang='lat' dir='ltr'>in</span> <span class='ocrx_word' id='word_1_165' title='bbox 510 1716 758 1762; x_wconf 78' lang='lat' dir='ltr'>Apennino</span> <span class='ocrx_word' id='word_1_166' title='bbox 785 1714 972 1750; x_wconf 85' lang='lat' dir='ltr'>Lentuli</span> <span class='ocrx_word' id='word_1_167' title='bbox 1001 1716 1259 1750; x_wconf 77' lang='lat' dir='ltr'>exercitum</span> <span class='ocrx_word' id='word_1_168' title='bbox 1286 1716 1507 1762; x_wconf 79' lang='lat' dir='ltr'>percecidit,</span> <span class='ocrx_word' id='word_1_169' title='bbox 1537 1717 1602 1752; x_wconf 91' lang='lat' dir='ltr'>du-</span> 
     </span>
     <span class='ocr_line' id='line_1_23' title="bbox 158 1774 1554 1814; baseline -0.003 -5"><span class='ocrx_word' id='word_1_170' title='bbox 158 1774 259 1809; x_wconf 84' lang='lat' dir='ltr'>bium</span> <span class='ocrx_word' id='word_1_171' title='bbox 288 1776 356 1808; x_wconf 91' lang='lat' dir='ltr'>est.</span> <span class='ocrx_word' id='word_1_172' title='bbox 1547 1809 1554 1814; x_wconf 53' lang='lat'>‚</span> 
     </span>
     <span class='ocr_line' id='line_1_24' title="bbox 270 1825 1601 1874; baseline 0.001 -10"><span class='ocrx_word' id='word_1_173' title='bbox 270 1829 330 1868; x_wconf 78' lang='lat' dir='ltr'>Er.</span> <span class='ocrx_word' id='word_1_174' title='bbox 353 1831 412 1867; x_wconf 85' lang='lat'>81.</span> <span class='ocrx_word' id='word_1_175' title='bbox 439 1827 568 1873; x_wconf 85' lang='lat' dir='ltr'>[Deest</span> <span class='ocrx_word' id='word_1_176' title='bbox 592 1826 695 1874; x_wconf 91' lang='lat' dir='ltr'>apud</span> <span class='ocrx_word' id='word_1_177' title='bbox 716 1826 812 1863; x_wconf 88' lang='lat' dir='ltr'>Cort.</span> <span class='ocrx_word' id='word_1_178' title='bbox 827 1846 884 1852; x_wconf 87' lang='lat'>——</span> <span class='ocrx_word' id='word_1_179' title='bbox 907 1825 1006 1862; x_wconf 88' lang='lat' dir='ltr'>Gerl.</span> <span class='ocrx_word' id='word_1_180' title='bbox 1028 1826 1088 1862; x_wconf 86' lang='lat' dir='ltr'>ed.</span> <span class='ocrx_word' id='word_1_181' title='bbox 1111 1827 1198 1863; x_wconf 86' lang='lat' dir='ltr'>mai.</span> <span class='ocrx_word' id='word_1_182' title='bbox 1219 1827 1304 1863; x_wconf 91' lang='lat' dir='ltr'>Vol.</span> <span class='ocrx_word' id='word_1_183' title='bbox 1323 1827 1384 1862; x_wconf 88' lang='grc' dir='ltr'><strong>ΙΙΙ.</strong></span> <span class='ocrx_word' id='word_1_184' title='bbox 1403 1839 1441 1874; x_wconf 92' lang='lat' dir='ltr'>p.</span> <span class='ocrx_word' id='word_1_185' title='bbox 1465 1830 1543 1866; x_wconf 82' lang='lat'>148.</span> <span class='ocrx_word' id='word_1_186' title='bbox 1564 1840 1601 1864; x_wconf 91' lang='lat' dir='ltr'>n.</span> 
     </span>
     <span class='ocr_line' id='line_1_25' title="bbox 156 1883 1602 1931; baseline -0.001 -7"><span class='ocrx_word' id='word_1_187' title='bbox 156 1889 240 1925; x_wconf 81' lang='lat'>248.</span> <span class='ocrx_word' id='word_1_188' title='bbox 263 1886 322 1921; x_wconf 90' lang='lat' dir='ltr'>ed.</span> <span class='ocrx_word' id='word_1_189' title='bbox 344 1885 433 1920; x_wconf 91' lang='lat' dir='ltr'>min.</span> <span class='ocrx_word' id='word_1_190' title='bbox 454 1884 527 1920; x_wconf 79' lang='lat' dir='ltr'>Ine,</span> <span class='ocrx_word' id='word_1_191' title='bbox 545 1886 603 1923; x_wconf 88' lang='grc'>71.</span> <span class='ocrx_word' id='word_1_192' title='bbox 624 1895 662 1931; x_wconf 88' lang='lat' dir='ltr'>p.</span> <span class='ocrx_word' id='word_1_193' title='bbox 684 1886 766 1926; x_wconf 83' lang='lat'><strong>239,</strong></span> <span class='ocrx_word' id='word_1_194' title='bbox 789 1886 845 1921; x_wconf 85' lang='lat'>16.</span> <span class='ocrx_word' id='word_1_195' title='bbox 870 1883 979 1919; x_wconf 89' lang='lat' dir='ltr'>Debr.</span> <span class='ocrx_word' id='word_1_196' title='bbox 1001 1883 1062 1928; x_wconf 88' lang='grc' dir='ltr'>ΠΙ,</span> <span class='ocrx_word' id='word_1_197' title='bbox 1088 1884 1164 1928; x_wconf 85' lang='grc'><strong>93.]</strong></span> <span class='ocrx_word' id='word_1_198' title='bbox 1203 1884 1480 1930; x_wconf 83' lang='lat' dir='ltr'>Fragmentum,</span> <span class='ocrx_word' id='word_1_199' title='bbox 1501 1885 1602 1931; x_wconf 81' lang='lat' dir='ltr'>quod</span> 
     </span>
     <span class='ocr_line' id='line_1_26' title="bbox 158 1939 1601 1989; baseline 0 -11"><span class='ocrx_word' id='word_1_200' title='bbox 158 1946 279 1979; x_wconf 87' lang='lat' dir='ltr'>exstat</span> <span class='ocrx_word' id='word_1_201' title='bbox 304 1941 405 1989; x_wconf 92' lang='lat' dir='ltr'>apud</span> <span class='ocrx_word' id='word_1_202' title='bbox 425 1940 578 1978; x_wconf 89' lang='lat' dir='ltr'>Cledon.</span> <span class='ocrx_word' id='word_1_203' title='bbox 600 1951 639 1987; x_wconf 89' lang='lat' dir='ltr'>p.</span> <span class='ocrx_word' id='word_1_204' title='bbox 667 1941 770 1979; x_wconf 82' lang='lat'>1934.</span> <span class='ocrx_word' id='word_1_205' title='bbox 790 1939 962 1984; x_wconf 86' lang='lat' dir='ltr'>Putsch.‚</span> <span class='ocrx_word' id='word_1_206' title='bbox 991 1939 1128 1976; x_wconf 85' lang='lat' dir='ltr'>vitiosa</span> <span class='ocrx_word' id='word_1_207' title='bbox 1152 1940 1336 1987; x_wconf 87' lang='lat' dir='ltr'>scriptura</span> <span class='ocrx_word' id='word_1_208' title='bbox 1357 1940 1407 1976; x_wconf 90' lang='lat' dir='ltr'>ita</span> <span class='ocrx_word' id='word_1_209' title='bbox 1423 1942 1601 1978; x_wconf 84' lang='lat' dir='ltr'>obseura-</span> 
     </span>
     <span class='ocr_line' id='line_1_27' title="bbox 158 1994 1602 2044; baseline -0.001 -8"><span class='ocrx_word' id='word_1_210' title='bbox 158 2004 231 2036; x_wconf 87' lang='lat' dir='ltr'>tum</span> <span class='ocrx_word' id='word_1_211' title='bbox 251 2003 321 2044; x_wconf 86' lang='lat' dir='ltr'>est,</span> <span class='ocrx_word' id='word_1_212' title='bbox 343 2002 382 2035; x_wconf 89' lang='lat' dir='ltr'>ut</span> <span class='ocrx_word' id='word_1_213' title='bbox 402 1997 448 2034; x_wconf 89' lang='lat' dir='ltr'>de</span> <span class='ocrx_word' id='word_1_214' title='bbox 469 2002 571 2034; x_wconf 84' lang='lat' dir='ltr'>recta</span> <span class='ocrx_word' id='word_1_215' title='bbox 591 1998 672 2034; x_wconf 87' lang='lat' dir='ltr'>eius</span> <span class='ocrx_word' id='word_1_216' title='bbox 691 1996 938 2043; x_wconf 84' lang='lat' dir='ltr'>explicatione</span> <span class='ocrx_word' id='word_1_217' title='bbox 963 1996 1241 2042; x_wconf 86' lang='lat' dir='ltr'>desperandum</span> <span class='ocrx_word' id='word_1_218' title='bbox 1263 1997 1330 2041; x_wconf 79' lang='lat' dir='ltr'>sit3</span> <span class='ocrx_word' id='word_1_219' title='bbox 1348 1994 1484 2034; x_wconf 77' lang='lat' dir='ltr'>frustra</span> <span class='ocrx_word' id='word_1_220' title='bbox 1504 1999 1602 2036; x_wconf 90' lang='lat' dir='ltr'>enim</span> 
     </span>
     <span class='ocr_line' id='line_1_28' title="bbox 158 2053 1601 2104; baseline -0.001 -12"><span class='ocrx_word' id='word_1_221' title='bbox 158 2067 320 2104; x_wconf 81' lang='lat' dir='ltr'>quaeras</span> <span class='ocrx_word' id='word_1_222' title='bbox 346 2054 435 2102; x_wconf 86' lang='lat' dir='ltr'>quid</span> <span class='ocrx_word' id='word_1_223' title='bbox 455 2055 493 2090; x_wconf 91' lang='lat' dir='ltr'>in</span> <span class='ocrx_word' id='word_1_224' title='bbox 515 2058 689 2100; x_wconf 84' lang='lat' dir='ltr'>corrupta</span> <span class='ocrx_word' id='word_1_225' title='bbox 709 2064 804 2089; x_wconf 88' lang='lat' dir='ltr'>voce</span> <span class='ocrx_word' id='word_1_226' title='bbox 826 2053 954 2100; x_wconf 82' lang='lat' dir='ltr'>fratra</span> <span class='ocrx_word' id='word_1_227' title='bbox 975 2053 1101 2089; x_wconf 87' lang='lat' dir='ltr'>lateat.</span> <span class='ocrx_word' id='word_1_228' title='bbox 1161 2053 1238 2090; x_wconf 89' lang='lat' dir='ltr'>Sed</span> <span class='ocrx_word' id='word_1_229' title='bbox 1264 2057 1461 2100; x_wconf 87' lang='lat' dir='ltr'>praeterea</span> <span class='ocrx_word' id='word_1_230' title='bbox 1491 2055 1601 2091; x_wconf 88' lang='lat' dir='ltr'>etiam</span> 
     </span>
     <span class='ocr_line' id='line_1_29' title="bbox 157 2109 1601 2157; baseline -0.001 -9"><span class='ocrx_word' id='word_1_231' title='bbox 157 2114 220 2149; x_wconf 77' lang='lat' dir='ltr'>lex</span> <span class='ocrx_word' id='word_1_232' title='bbox 231 2112 398 2148; x_wconf 82' lang='lat' dir='ltr'>Lucania</span> <span class='ocrx_word' id='word_1_233' title='bbox 420 2110 466 2146; x_wconf 89' lang='lat' dir='ltr'>de</span> <span class='ocrx_word' id='word_1_234' title='bbox 489 2112 578 2148; x_wconf 92' lang='lat' dir='ltr'>vitio</span> <span class='ocrx_word' id='word_1_235' title='bbox 605 2114 821 2156; x_wconf 89' lang='lat' dir='ltr'>suspectum</span> <span class='ocrx_word' id='word_1_236' title='bbox 846 2114 914 2154; x_wconf 89' lang='lat' dir='ltr'>est,</span> <span class='ocrx_word' id='word_1_237' title='bbox 938 2120 1011 2144; x_wconf 92' lang='lat' dir='ltr'>non</span> <span class='ocrx_word' id='word_1_238' title='bbox 1033 2110 1152 2145; x_wconf 89' lang='lat' dir='ltr'>solum</span> <span class='ocrx_word' id='word_1_239' title='bbox 1173 2109 1260 2157; x_wconf 89' lang='lat' dir='ltr'>quia</span> <span class='ocrx_word' id='word_1_240' title='bbox 1281 2109 1458 2146; x_wconf 86' lang='lat' dir='ltr'>adiectivi</span> <span class='ocrx_word' id='word_1_241' title='bbox 1482 2111 1601 2146; x_wconf 83' lang='lat' dir='ltr'>l&#39;orma</span> 
     </span>
     <span class='ocr_line' id='line_1_30' title="bbox 155 2165 1601 2215; baseline -0.001 -10"><span class='ocrx_word' id='word_1_242' title='bbox 155 2170 330 2205; x_wconf 82' lang='lat' dir='ltr'>Lucanus</span> <span class='ocrx_word' id='word_1_243' title='bbox 351 2172 418 2211; x_wconf 89' lang='lat' dir='ltr'>est,</span> <span class='ocrx_word' id='word_1_244' title='bbox 450 2178 639 2215; x_wconf 85' lang='lat' dir='ltr'>nunquam</span> <span class='ocrx_word' id='word_1_245' title='bbox 659 2166 866 2210; x_wconf 78' lang='lat' dir='ltr'>Lucanius,</span> <span class='ocrx_word' id='word_1_246' title='bbox 897 2165 966 2202; x_wconf 91' lang='lat' dir='ltr'>sed</span> <span class='ocrx_word' id='word_1_247' title='bbox 994 2166 1103 2201; x_wconf 87' lang='lat' dir='ltr'>etiam</span> <span class='ocrx_word' id='word_1_248' title='bbox 1133 2167 1221 2213; x_wconf 88' lang='lat' dir='ltr'>quia</span> <span class='ocrx_word' id='word_1_249' title='bbox 1247 2176 1368 2213; x_wconf 91' lang='lat' dir='ltr'>neque</span> <span class='ocrx_word' id='word_1_250' title='bbox 1393 2165 1440 2202; x_wconf 89' lang='lat' dir='ltr'>de</span> <span class='ocrx_word' id='word_1_251' title='bbox 1471 2167 1601 2214; x_wconf 82' lang='lat' dir='ltr'>singu-</span> 
     </span>
     <span class='ocr_line' id='line_1_31' title="bbox 157 2221 1600 2271; baseline -0.002 -10"><span class='ocrx_word' id='word_1_252' title='bbox 157 2226 224 2270; x_wconf 86' lang='lat' dir='ltr'>lari</span> <span class='ocrx_word' id='word_1_253' title='bbox 249 2224 410 2271; x_wconf 88' lang='lat' dir='ltr'>quadam</span> <span class='ocrx_word' id='word_1_254' title='bbox 430 2224 514 2271; x_wconf 87' lang='lat' dir='ltr'>lege</span> <span class='ocrx_word' id='word_1_255' title='bbox 537 2225 689 2260; x_wconf 86' lang='lat' dir='ltr'>Lucana</span> <span class='ocrx_word' id='word_1_256' title='bbox 713 2226 870 2266; x_wconf 82' lang='lat' dir='ltr'>constat,</span> <span class='ocrx_word' id='word_1_257' title='bbox 901 2233 1023 2268; x_wconf 89' lang='lat' dir='ltr'>neque</span> <span class='ocrx_word' id='word_1_258' title='bbox 1055 2222 1289 2271; x_wconf 84' lang='lat' dir='ltr'>intelligitur,</span> <span class='ocrx_word' id='word_1_259' title='bbox 1319 2221 1409 2270; x_wconf 88' lang='lat' dir='ltr'>quid</span> <span class='ocrx_word' id='word_1_260' title='bbox 1427 2224 1512 2259; x_wconf 85' lang='lat' dir='ltr'>talis</span> <span class='ocrx_word' id='word_1_261' title='bbox 1538 2224 1600 2260; x_wconf 88' lang='lat' dir='ltr'>lex</span> 
     </span>
     <span class='ocr_line' id='line_1_32' title="bbox 158 2278 1599 2325; baseline -0.002 -7"><span class='ocrx_word' id='word_1_262' title='bbox 158 2281 207 2318; x_wconf 87' lang='lat' dir='ltr'>ad</span> <span class='ocrx_word' id='word_1_263' title='bbox 230 2292 362 2317; x_wconf 90' lang='lat' dir='ltr'>omnes</span> <span class='ocrx_word' id='word_1_264' title='bbox 390 2280 482 2315; x_wconf 87' lang='lat' dir='ltr'>citra</span> <span class='ocrx_word' id='word_1_265' title='bbox 507 2280 652 2316; x_wconf 91' lang='lat' dir='ltr'>Padum</span> <span class='ocrx_word' id='word_1_266' title='bbox 687 2279 882 2325; x_wconf 86' lang='lat' dir='ltr'>pertineat.</span> <span class='ocrx_word' id='word_1_267' title='bbox 942 2279 983 2314; x_wconf 90' lang='lat' dir='ltr'>In</span> <span class='ocrx_word' id='word_1_268' title='bbox 1017 2279 1128 2314; x_wconf 87' lang='lat' dir='ltr'>tantis</span> <span class='ocrx_word' id='word_1_269' title='bbox 1159 2279 1321 2315; x_wconf 87' lang='lat' dir='ltr'>tenebris</span> <span class='ocrx_word' id='word_1_270' title='bbox 1358 2278 1599 2316; x_wconf 88' lang='lat' dir='ltr'>nihilominus</span> 
     </span>
     <span class='ocr_line' id='line_1_33' title="bbox 158 2334 1602 2386; baseline -0.002 -11"><span class='ocrx_word' id='word_1_271' title='bbox 158 2338 248 2374; x_wconf 88' lang='lat' dir='ltr'>satis</span> <span class='ocrx_word' id='word_1_272' title='bbox 271 2347 410 2386; x_wconf 84' lang='lat' dir='ltr'>magna</span> <span class='ocrx_word' id='word_1_273' title='bbox 430 2335 767 2372; x_wconf 85' lang='lat' dir='ltr'>verisimilitudinis</span> <span class='ocrx_word' id='word_1_274' title='bbox 791 2335 917 2382; x_wconf 87' lang='lat' dir='ltr'>specie</span> <span class='ocrx_word' id='word_1_275' title='bbox 939 2334 1074 2371; x_wconf 86' lang='lat' dir='ltr'>coniici</span> <span class='ocrx_word' id='word_1_276' title='bbox 1093 2339 1216 2381; x_wconf 85' lang='lat' dir='ltr'>potest</span> <span class='ocrx_word' id='word_1_277' title='bbox 1245 2335 1294 2371; x_wconf 92' lang='lat' dir='ltr'>ad</span> <span class='ocrx_word' id='word_1_278' title='bbox 1315 2334 1535 2382; x_wconf 85' lang='lat' dir='ltr'>Spartacum</span> <span class='ocrx_word' id='word_1_279' title='bbox 1565 2340 1602 2372; x_wconf 89' lang='lat' dir='ltr'>et</span> 
     </span>
     <span class='ocr_line' id='line_1_34' title="bbox 157 2391 1600 2442; baseline -0.001 -12"><span class='ocrx_word' id='word_1_280' title='bbox 157 2395 338 2442; x_wconf 79' lang='lat' dir='ltr'>fugitivos</span> <span class='ocrx_word' id='word_1_281' title='bbox 362 2393 458 2429; x_wconf 89' lang='lat' dir='ltr'>haec</span> <span class='ocrx_word' id='word_1_282' title='bbox 478 2392 679 2440; x_wconf 87' lang='lat' dir='ltr'>pertinere,</span> <span class='ocrx_word' id='word_1_283' title='bbox 710 2391 796 2437; x_wconf 88' lang='lat' dir='ltr'>quia</span> <span class='ocrx_word' id='word_1_284' title='bbox 819 2391 912 2427; x_wconf 85' lang='lat' dir='ltr'>Padi</span> <span class='ocrx_word' id='word_1_285' title='bbox 934 2395 969 2426; x_wconf 89' lang='lat' dir='ltr'>et</span> <span class='ocrx_word' id='word_1_286' title='bbox 990 2391 1176 2428; x_wconf 88' lang='lat' dir='ltr'>Lucaniae</span> <span class='ocrx_word' id='word_1_287' title='bbox 1203 2392 1340 2428; x_wconf 89' lang='lat' dir='ltr'>mentio</span> <span class='ocrx_word' id='word_1_288' title='bbox 1367 2392 1434 2432; x_wconf 72' lang='lat' dir='ltr'>vix</span> <span class='ocrx_word' id='word_1_289' title='bbox 1455 2392 1502 2428; x_wconf 90' lang='lat' dir='ltr'>de</span> <span class='ocrx_word' id='word_1_290' title='bbox 1526 2392 1600 2428; x_wconf 84' lang='lat' dir='ltr'>alia</span> 
     </span>
     <span class='ocr_line' id='line_1_35' title="bbox 157 2447 1599 2498; baseline -0.001 -11"><span class='ocrx_word' id='word_1_291' title='bbox 157 2462 198 2487; x_wconf 87' lang='lat' dir='ltr'>re</span> <span class='ocrx_word' id='word_1_292' title='bbox 228 2451 309 2487; x_wconf 89' lang='lat' dir='ltr'>fieri</span> <span class='ocrx_word' id='word_1_293' title='bbox 338 2449 467 2498; x_wconf 87' lang='lat' dir='ltr'>potuit.</span> <span class='ocrx_word' id='word_1_294' title='bbox 511 2448 569 2484; x_wconf 83' lang='lat' dir='ltr'>Ex</span> <span class='ocrx_word' id='word_1_295' title='bbox 593 2448 697 2484; x_wconf 88' lang='lat' dir='ltr'>Italia</span> <span class='ocrx_word' id='word_1_296' title='bbox 725 2448 822 2484; x_wconf 75' lang='lat' dir='ltr'>enim</span> <span class='ocrx_word' id='word_1_297' title='bbox 854 2448 1030 2483; x_wconf 81' lang='lat' dir='ltr'>inferiore</span> <span class='ocrx_word' id='word_1_298' title='bbox 1063 2447 1113 2484; x_wconf 89' lang='lat' dir='ltr'>ad</span> <span class='ocrx_word' id='word_1_299' title='bbox 1143 2447 1286 2484; x_wconf 90' lang='lat' dir='ltr'>Padum</span> <span class='ocrx_word' id='word_1_300' title='bbox 1316 2451 1352 2484; x_wconf 89' lang='lat' dir='ltr'>et</span> <span class='ocrx_word' id='word_1_301' title='bbox 1382 2448 1420 2484; x_wconf 90' lang='lat' dir='ltr'>in</span> <span class='ocrx_word' id='word_1_302' title='bbox 1444 2447 1599 2486; x_wconf 81' lang='lat' dir='ltr'>Galliam</span> 
     </span>
     <span class='ocr_line' id='line_1_36' title="bbox 157 2503 1597 2566; baseline -0.004 -22"><span class='ocrx_word' id='word_1_303' title='bbox 157 2508 379 2555; x_wconf 88' lang='lat' dir='ltr'>cisalpinam</span> <span class='ocrx_word' id='word_1_304' title='bbox 410 2515 655 2554; x_wconf 87' lang='lat' dir='ltr'>progressum</span> <span class='ocrx_word' id='word_1_305' title='bbox 688 2514 773 2539; x_wconf 81' lang='lat' dir='ltr'>esse</span> <span class='ocrx_word' id='word_1_306' title='bbox 809 2503 1030 2566; x_wconf 83' lang='lat' dir='ltr'>Spartacum</span> <span class='ocrx_word' id='word_1_307' title='bbox 1059 2509 1188 2551; x_wconf 88' lang='lat' dir='ltr'>aperta</span> <span class='ocrx_word' id='word_1_308' title='bbox 1218 2504 1354 2540; x_wconf 88' lang='lat' dir='ltr'>docent</span> <span class='ocrx_word' id='word_1_309' title='bbox 1377 2504 1597 2565; x_wconf 86' lang='lat' dir='ltr'>scriptorum</span> 
     </span>
     <span class='ocr_line' id='line_1_37' title="bbox 158 2549 1600 2625; baseline -0.003 -25"><span class='ocrx_word' id='word_1_310' title='bbox 158 2564 392 2607; x_wconf 88' lang='lat' dir='ltr'>testimonia;</span> <span class='ocrx_word' id='word_1_311' title='bbox 426 2563 475 2599; x_wconf 76' lang='lat' dir='ltr'>cs.</span> <span class='ocrx_word' id='word_1_312' title='bbox 505 2561 670 2623; x_wconf 90' lang='lat' dir='ltr'>Appian.</span> <span class='ocrx_word' id='word_1_313' title='bbox 692 2560 735 2596; x_wconf 89' lang='lat' dir='ltr'>B.</span> <span class='ocrx_word' id='word_1_314' title='bbox 759 2559 799 2597; x_wconf 86' lang='lat' dir='ltr'>C.</span> <span class='ocrx_word' id='word_1_315' title='bbox 826 2561 952 2604; x_wconf 84' lang='lat'><strong>1,117‚</strong></span> <span class='ocrx_word' id='word_1_316' title='bbox 975 2560 1024 2595; x_wconf 92' lang='lat' dir='ltr'>in.</span> <span class='ocrx_word' id='word_1_317' title='bbox 1085 2552 1324 2625; x_wconf 76' lang='grc' dir='ltr'><strong><em>Σπάρτακον</em></strong></span> <span class='ocrx_word' id='word_1_318' title='bbox 1355 2554 1399 2596; x_wconf 75' lang='grc' dir='ltr'>δὲ</span> <span class='ocrx_word' id='word_1_319' title='bbox 1425 2549 1492 2596; x_wconf 71' lang='grc' dir='ltr'>διὰ</span> <span class='ocrx_word' id='word_1_320' title='bbox 1520 2558 1600 2596; x_wconf 78' lang='grc' dir='ltr'>τῶν</span> 
     </span>
     <span class='ocr_line' id='line_1_38' title="bbox 155 2605 1599 2661; baseline -0.004 -3.979"><span class='ocrx_word' id='word_1_321' title='bbox 155 2609 434 2657; x_wconf 80' lang='grc' dir='ltr'><strong><em>’Λπεννίνων’</em></strong></span> <span class='ocrx_word' id='word_1_322' title='bbox 415 2630 435 2655; x_wconf 93' lang='grc' dir='ltr'><strong>ο</strong></span> <span class='ocrx_word' id='word_1_323' title='bbox 465 2617 520 2654; x_wconf 83' lang='grc' dir='ltr'>ὤν</span> <span class='ocrx_word' id='word_1_324' title='bbox 538 2613 603 2654; x_wconf 81' lang='grc' dir='ltr'>ἐπὶ</span> <span class='ocrx_word' id='word_1_325' title='bbox 621 2607 669 2654; x_wconf 75' lang='grc' dir='ltr'>τὰ</span> <span class='ocrx_word' id='word_1_326' title='bbox 682 2608 845 2652; x_wconf 74' lang='grc' dir='ltr'><strong><em>’Ἄλπεια</em></strong></span> <span class='ocrx_word' id='word_1_327' title='bbox 865 2611 932 2652; x_wconf 81' lang='grc' dir='ltr'>καὶ</span> <span class='ocrx_word' id='word_1_328' title='bbox 959 2611 997 2660; x_wconf 78' lang='grc' dir='ltr'>ἐς</span> <span class='ocrx_word' id='word_1_329' title='bbox 1027 2609 1194 2661; x_wconf 81' lang='grc' dir='ltr'><strong><em>Κελτοὺς</em></strong></span> <span class='ocrx_word' id='word_1_330' title='bbox 1220 2606 1299 2653; x_wconf 73' lang='grc' dir='ltr'>ἀπὸ</span> <span class='ocrx_word' id='word_1_331' title='bbox 1319 2614 1397 2653; x_wconf 76' lang='grc' dir='ltr'>τῶν</span> <span class='ocrx_word' id='word_1_332' title='bbox 1413 2605 1599 2652; x_wconf 81' lang='grc' dir='ltr'><strong><em>Ἀλπείων</em></strong></span> 
     </span>
     <span class='ocr_line' id='line_1_39' title="bbox 157 2661 1600 2726; baseline -0.004 -12"><span class='ocrx_word' id='word_1_333' title='bbox 157 2668 405 2726; x_wconf 74' lang='grc' dir='ltr'><strong><em>ἐπειγόμενον</em></strong></span> <span class='ocrx_word' id='word_1_334' title='bbox 433 2687 453 2711; x_wconf 95' lang='grc' dir='ltr'><strong>ο</strong></span> <span class='ocrx_word' id='word_1_335' title='bbox 477 2670 602 2724; x_wconf 78' lang='grc' dir='ltr'><strong><em>ἕτερος</em></strong></span> <span class='ocrx_word' id='word_1_336' title='bbox 629 2665 776 2718; x_wconf 69' lang='grc' dir='ltr'><strong><em>ὕπατος</em></strong></span> <span class='ocrx_word' id='word_1_337' title='bbox 808 2663 1019 2723; x_wconf 75' lang='grc' dir='ltr'><strong><em>προλαβὼν</em></strong></span> <span class='ocrx_word' id='word_1_338' title='bbox 1038 2665 1182 2710; x_wconf 77' lang='grc' dir='ltr'><strong><em>ἐκώλυε</em></strong></span> <span class='ocrx_word' id='word_1_339' title='bbox 1200 2671 1270 2721; x_wconf 81' lang='grc' dir='ltr'>τῆς</span> <span class='ocrx_word' id='word_1_340' title='bbox 1298 2669 1448 2720; x_wconf 73' lang='grc' dir='ltr'>φυγῆς,</span> <span class='ocrx_word' id='word_1_341' title='bbox 1486 2661 1594 2707; x_wconf 81' lang='grc' dir='ltr'>καὶ</span> <span class='ocrx_word' id='word_1_342' title='bbox 1578 2682 1600 2708; x_wconf 91' lang='lat' dir='ltr'>o</span> 
     </span>
     <span class='ocr_line' id='line_1_40' title="bbox 157 2719 1600 2784; baseline -0.004 -15"><span class='ocrx_word' id='word_1_343' title='bbox 157 2728 283 2784; x_wconf 60' lang='lat' dir='ltr'>crepon</span> <span class='ocrx_word' id='word_1_344' title='bbox 303 2726 474 2768; x_wconf 77' lang='grc' dir='ltr'>ἐδίωκεν.</span> <span class='ocrx_word' id='word_1_345' title='bbox 504 2727 689 2767; x_wconf 85' lang='lat' dir='ltr'>Plutarch.</span> <span class='ocrx_word' id='word_1_346' title='bbox 713 2739 750 2765; x_wconf 76' lang='lat' dir='ltr'>in</span> <span class='ocrx_word' id='word_1_347' title='bbox 763 2727 886 2766; x_wconf 83' lang='lat' dir='ltr'>Crass</span> <span class='ocrx_word' id='word_1_348' title='bbox 906 2740 940 2765; x_wconf 90' lang='lat' dir='ltr'>c</span> <span class='ocrx_word' id='word_1_349' title='bbox 950 2731 984 2772; x_wconf 88' lang='grc'>9,</span> <span class='ocrx_word' id='word_1_350' title='bbox 999 2732 1091 2764; x_wconf 87' lang='lat' dir='ltr'>extr.</span> <span class='ocrx_word' id='word_1_351' title='bbox 1127 2722 1304 2765; x_wconf 79' lang='grc' dir='ltr'><strong><em>Λέντλου</em></strong></span> <span class='ocrx_word' id='word_1_352' title='bbox 1325 2721 1367 2764; x_wconf 73' lang='grc' dir='ltr'>δὲ</span> <span class='ocrx_word' id='word_1_353' title='bbox 1385 2719 1600 2779; x_wconf 76' lang='grc' dir='ltr'><strong><em>τόνΣπάρ-</em></strong></span> 
     </span>
    </p>
   </div>
  </div>
 </body>
</html>
