1774 3002
0 2714 2 2780 ᾔ
32 2741 58 2773 ,;,;

36 2774 44 2785 ,
58 2774 61 2777 .

0 2787 60 2971 l?

0 2973 3 3002 Ι
40 2983 63 3002 -;.

502 174 831 213 mSTomARUM
858 173 1159 213 FRAGMENTA
1190 174 1279 211 LIB.
1313 175 1340 210 Ι.
1595 170 1653 215 77

214 297 379 365 fulmen
395 348 397 350 ,
412 300 565 359 optare
595 313 646 344 se
673 298 860 360 quisque
884 313 944 344 ne
979 299 1186 358 attingat,
1223 297 1303 344 sed
1338 297 1571 357 prohibere
1598 313 1655 345 ne

159 397 205 433 13
213 382 364 431 conari
392 381 579 444 quidem.
633 381 689 427 Et
725 396 892 443 quaeso
929 384 1224 437 considerate,
1261 396 1391 442 quam
1435 395 1655 428 convmsa

213 478 359 511 rerum
391 468 548 511 natura
581 465 653 518 sit.
705 466 851 511 Antea
886 465 1047 510 malum
1081 465 1299 525 publicum
1335 463 1528 520 occulte,
1566 479 1654 511 au—

212 547 318 596 xilia
341 548 486 608 palam
507 549 853 604 instruebantur,
890 551 934 594 et
958 562 1012 594 eo
1048 548 1158 618 boni
1180 549 1325 595 malos
1355 547 1483 594 facile
1506 547 1652 594 antei-

213 629 339 688 bant;
373 646 489 677 nunc
523 647 612 692 pax
636 639 681 678 et
707 631 941 678 concordia
971 630 1270 677 disturbantur
1295 631 1463 692 palam,
1491 631 1651 678 defen-

210 703 373 760 duntur
398 715 582 772 occulte.
637 716 808 772 'Quibus
838 715 911 760 illa
947 714 1141 774 placent,
1179 715 1223 760 in
1248 714 1380 760 armis
1414 716 1537 770 sunt,
1565 728 1650 760 vos

155 796 256 843 14-in
286 800 419 844 metu.
477 797 591 853 Quid
627 797 924 857 exspectatis?
967 798 1050 843 nisi
1093 798 1206 843 forte
1245 797 1381 857 pudet
1414 799 1491 842 aut
1526 797 1651 858 piget

210 912 441 950 sententiosa
462 913 626 949 brevitas
649 911 788 948 nudam
810 914 1084 960 oppositionem
1103 913 1268 959 requirit.
1317 912 1426 957 Quod
1446 923 1521 948 non
1542 924 1647 949 asse-

207 973 314 1004 cutus
341 967 486 1005 Cortius
509 969 583 1004 alio
614 967 726 1003 modo
756 969 1005 1016 integritatem
1026 969 1233 1005 sententiae
1258 970 1423 1016 corrupit
1446 970 1531 1005 colo
1561 973 1648 1016 post

203 1025 492 1072 iniquiesposito.
499 1023 731 1061 —Oliumi-
741 1034 940 1071 qmpaoem
961 1036 995 1061 v.
1008 1024 1326 1069 adeacxxxvt,
1332 1027 1367 1062 4.
1378 1025 1459 1072 lug.
1471 1024 1570 1069 XIV,
1587 1029 1645 1064 13.

204 1079 245 1115 In
263 1079 454 1117 Dent-ossii
475 1080 537 1117 ed.
553 1081 686 1127 legitur
706 1082 1002 1129 menatenam,
1023 1093 1059 1117 o.
1073 1081 1121 1125 b„
1139 1085 1259 1117 utrum
1280 1092 1385 1125 casu,
1406 1093 1455 1117 an
1473 1082 1643 1125 consilio,

203 1141 279 1172 non
315 1137 441 1183 liquet.
509 1136 616 1173 Certe
653 1136 857 1173 absurdum
892 1142 963 1173 est.
1008 1157 1066 1164 —-
1107 1137 1182 1174 Est-
1211 1142 1298 1185 post
1335 1139 1465 1174 consui
1498 1137 1644 1174 eortius

143 1190 148 1192 ’
203 1196 331 1228 eontra
349 1193 463 1231 codd.
482 1194 617 1229 omisit.
653 1212 711 1218 -—-
743 1192 864 1230 Metus
883 1192 997 1241 quum
1015 1193 1189 1242 ι’φιαυὲαε
1200 1199 1422 1241 opponatur,
1447 1195 1557 1231 nimis
1577 1205 1647 1230 an-

202 1249 303 1285 xiam
317 1251 626 1286 consultationem
646 1249 839 1297 designat,
860 1261 955 1297 quae
976 1262 1069 1287 vero
1089 1250 1256 1286 videndo
1275 1251 1391 1286 officit
1403 1279 1413 1295 ,
1435 1262 1471 1286 v.
1494 1251 1544 1286 ad
1561 1251 1644 1298 lug.

203 1316 240 1340 c.
258 1305 373 1350 LXX,
405 1311 442 1344 5.
464 1317 503 1354 p.
522 1307 626 1350 376.;
662 1311 763 1352 patet
784 1307 895 1353 igitur
920 1307 988 1343 tria
1022 1308 1254 1343 substantiva
1275 1307 1495 1354 gradatione
1522 1309 1572 1343 ita
1599 1320 1642 1344 se

201 1362 397 1408 excipere,
433 1367 474 1398 ut
504 1374 526 1398 a
551 1363 693 1399 leviore
734 1363 1006 1410 vituperatione
1034 1363 1085 1399 ad
1122 1365 1233 1410 longe
1272 1364 1640 1400 vehementissimam

200 1418 438 1463 proeedatur.
450 1419 567 1454 —De
584 1422 767 1454 structura
784 1421 1018 1466 sequentium
1039 1421 1238 1456 verborum
1253 1430 1290 1454 v.
1308 1420 1359 1455 ad
1369 1420 1397 1455 F
1400 1431 1519 1467 ragm.
1541 1420 1638 1464 1‚45‚

208 1475 269 1511 17.
277 1485 316 1520 Ρ.
324 1478 383 1512 51.
399 1475 736 1521 Interpunctionem
756 1486 779 1511 a
794 1474 916 1511 Cottio
933 1475 1175 1513 otGerlachio
1190 1477 1229 1511 in
1245 1475 1307 1511 ed.
1317 1477 1405 1512 mai.
1424 1480 1510 1523 post
1527 1476 1640 1522 mla,
1706 1494 1709 1500 Δ

201 1522 356 1575 sicheri,
370 1534 407 1565 et
421 1535 562 1577 optare,
582 1531 744 1577 positam
764 1532 993 1568 attractionis
1012 1533 1106 1568 ratio
1126 1542 1202 1567 non
1221 1532 1379 1579 patitur;
1402 1543 1440 1568 v.
1460 1533 1642 1580 Krueger.

202 1584 251 1620 de
274 1586 430 1623 Attract.
452 1587 540 1634 ling.
564 1588 626 1622 lat.
657 1589 692 1630 s.
712 1590 772 1626 23.
794 1599 831 1635 Ρ.
848 1590 934 1633 48.;
972 1600 1048 1624 non
1073 1589 1207 1624 melius
1236 1590 1320 1624 loeo
1341 1589 1528 1625 consuluit
1550 1589 1640 1625 Ger·

201 1641 346 1678 laehius
375 1643 413 1678 in
432 1642 493 1679 ed.
517 1643 609 1678 min.
630 1648 812 1679 commate
830 1648 918 1691 post
936 1649 1068 1692 optare
1091 1645 1236 1692 posito,
1266 1656 1340 1691 quo
1357 1646 1535 1692 quaesita
1563 1646 1638 1682 sin-

198 1697 372 1744 gulorum
407 1691 659 1735 membrorum
696 1693 868 1736 confusio
901 1712 1058 1748 prorsus
1099 1702 1290 1737 evertitur.
1350 1700 1521 1745 Ceterum
1556 1701 1638 1740 Sal-

198 1754 331 1790 lustius
353 1756 573 1791 sententiam
599 1757 851 1819 expressisse
863 1757 1013 1794 videtur
1041 1769 1090 1794 ex
1110 1757 1375 1794 Demosthenis
1402 1769 1458 1796 or.
1474 1757 1636 1806 Philipp.

198 1809 261 1845 ΠΙ.
281 1821 330 1872 Ρ.
342 1814 424 1850 119.
475 1801 583 1847 ’An’
605 1823 710 1859 ομος
726 1802 851 1849 ταῦθ’
875 1804 1041 1876 ὁρῶντες
1058 1806 1131 1851 ot‘'
1124 1813 1297 1862 Ελληνες
1314 1806 1539 1863 ἀνέχονται,
1567 1810 1636 1851 καὶ

196 1856 267 1902 τὸν
279 1856 403 1903 αὐτὸν
418 1878 578 1918 τροπον,
598 1860 726 1930 ὥσπερ
747 1865 790 1905 οἷ
802 1859 876 1933 τὴν
900 1863 1093 1932 χάλαζαν,
1114 1866 1243 1919 ἐμοίγε
1262 1867 1425 1907 δοκοῦσι
1452 1870 1634 1920 θεωρεῖν,

197 1912 460 1970 εὖχόμενσι
497 1918 587 1974 μὲν
620 1914 686 1972 μὴ
720 1916 838 1960 καθ’
874 1917 1084 1970 ἑαυτους
1120 1921 1325 1963 ἕκαστοι
1368 1922 1632 1974 γενέσθαι,

197 1973 408 2015 κωλύειν
427 1974 492 2015 δὲ
503 1975 671 2022 οὐδεὶς
692 1975 977 2031 ἐπιχειρῶν.

309 2037 344 2076 S·
370 2037 426 2072 13.
450 2035 586 2070 maltam
597 2034 803 2081 publicum)
827 2038 854 2072 i.
876 2048 911 2071 e.
931 2038 1158 2084 reipublicae
1183 2038 1392 2084 pernicies3
1419 2050 1458 2073 v.
1478 2038 1529 2074 ad
1549 2039 1631 2086 lug.

197 2101 228 2124 c.
245 2088 402 2133 XXXV,⁴
430 2093 467 2128 3.
494 2101 535 2136 Ρ.
556 2094 636 2128 150.
663 2089 769 2127 Catil.
788 2091 982 2136 XXXVII,
1010 2094 1046 2130 ‘1.
1080 2113 1139 2119 —
1169 2093 1259 2130 Paae
1273 2090 1526 2130 etconoerdiiz
1545 2106 1631 2132 cum

197 2145 336 2181 Orellio
351 2146 575 2192 scripsimus
600 2148 816 2184 auctoritate
840 2149 926 2184 Vat.
948 2153 979 2186 1.
998 2152 1035 2186 2.
1063 2154 1101 2187 et
1122 2154 1298 2196 quantum
1326 2151 1513 2187 coniicere
1544 2152 1631 2188 licet

195 2201 304 2236 etiam
329 2204 367 2239 3.
409 2200 574 2246 eortius,
611 2202 829 2240 Gerlachius
857 2204 916 2240 ed.
945 2206 1031 2240 mai.
1067 2210 1104 2241 et
1139 2206 1258 2242 Faber
1286 2205 1350 2246 ed.
1392 2211 1421 2245 1.
1455 2209 1629 2255 copulam

194 2257 419 2301 omiserunt,
449 2257 571 2305 quod,
601 2270 715 2305 quum
745 2260 819 2296 duo
841 2262 1073 2299 substantiva
1100 2273 1175 2298 non
1194 2261 1415 2309 gradatione
1439 2263 1627 2309 differant,

196 2311 265 2348 sed
286 2312 397 2348 simili
417 2314 565 2350 notione
589 2317 863 2361 contineantur,
883 2319 984 2354 nullo
1004 2317 1117 2354 modo
1137 2319 1224 2354 ferri
1242 2323 1384 2365 potest;
1416 2318 1626 2367 v.ad'1ug.

193 2379 228 2404 c.
245 2368 328 2413 XX,
347 2370 385 2406 8.
404 2369 507 2405 etad
525 2369 695 2417 LXXVI,
719 2375 754 2411 3.
782 2384 822 2420 Ρ.
835 2375 918 2412 405.
974 2374 1172 2411 Praeterea
1192 2386 1270 2410 nou
1285 2379 1343 2410 est
1360 2376 1626 2423 negligendum

184 2434 321 2471 pacem
352 2429 388 2460 et
413 2426 646 2462 concordiam
675 2430 782 2474 quasi
809 2430 997 2476 politicam
1026 2431 1221 2467 formulam
1253 2431 1390 2476 ruisse,
1419 2443 1494 2479 qua
1522 2432 1627 2469 Sulla

194 2491 263 2516 sua
292 2482 330 2516 in
352 2469 617 2527 rempublicam
635 2485 767 2520 merita
789 2487 971 2532 appellari
990 2488 1114 2522 vellet.
1153 2488 1202 2523 cf.
1231 2487 1294 2522 Fr.
1321 2487 1356 2533 I,
1383 2491 1451 2533 45,
1480 2492 1537 2527 24.
1563 2493 1623 2527 25.

194 2547 308 2584 supra
333 2539 369 2580 §-
392 2541 449 2575 10.
489 2556 550 2565 —-
586 2538 640 2573 De
660 2542 878 2586 pronomine
904 2543 1197 2580 demonstrativo
1226 2547 1310 2578 ante
1342 2517 1471 2590 ’quibus
1502 2547 1623 2592 primo

194 2602 287 2629 casu
307 2593 516 2639 supplendo
535 2606 572 2631 v.
591 2593 644 2630 ad
658 2595 735 2643 lug.
751 2608 786 2633 c.
805 2597 896 2643 LIX,
903 2602 948 2637 8.
968 2597 1072 2635 Catil.
1085 2599 1199 2643 xvn,
1213 2602 1247 2637 6.
1275 2598 1450 2643 Quibus
1470 2600 1624 2638 molliter

192 2649 313 2685 vivere
332 2651 471 2696 copia
496 2653 622 2695 erat,
641 2650 777 2688 -ὺαιιαιι
795 2664 1055 2702 quan-paoem
1068 2654 1310 2691 malebant.
1365 2655 1559 2702 XXXVII,
1589 2661 1622 2696 3.

196 2703 312 2747 Quis
327 2714 416 2752 opes
433 2706 556 2741 menae
570 2710 672 2746 sumt.
700 2707 802 2751 bon&
815 2711 1035 2746 invident.

307 2764 340 2803 S.
359 2764 410 2798 14.
439 2763 496 2798 An
506 2762 635 2808 Lepida·
646 2765 838 2809 mandata)
860 2766 912 2801 De
931 2768 970 2803 xi
986 2779 1035 2803 an
1057 2769 1259 2813 particulae
1279 2781 1302 2805 x
1307 2797 1313 2802 .
1328 2780 1441 2813 supra
1461 2770 1510 2804 ad
1521 2773 1621 2811 §.10-
