1774 3002
123 147 204 190 156
574 135 576 137 '
607 155 648 192 c.
684 155 915 233 SALLpsn
944 156 1096 195 cmsm

118 278 327 324 consules
353 278 506 334 amb0,
548 278 598 334 Q.
627 279 873 336 Metellum,
905 280 974 325 cui
1003 283 1160 341 postea
1193 280 1364 328 Cretico
1393 296 1571 344 cogno-

119 439 241 484 Quum
269 439 307 474 in
334 439 486 485 antiquo
520 440 606 474 folio
634 439 776 476 initium
805 451 979 476 mancum
1002 441 1069 486 sit,
1102 442 1269 478 Pertzius
1292 443 1566 480 enunciationis

117 496 297 543 reliquias
320 522 329 531 .
349 523 359 532 .
381 495 653 532 ISSAEUITIA
679 498 869 543 supplevit
895 498 1231 534 intolerabilis
1257 500 1406 535 saevitia
1422 528 1431 544 ‚
1463 500 1569 548 cogi-

116 556 199 588 tans
230 552 277 588 de
318 552 616 594 discordantium
658 553 829 589 ordinum
873 554 1135 590 certaminibus
1176 556 1492 605 patriciorumque
1528 557 1566 593 in

115 609 286 656 plebeios
309 620 456 645 summa
481 609 694 656 iniquitate,
726 621 801 645 non
828 612 982 647 multum
1012 610 1256 648 dissentiente
1283 612 1507 660 Kreyssigio
1528 614 1565 649 in

115 665 222 702 Curis
252 677 352 702 secc.
381 676 420 712 p.
441 669 500 704 22.
561 666 677 702 Nobis
716 668 828 713 plane
874 668 948 703 alia
988 668 1174 704 sententia
1213 670 1370 705 subesse
1401 669 1564 706 videtur.

115 722 198 759 Non
238 723 359 770 agitur
397 723 498 758 enim
538 723 576 758 in
606 723 922 769 praecedentibus
961 723 1007 759 de
1036 724 1276 771 patriciorum
1315 726 1494 770 saevitia,
1526 731 1566 763 ut

114 780 214 816 clare
249 778 482 816 ostendimus
511 779 560 815 ad
582 779 642 814 Fr.
671 782 736 824 48,
767 780 837 816 sed
875 780 1160 817 de'miserrimo
1188 792 1314 817 rerum
1338 783 1563 819 urbanarum

114 840 212 872 statu
235 846 470 881 summaque,
491 847 564 883 qua
584 837 690 882 plebs
714 838 965 883 premebatur,
987 848 1160 873 annonae
1183 839 1381 886 gravitate.
1440 839 1564 884 Quare

113 920 122 928 .
145 920 154 929 .
175 894 208 929 is
229 893 406 939 reliquias
424 891 539 939 famis
555 894 661 929 vocis
682 897 877 940 putamus,
900 905 944 930 ac
965 894 1188 942 Fragmento
1207 894 1459 942 praecedente
1479 907 1563 932 cum

112 950 186 986 hoc
211 950 410 987 coniuncto
440 950 511 985 tale
533 949 622 996 quid
645 948 864 986 Sallustium
895 951 1095 998 scripsisse
1118 951 1362 988 coniicimus:
1393 953 1565 1000 multique

112 1010 336 1043 commeatus
362 1007 581 1043 interierant
607 1007 747 1042 insidiis
770 1008 973 1053 latronum,
1011 1012 1059 1044 ut
1093 1009 1142 1043 in
1177 1009 1278 1044 dies
1313 1010 1462 1056 mayis
1492 1010 1560 1044 in-

108 1075 197 1111 yra
208 1073 284 1100 ves
295 1066 423 1099 cerei
458 1063 601 1110 famis
642 1064 804 1101 saevitia.
865 1064 968 1109 Quae
999 1075 1222 1111 quamquam
1246 1066 1420 1101 nolumus
1454 1076 1563 1111 prae-

112 1124 212 1156 stare
236 1120 399 1167 singula,
431 1130 539 1155 nemo
567 1124 687 1155 tamen
710 1121 788 1165 erit,
811 1121 901 1167 quin
925 1120 1051 1156 videat
1072 1122 1292 1157 sententiam
1318 1123 1366 1157 ita
1388 1121 1561 1157 effectam

113 1176 312 1214 commode
333 1187 418 1212 cum
440 1177 681 1222 sequentibus
699 1177 812 1212 coire.

159 1257 163 1259 <
228 1232 310 1278 Qua
329 1243 372 1269 re
389 1232 547 1280 fatiqata
572 1233 718 1280 plebes)
756 1233 836 1278 Qua
857 1243 909 1279 re,
938 1233 963 1268 i.
985 1245 1019 1269 e.
1043 1237 1153 1270 aucta
1173 1234 1302 1280 inopia
1331 1238 1367 1269 et
1387 1245 1560 1270 annonae

113 1291 276 1326 caritate.
298 1310 355 1314 —-
374 1289 547 1337 Fatiyari
564 1290 739 1337 quoniam
762 1290 934 1326 dicuntur
948 1318 957 1334 ,
988 1290 1048 1337 qui
1072 1301 1150 1325 rem
1167 1292 1363 1326 molestam
1390 1302 1466 1326 non
1487 1302 1562 1327 am-

113 1347 212 1393 plius
241 1348 401 1385 tolerare
425 1348 573 1391 valent,
609 1346 736 1393 plebes
761 1346 919 1394 fatiqata
948 1351 1005 1382 est
1026 1347 1084 1393 pl.
1105 1347 1156 1382 ad
1183 1347 1473 1395 desperationem
1492 1347 1562 1383 ad-

112 1404 237 1440 ducta.
261 1423 311 1428 —
336 1403 510 1440 Consules
531 1404 636 1439 ambo
653 1408 740 1439 sunt
755 1404 796 1439 L.
818 1403 1009 1447 Octavius,
1040 1404 1103 1450 qui
1123 1404 1249 1450 paullo
1274 1408 1360 1450 post
1378 1414 1562 1440 memora-

113 1464 183 1505 tur,
205 1464 242 1496 et
264 1459 303 1496 C.
323 1456 505 1496 *Aurelius
523 1460 640 1497 Cotta.
701 1459 814 1496 Cuius
834 1461 887 1496 rei
909 1460 1092 1507 ignoratio
1105 1489 1114 1504 ,
1140 1460 1367 1496 felicissimo‘
1376 1460 1507 1496 Romu
1521 1463 1584 1496 ‘es'

111 1516 377 1564 Heerwagenii
410 1517 562 1553 invento
604 1517 768 1560 sublata,
808 1522 895 1563 quot
927 1521 1159 1563 quantosque
1183 1516 1560 1558 virorum-doctorum

111 1585 279 1610 errrores
302 1574 339 1608 in
359 1573 433 1609 hoc
453 1574 676 1621 Fragmento
693 1573 917 1620 explicando
940 1574 1123 1620 genuerit,
1147 1573 1219 1608 dici
1235 1584 1308 1609 non
1330 1577 1475 1620 potest,
1493 1573 1562 1610 s‘ed

111 1642 157 1666 ne
173 1623 257 1666 acta
281 1640 396 1677 agere
418 1640 634 1677 arguamur,
652 1630 698 1665 iis
721 1630 938 1666 refellendis
961 1630 1241 1666 abstinebimus.
1263 1650 1320 1656 —
1338 1630 1390 1666 De
1408 1641 1563 1666 accusa-

111 1687 178 1723 tivi
208 1687 329 1722 forma
356 1686 462 1722 ambo
486 1699 523 1722 v.
548 1687 597 1726 ad
625 1687 707 1733 lug.
728 1686 835 1731 XXI,
864 1690 900 1724 4.
931 1697 969 1732 p.
1000 1689 1082 1724 135.
1122 1704 1176 1710 —
1214 1687 1284 1722 Pro
1306 1686 1350 1730 Q.
1377 1685 1562 1722 Metellum

110 1744 356 1791 Kreyssigius
387 1743 508 1790 primo
534 1749 673 1791 atque
694 1742 738 1787 Q.
760 1743 964 1787 Metellum,
987 1742 1123 1777 deinde
1150 1742 1448 1778 Weissenbornii
1472 1753 1562 1777 con-

111 1802 292 1837 iecturam
313 1804 464 1836 secutus
486 1798 528 1844 Q.
549 1810 635 1847 que
653 1798 836 1835 Metellum
857 1799 1019 1845 scripsit,
1049 1803 1150 1834 ratus
1172 1809 1256 1834 eum
1273 1809 1360 1835 esse
1381 1799 1559 1834 candida-

113 1862 188 1894 tum
209 1858 464 1904 praetorium,
490 1857 551 1903 qui
575 1857 698 1892 statim
724 1860 811 1903 post
834 1860 1073 1891 memoratur.
1131 1854 1209 1891 Sed
1239 1855 1278 1891 id
1306 1855 1443 1892 falsum
1471 1866 1558 1892 esse

111 1926 200 1951 mox
216 1914 451 1950 docebimus.
1115 1930 1117 1932 v

227 1980 425 2018 coynomen
449 1970 620 2015 inditum,
647 1974 681 2006 el
701 1969 957 2013 candidatum)
977 1967 1213 2015 Palimpsesti
1235 1969 1459 2015 scripturam
1485 1978 1560 2003 non

114 2028 206 2064 satis
226 2028 265 2063 in
287 2028 475 2063 nonnullis
500 2026 630 2062 litteris
651 2027 891 2073 perspicuam
913 2025 1078 2061 Pertzius
1103 2025 1157 2061 sic
1179 2025 1286 2072 legit,
1315 2029 1354 2061 ut
1381 2024 1562 2061 scriberet

112 2094 311 2132 coynomen
329 2084 443 2131 fuit,
469 2084 544 2119 vel
567 2084 815 2119 candidatum.
877 2082 982 2127 Quae
998 2083 1115 2118 verba
1137 2093 1249 2128 quum
1269 2082 1320 2117 ita
1343 2085 1562 2127 comparata

113 2141 205 2184 sint,
231 2145 270 2176 ut
299 2141 356 2176 vel
377 2141 561 2186 particula
590 2141 690 2176 nullo
719 2143 832 2186 pacto
859 2150 881 2174 a
911 2138 1087 2175 Sallustio
1111 2139 1278 2185 prosecta
1310 2148 1396 2174 esse
1425 2137 1558 2184 possit,

111 2196 358 2244 Kreyssigius
388 2197 425 2231 in
446 2196 650 2232 Comment.
675 2208 712 2243 p.
742 2200 803 2233 25.
830 2195 1018 2242 sagaciter
1038 2205 1086 2230 ex
1107 2195 1231 2230 dubiis
1251 2195 1453 2230 litterarum
1482 2194 1560 2240 api-

110 2255 218 2290 cibus
240 2253 436 2289 lectionem
455 2253 550 2288 eruit
571 2264 687 2288 sensu
707 2252 846 2299 pariter
868 2256 977 2297 atque
1001 2250 1168 2286 oratione
1189 2250 1559 2295 commodissimam;

112 2321 222 2358 quae,
248 2309 337 2356 quin
358 2319 488 2346 veram
511 2309 673 2344 auctoris
698 2319 850 2344 manum
873 2308 1027 2351 referat,
1061 2318 1173 2354 quum
1195 2307 1352 2343 dubitari
1378 2318 1453 2343 non
1473 2318 1560 2354 pos-

78 2391 81 2393 >
113 2368 180 2412 sit,
202 2367 339 2403 nollem
358 2365 604 2412 Kreyssigius
627 2366 663 2400 in
685 2364 801 2410 Epist.
822 2375 859 2410 p.
883 2368 940 2401 ll.
963 2367 999 2398 et
1016 2365 1071 2401 17.
1092 2364 1355 2411 Heerwagenii
1371 2363 1558 2400 coniectu·

111 2435 191 2460 ram
215 2427 514 2471 cognomentum
533 2421 646 2469 fuit,
668 2421 903 2456 candidatum
920 2430 1013 2456 suae
1036 2420 1287 2456 emendationi
1306 2420 1557 2467 praetulisset.

110 2499 170 2507 --
189 2481 232 2525 Q.
256 2480 447 2515 Metellum
467 2479 584 2515 fuisse
614 2477 849 2514 candidatum
871 2478 1102 2523 praetorium
1129 2478 1369 2513 consentiens
1399 2479 1457 2512 est
1480 2475 1558 2521 opi-

111 2537 173 2572 nio
194 2537 361 2573 virorum
382 2535 577 2572 doctorum
597 2534 760 2570 omnium
774 2561 783 2577 ,
813 2534 875 2580 qui
898 2533 945 2568 de
965 2533 1038 2575 hoc
1057 2534 1116 2569 Fr.
1140 2538 1317 2581 egerunt3
1352 2532 1422 2569 sed
1441 2542 1558 2578 quan-

110 2594 249 2630 tumvis
279 2592 475 2628 doctrinae
505 2595 615 2638 atque
645 2589 827 2627 acuminis
857 2589 946 2626 huic
982 2590 1148 2637 opinioni
1179 2588 1457 2627 confirmandae
1490 2587 1556 2623 im-

110 2649 323 2698 penderint,
346 2659 464 2696 opera
484 2649 620 2684 frustra
639 2648 717 2683 suit.
757 2646 936 2682 Nimirum
959 2646 1003 2690 Q.
1024 2647 1193 2683 Metellus
1217 2655 1335 2693 neque
1356 2645 1423 2680 l'uit
1442 2654 1477 2679 a.
1495 2644 1552 2680 75.

114 2717 152 2743 a.
185 2704 271 2742 Chr.
300 2715 337 2740 n.
368 2705 593 2741 candidatus
632 2703 861 2752 praetorius,
904 2713 1026 2749 neque
1061 2705 1178 2740 fuisse
1209 2702 1408 2740 Sallustius
1448 2699 1552 2743 dixit,

113 2763 252 2811 quippe
272 2761 334 2809 qui
355 2765 482 2809 aperte
506 2761 638 2807 tradat,
660 2761 697 2797 in
716 2762 886 2808 quattuor
901 2759 1003 2795 viros
1025 2770 1192 2797 summae
1214 2760 1250 2796 in
1270 2757 1419 2794 civitate
1433 2756 1553 2803 digni-
