1774 3002
501 129 830 169 HISTORIARUM
857 126 1170 166 FRAGMENTA.
1230 126 1317 162 LIB.
1350 126 1410 162 111.
1584 120 1667 164 245

363 261 428 304 71.
488 256 600 301 Dum
626 253 849 315 paullatim
875 252 969 299 suis
993 252 1178 298 invicem
1200 250 1479 307 subveniunt,
1510 265 1664 296 omnes

226 341 269 387 in
301 340 459 386 bellum
491 338 629 384 coacti
658 340 773 383 sunt.

362 426 428 469 72.
486 420 624 468 Simul
655 419 852 465 immanis
882 417 1105 463 hominum
1135 417 1204 462 vis
1227 416 1374 461 multis
1398 430 1422 460 e
1454 415 1563 461 locis
1590 415 1664 461 in-

227 511 382 552 vasere
417 504 604 566 patentis
639 505 730 549 tum
761 505 804 548 et
833 502 953 562 pacis
988 501 1119 547 modo
1151 498 1316 545 effusas
1344 498 1477 545 urbis.

226 646 356 685 natura
370 642 668 685 munitissimum,
687 641 778 688 ipsis
798 644 914 675 tutum
937 639 1015 674 fore
1027 648 1037 683 ;
1057 637 1155 673 unde
1174 637 1367 683 consequi,
1389 637 1549 683 primum
1563 646 1662 679 esse,

226 704 265 737 ut
283 699 396 735 armis
419 699 618 746 potiantur.

335 755 395 791 Fr.
418 756 475 793 70.
519 754 647 799 [Deest
668 764 729 800 ap.
755 752 854 788 Cort.
875 772 930 777 —
965 750 1062 788 Gerl.
1082 750 1145 785 ed.
1169 751 1256 786 mai.
1279 751 1354 785 Inc.
1379 751 1458 787 188.
1485 747 1548 783 ed.
1570 748 1660 783 min.

226 812 300 847 Inc.
320 813 379 849 59.
404 823 442 858 p.
463 813 546 855 239,
570 814 603 848 1.
634 809 745 845 Debr.
764 809 826 853 IV,
848 805 922 856 17.]
957 809 1077 843 Locus
1101 808 1181 842 sine
1202 807 1282 842 libri
1305 809 1392 841 nota
1416 808 1537 840 exstat
1563 804 1664 852 apud

227 866 444 904 cledonium
475 879 514 914 p.
538 868 642 905 1933.
669 865 730 902 ed.
759 864 908 901 Putsch.
969 863 1071 908 Quae
1094 874 1301 910 pronomen
1334 861 1509 908 quoniam
1536 866 1665 907 aperte

224 923 395 960 homines
424 923 615 971 designat,
647 926 686 958 ut
717 933 765 957 ex
784 921 1000 968 praedicato
1029 920 1263 967 intelligitur,
1288 920 1326 955 in
1357 916 1665 954 antecedentibus

223 981 370 1029 servitia
391 979 665 1016 substantivum
690 978 807 1014 fuisse
828 977 986 1013 coniicio
999 1005 1008 1020 ,
1040 976 1089 1012 ad
1109 975 1210 1023 quod
1247 975 1442 1011 relativum
1461 977 1662 1020 spectaret.

225 1037 329 1082 Quae
351 1037 564 1072 coniectura
584 1034 616 1070 si
636 1045 711 1070 non
728 1034 824 1070 falsa
841 1038 910 1078 est,
934 1032 1133 1069 Sallustius
1154 1032 1213 1068 his
1240 1032 1368 1069 verbis
1390 1030 1483 1066 dixit
1502 1029 1550 1065 de
1573 1030 1665 1066 mul-

223 1091 377 1129 titudine
402 1101 597 1128 servorum
618 1091 738 1137 primo
764 1091 884 1126 statim
904 1094 1070 1136 tempore
1087 1088 1282 1125 seditionis
1304 1099 1350 1124 ex
1372 1086 1576 1133 Campania
1594 1097 1666 1122 un-

224 1148 337 1195 dique
363 1148 412 1184 ad
434 1148 655 1195 Spartacum
680 1146 964 1190 confluentium;
986 1146 1035 1181 cl‘.
1057 1146 1218 1193 Appian.
1242 1145 1283 1180 B.
1309 1144 1348 1181 C.
1370 1143 1396 1189 Ι,
1420 1146 1501 1182 116.
1531 1135 1665 1178 ”Evam

222 1196 433 1248 πολλοὺς
453 1196 930 1253 ἀποδιδράσκοντας
950 1197 1147 1246 οἰκέτας
1167 1198 1356 1244 καίτινας
1372 1193 1604 1249 ἐλευθέρους
1620 1194 1665 1235 ἐκ

221 1259 301 1297 τῶν
317 1250 452 1310 ἀγρῶν
471 1251 752 1308 ὑποδεχόμενος
773 1252 950 1310 ἐλῄστευε
978 1249 1025 1294 τὰ
1049 1251 1174 1307 ἐγγύς.
1216 1277 1271 1283 -
1311 1257 1388 1294 Cis
1410 1265 1558 1303 paucos
1587 1255 1664 1291 dies

225 1320 300 1353 est:
323 1321 521 1363 antequam
542 1317 653 1362 pauci
676 1316 756 1352 dies
782 1315 1027 1362 praeterlapsi
1053 1319 1181 1359 erant3
1215 1316 1264 1350 cl.
1286 1312 1407 1348 Hand.
1438 1312 1485 1347 de
1505 1311 1662 1348 Particc.

223 1373 302 1408 Lat.
323 1373 410 1408 Vol.
429 1373 474 1408 11.
495 1383 533 1419 p.
553 1374 626 1415 76„
654 1373 715 1419 qui
742 1373 918 1408 observat
936 1370 1035 1406 hunc
1056 1372 1109 1406 cis
1133 1369 1422 1417 praepositionis
1454 1378 1563 1404 usum
1589 1378 1664 1403 non

224 1428 394 1472 inveniri,
417 1429 490 1464 nisi
504 1429 624 1475 pauci
640 1428 825 1464 vocabulo
850 1427 991 1463 addito.
1023 1446 1072 1452 —
1110 1425 1244 1463 Iuncta
1266 1435 1491 1472 quamquam
1512 1434 1664 1470 sensum

225 1485 315 1521 satis
334 1486 471 1521 bonum
491 1484 657 1531 praebet,
679 1488 803 1519 tamen
825 1483 928 1520 haud
948 1483 1026 1519 scio
1044 1493 1092 1518 an
1112 1487 1244 1520 cuncta
1264 1480 1584 1530 accommodatius
1604 1481 1662 1516 sit.

334 1541 394 1577 Fr.
416 1543 475 1580 71.
524 1538 651 1588 [Deest
671 1551 731 1586 ap.
753 1538 852 1576 Cort.
878 1560 926 1565 —
951 1539 1049 1575 Gert.
1078 1539 1140 1575 ed.
1172 1540 1259 1576 mai.
1289 1538 1365 1574 Inc.
1387 1539 1468 1576 183.
1491 1536 1551 1572 ed.
1571 1529 1662 1572 min.

223 1597 286 1642 IV,
306 1598 364 1635 47.
385 1609 422 1644 p.
445 1599 526 1640 228,
548 1600 607 1634 21.
633 1595 747 1633 Debr.
767 1597 794 1641 Ι,
815 1595 892 1645 24.]
921 1597 1184 1642 Fragmentum
1206 1596 1291 1639 hoc,
1316 1605 1338 1630 a
1358 1593 1467 1631 Serv.
1491 1592 1541 1629 ad
1552 1593 1662 1641 Virg.

223 1653 319 1689 Aen.
339 1651 426 1697 XII,
454 1655 536 1691 282.
563 1652 645 1688 sine
673 1653 755 1688 libri
789 1656 877 1688 nota
900 1653 1073 1697 allatum,
1105 1652 1265 1688 dubitari
1301 1661 1375 1686 non
1402 1652 1545 1698 potest,
1576 1650 1664 1696 quin

222 1714 466 1756 progressum
494 1709 580 1745 belli
604 1709 753 1746 servilis
775 1708 948 1747 tenuibus
980 1708 1092 1744 initiis
1114 1709 1184 1744 orti
1195 1708 1454 1752 -demonstret,
1481 1717 1594 1752 quum
1616 1706 1664 1742 de

223 1760 344 1802 servis
367 1765 427 1812 agi
447 1766 707 1811 planissimum
723 1766 782 1809 sit,
804 1766 1027 1812 contagione
1043 1765 1239 1800 seditionis
1255 1764 1448 1811 paullatim
1467 1764 1664 1808 correptis.

223 1821 266 1857 Id
288 1819 363 1856 non
384 1825 578 1858 assecutus
603 1821 821 1858 Gerlachius
841 1821 998 1857 Vol.IlI.
1018 1832 1056 1867 p.
1071 1824 1151 1859 143.
1174 1822 1290 1857 verba
1310 1823 1527 1866 portentose
1552 1818 1665 1854 refert

225 1877 274 1913 ad
299 1878 482 1923 proelium
505 1877 554 1912 ad
577 1877 709 1913 Cabira
728 1878 797 1921 (ad
816 1877 992 1913 Caberam
1013 1874 1180 1913 Scribens
1202 1877 1249 1911 V.
1266 1876 1309 1911 D.
1330 1866 1378 1911 τὰ
1398 1871 1575 1923 Κάβειρα
1593 1885 1661 1920 pro

225 1933 401 1968 feminino
421 1933 574 1979 generis
599 1933 695 1983 sing.
719 1932 861 1976 habet),
896 1930 1053 1978 eamque
1082 1933 1370 1979 explicationem
1395 1931 1460 1966 niti
1478 1931 1558 1966 vult
1578 1930 1661 1966 loco

224 1988 410 2024 Plutarchi
430 1988 467 2023 in
487 1989 638 2024 Lucullo
661 1999 693 2023 c.
717 1992 773 2025 15.
822 1988 924 2023 Idem
940 1989 1062 2038 „altius
1085 1990 1286 2035 insurgens
1308 1984 1548 2023 Debrossium
1565 1986 1662 2022 adeo

226 2043 402 2079 hariolari
434 2044 502 2088 ait,
543 2045 605 2090 qui
630 2044 893 2090 Fragmentum
925 2044 972 2079 de
1001 2045 1270 2081 exardescente
1300 2045 1394 2079 inter
1430 2043 1589 2079 Marium
1626 2047 1664 2078 et

230 2098 371 2136 Sullam
399 2100 496 2136 bello
515 2100 623 2136 civili
638 2100 828 2135 intellexit.
887 2100 996 2144 Quod
1018 2112 1241 2147 quamquam
1270 2101 1404 2136 salsum
1425 2103 1500 2144 est,
1536 2102 1660 2135 tamen

226 2166 318 2202 prae
339 2155 584 2191 Gerlachiana
604 2156 784 2203 sapientia
801 2156 1037 2203 ingeniosum
1058 2157 1131 2192 dici
1152 2157 1274 2193 debet.

270 2249 273 2250 γ
339 2211 478 2250 Fr.-''I2.
519 2211 635 2264 [Cort.
654 2223 692 2259 p.
714 2215 818 2251 1008.
857 2212 956 2249 Gerl.
980 2213 1041 2249 ed.
1061 2213 1149 2249 mai.
1171 2213 1246 2249 Inc.
1270 2216 1351 2251 130.
1378 2211 1439 2248 ed.
1464 2212 1553 2248 min.
1583 2212 1661 2248 Inc.

228 2269 287 2305 38.
307 2278 346 2314 p.
367 2270 448 2312 238,
468 2271 503 2304 5.
544 2266 807 2312 Debr.111‚14.
836 2268 896 2313 111,
916 2270 993 2313 58.]
1053 2269 1163 2306 serv.
1193 2269 1242 2305 ad
1266 2260 1374 2316 virg.
1406 2269 1550 2314 Aen.1‚
1576 2271 1660 2307 303.

229 2323 307 2359 sine
337 2323 419 2359 libri
452 2327 552 2360 nota.
610 2324 751 2360 Vitiose
783 2329 819 2360 et
849 2336 932 2361 cum
964 2336 1098 2362 sensus
1128 2325 1347 2362 detrimento
1377 2326 1414 2360 in
1448 2324 1538 2361 Sall.
1571 2324 1659 2361 edd.

227 2379 346 2415 multis
369 2379 487 2423 deest,
507 2390 588 2416 cum
611 2391 678 2426 pro
699 2385 772 2416 tum
789 2381 934 2428 legitur,
956 2386 1148 2430 utrumque
1170 2387 1296 2418 contra
1320 2382 1444 2419 Servii
1466 2381 1661 2417 auctorita-

228 2439 312 2471 tem.
337 2435 390 2470 Eo
410 2439 560 2471 auctore
576 2441 748 2482 patens
768 2437 926 2473 urbsvest
942 2443 1093 2484 pacata,
1115 2439 1183 2474 i.e.
1208 2439 1242 2473 in
1264 2449 1358 2485 pace
1374 2442 1409 2473 et
1433 2438 1508 2473 otio
1523 2435 1659 2484 agens.

229 2491 410 2535 Quoniam
431 2495 553 2527 autem
571 2493 738 2528 invasere
756 2490 827 2528 loci
847 2491 1070 2531 'vocabulum
1091 2495 1253 2541 requirit,
1271 2494 1371 2540 quod
1392 2494 1571 2530 attributis
1583 2505 1660 2540 pa-

227 2547 332 2583 'tentis
358 2551 393 2583 et
410 2547 552 2593 effusas
574 2544 784 2602 conveniat,
803 2549 895 2585 nihil
910 2552 1046 2587 certius
1064 2555 1133 2594 est,
1156 2561 1267 2597 quam
1287 2550 1390 2586 urbis
1413 2553 1500 2597 post
1519 2550 1660 2596 effusas

228 2604 361 2639 lectum
389 2603 509 2639 fuisse
518 2614 527 2648 ;
570 2603 712 2650 effusae
737 2615 829 2641 vero
855 2603 965 2643 urbes
992 2611 1076 2643 sunt
1098 2617 1192 2654 quae
1211 2606 1469 2653 effunduntur,
1500 2607 1525 2641 i.
1551 2617 1584 2642 e.
1613 2617 1661 2641 ex

229 2658 361 2705 quibus
371 2659 511 2695 incolae
531 2671 571 2695 se
593 2659 798 2705 effundunt,
816 2663 897 2698 sive
918 2664 1128 2710 frequenter
1145 2663 1379 2710 negotiorum
1399 2671 1537 2698 caussa
1553 2672 1659 2708 egre-

230 2713 378 2750 diuntur
398 2719 433 2751 et
467 2716 580 2752 libere
611 2717 711 2752 foras
738 2719 774 2751 et
803 2720 901 2754 retro
931 2720 1158 2763 commeant;
1193 2719 1239 2754 cl'.
1267 2718 1383 2756 Tacit.
1413 2719 1571 2755 Historr.
1596 2717 1662 2766 lv,
