1774 3002
131 132 215 177 160
617 137 656 175 C.
688 137 920 177 SALLUSTI
952 133 1103 178 c'RJSPl

128 262 322 309 advorsa
347 264 492 322 fuere,
523 281 710 328 quorum
734 267 819 313 alia
847 267 1052 322 toleravi,
1083 267 1237 328 partim
1266 268 1437 329 reppuli
1466 270 1581 318 deo-

130 361 227 392 rum
251 348 426 394 auxiliis
455 352 498 395 et
527 349 689 395 virtute
719 365 837 405 mea,
869 350 913 396 in
943 351 1042 412 quis
1073 352 1275 398 omnibus
1306 367 1450 415 neque
1468 355 1580 401 ani-

128 495 212 521 eam
230 485 469 532 pertinuisse,
490 487 627 533 quippe
653 498 725 534 quo
744 498 805 523 res
826 499 1007 524 annorum
1025 491 1084 527 76.
1097 491 1155 527 75.
1166 493 1201 525 et
1211 492 1269 528 74.
1288 491 1575 533 continerentur.

126 542 328 590 Perperam
347 543 458 589 igitur
475 543 563 593 olim
580 543 706 579 Carrio
727 548 761 579 et
782 544 949 589 Colerus,
970 556 1090 592 nuper
1107 546 1325 584 Gerlachius
1344 553 1454 596 atque
1473 549 1576 586 Orel-

128 598 199 635 lius
216 610 299 635 eam
310 599 415 635 tertio
429 600 522 635 libro
540 601 794 648 assignarunt,
809 612 1034 648 quamquam
1045 603 1278 649 Gerlachius,
1292 615 1405 651 quum
1417 606 1503 642 Vol.
1513 606 1574 642 111.

121 666 160 702 p.
189 659 268 695 118.
300 656 570 704 gravissimum
591 657 702 693 huius
724 659 928 694 sententiae
959 663 1221 706 argumentum
1240 672 1288 696 ex
1314 663 1426 698 rebus
1447 663 1574 699 vanis-

123 713 242 758 simis,
274 713 352 749 loco
374 713 578 758 orationis,
611 714 649 749 in
679 713 791 751 codd.
824 720 860 751 et
888 715 950 750 ed.
982 716 1114 753 Venet.
1144 721 1229 752 ante
1249 718 1301 754 M.
1331 718 1462 755 Licinii
1492 731 1575 756 ora-

122 770 262 806 tionem
285 770 458 817 scriptae,
490 774 525 806 et
544 772 688 807 nomine
710 770 847 816 Cottae,
881 771 1061 816 duxisset,
1092 773 1130 808 in
1157 773 1219 809 ed.
1239 774 1329 810 min.
1359 774 1409 811 ad
1438 776 1574 812 sanita-

124 831 198 862 tem
219 820 409 863 'reversus‘
437 827 604 863 secundo
622 839 705 863 eam
736 829 829 864 libro
857 829 993 875 posuit.
1024 849 1077 853 —
1105 828 1144 867 C.
1167 829 1309 866 Cottam
1331 833 1573 878 praestantis-

125 884 230 920 simis
260 884 470 920 oratoribus
501 889 785 921 annumeratum
815 885 932 921 fuisse
960 884 1091 921 Cicero
1121 887 1245 923 multis
1277 887 1370 924 locis
1395 891 1569 934 testatur3

122 942 171 977 cf.
201 941 302 977 Brut.
339 953 373 977 c.
403 943 468 986 49,
511 944 591 980 183.
650 941 761 978 Nulla
799 946 915 978 aetate
951 942 1100 978 uberior
1129 947 1318 980 oratorum
1348 944 1449 991 fetus
1485 945 1573 993 fail.

120 997 186 1034 Ex
211 997 268 1033 his
292 998 392 1035 Cotta
412 1002 446 1033 el
468 997 652 1045 Sulpicius
671 1009 753 1034 cum
775 1008 851 1035 meo
871 999 1001 1034 iudicio
1024 1003 1096 1034 tum
1117 1001 1275 1036 omnium
1298 1001 1412 1048 facile
1422 992 1571 1048 primas

120 1055 290 1091 tulerunt.
315 1074 370 1080 —
392 1054 482 1090 ibid.
515 1066 549 1090 c.
570 1058 637 1098 56,
661 1057 744 1092 204.
799 1055 903 1091 Nihil
917 1059 991 1090 tam
1013 1056 1201 1101 dissimile,
1231 1068 1342 1103 quam
1358 1057 1457 1094 Cotta
1487 1058 1569 1094 Sul-

112 1112 225 1159 picio,
238 1115 280 1146 et
296 1116 450 1159 uterque
469 1111 681 1159 aequalibus
701 1112 778 1147 suis
788 1112 992 1158 plurimum
1006 1107 1202 1158 praestitit.
1233 1113 1289 1149 Id.
1318 1113 1407 1150 ibid.
1435 1117 1469 1156 S.
1482 1116 1565 1153 207.

121 1168 259 1205 Cottam
284 1170 401 1204 miror
433 1178 612 1204 summum
642 1169 761 1215 ipsum
796 1172 980 1204 oratorem
1007 1168 1183 1204 Aelianas
1209 1169 1296 1206 levis
1317 1171 1569 1207 oratiunculas

119 1225 274 1261 voluisse
289 1226 509 1261 existumari
524 1234 624 1261 suas.
669 1224 724 1260 ld.
744 1225 834 1260 ibid.
857 1236 891 1261 c.
907 1228 964 1269 88,
983 1229 1064 1263 301.
1095 1225 1326 1271 Hortensius,
1346 1235 1567 1274 quamquam

117 1282 301 1317 inciderat
321 1283 358 1317 in
377 1282 498 1318 Cottae
517 1285 553 1317 et
575 1281 718 1328 Sulpici
737 1285 910 1325 aetatem,
940 1283 1004 1328 qui
1025 1283 1133 1317 annis
1152 1282 1274 1317 decem
1294 1285 1470 1329 maiores,
1497 1293 1565 1320 εω-

118 1339 267 1374 cettente
295 1343 367 1374 tum
389 1338 524 1375 Crasso
553 1341 587 1373 et
605 1338 759 1374 Antonio
789 1338 872 1374 dein
890 1337 1062 1385 Philippo
1083 1342 1118 1373 et
1143 1343 1231 1384 post
1257 1338 1370 1385 Iultb,
1400 1350 1483 1376 cum
1509 1340 1567 1375 his

116 1396 207 1442 ipsis
222 1395 366 1431 dicendi
383 1395 500 1442 qloria
517 1394 819 1442 comparabatur.
866 1395 917 1430 Id.
945 1406 983 1440 p.
1006 1394 1154 1430 Caecin.
1177 1398 1242 1438 33,
1271 1396 1330 1433 97.
1370 1395 1449 1443 Eyo
1467 1396 1567 1433 hanc

117 1461 289 1488 caussam
302 1481 311 1497 ‚
340 1463 450 1499 quum
465 1461 612 1499 agerem
631 1455 759 1487 contra
778 1451 957 1487 hominem
975 1451 1249 1487 disertissimum
1269 1456 1419 1488 nostrae
1439 1454 1563 1489 civita-

118 1511 162 1544 tis
181 1509 331 1554 Cottam,
352 1508 521 1555 probavi.
538 1529 591 1534 —
624 1508 720 1544 Eius.
735 1507 884 1544 dicendi
904 1519 1024 1555 genus
1039 1508 1191 1554 politum
1224 1508 1388 1554 quidem,
1410 1510 1564 1556 elegans

118 1571 153 1602 et
180 1567 346 1601 limatum
379 1565 465 1609 suit,
506 1564 575 1601 sed
606 1575 738 1611 parum
771 1565 975 1601 vehemens
1004 1568 1040 1599 et
1067 1564 1290 1600 concitatum
1301 1579 1317 1610 ‚·
1341 1569 1377 1601 et
1405 1565 1455 1601 ad
1481 1577 1566 1612 per-

118 1622 355 1660 suadendum
386 1623 521 1668 aptius,
555 1632 667 1667 quam
691 1621 741 1656 ad
770 1620 1105 1665 commovendum3
1137 1621 1185 1657 cl‘.
1217 1621 1293 1657 Cic.
1325 1621 1426 1658 Brut.
1451 1633 1484 1658 c.
1505 1627 1562 1666 55,

115 1684 198 1719 202.
217 1683 252 1715 et
269 1690 304 1714 v.
323 1678 482 1714 Ellendt.
501 1678 637 1713 Histor.
654 1678 752 1723 eloq.
767 1688 862 1712 rom.
893 1682 928 1720 §-
945 1680 1004 1715 30.
1039 1688 1077 1723 p.
1095 1680 1155 1715 82.
1186 1677 1248 1713 ed.
1265 1678 1309 1712 11.

231 1736 327 1772 Dein
350 1734 715 1778 Cotta—disseruit)
759 1734 859 1769 Haec
885 1735 1003 1769 verba
1030 1733 1102 1779 ipsi
1125 1732 1252 1769 Cottae
1277 1734 1435 1769 orationi
1456 1744 1564 1779 prae-

117 1795 237 1830 missa
251 1791 546 1839 Heerwagenius
567 1791 605 1826 in
624 1790 822 1837 Kreyssigi
841 1790 958 1836 Epist.
983 1801 1020 1836 p.
1043 1791 1098 1827 19.
1121 1789 1276 1825 feliciter
1291 1800 1311 1824 e
1330 1790 1562 1836 Palimpsesti

120 1849 492 1895 Toletanixvestigiis
518 1847 623 1883 eruit.
676 1846 754 1883 Sed
783 1857 851 1893 pro
875 1857 939 1892 eo,
972 1845 1073 1892 quod
1103 1845 1139 1881 in
1165 1846 1301 1882 lacuna
1322 1846 1449 1892 posuit
1476 1845 1562 1882 hoc

117 1907 247 1944 modo
275 1906 462 1949 dissentit,
491 1903 754 1951 Kreyssigium
778 1904 802 1939 l.
825 1905 848 1938 l.
872 1903 987 1938 secuti
1008 1902 1229 1948 scripsimus
1253 1903 1300 1938 in
1321 1902 1441 1938 hunc
1468 1913 1559 1938 mo—

117 1965 219 2001 dum
247 1963 433 2005 disseruit,
464 1962 602 2008 quippe
631 1971 727 2006 quae
753 1961 870 1996 verba
891 1971 914 1995 a
936 1959 1129 1995 Prisciano
1157 1958 1296 2003 XVIH,
1325 1960 1392 2003 24,
1420 1962 1501 1997 202.
1521 1970 1559 2005 p.

119 2024 197 2061 199.
221 2020 282 2056 Kr.
311 2030 359 2054 ex
379 2018 557 2054 Sallustio
582 2016 734 2053 laudata
763 2018 825 2062 [v.
849 2015 947 2052 Cort.
967 2027 1006 2062 p.
1028 2019 1129 2054 1002.
1174 2015 1272 2051 Gerl.
1292 2015 1355 2051 ed.
1375 2014 1464 2050 mai.
1484 2015 1561 2051 Ine.

115 2082 174 2117 23.
197 2076 257 2115 ed.
284 2076 375 2111 min.
396 2075 471 2110 lnc.
495 2077 551 2112 14.
572 2084 610 2120 p.
634 2075 723 2118 237,
745 2078 801 2111 10.
848 2073 959 2108 Debr.
979 2072 1033 2116 V,
1058 2074 1115 2110 24.
1137 2072 1183 2115 V,
1209 2069 1291 2119 47.]
1314 2082 1362 2107 ex
1380 2071 1454 2107 hoc
1475 2071 1560 2118 ipso

116 2136 200 2171 loco
219 2133 416 2178 desumpta
427 2131 639 2167 videantur.
669 2130 792 2166 Minus
808 2128 1047 2176 probabiliter
1057 2127 1214 2164 Rothius
1228 2128 1266 2163 in
1282 2128 1414 2164 Museo
1429 2127 1560 2174 philol.

116 2190 237 2227 Rhen.
255 2189 340 2224 Vol.
360 2187 452 2222 VIII.
474 2199 511 2234 p.
534 2189 617 2225 439.
653 2184 888 2233 Palimpsesti
908 2185 1086 2231 reliquias
1109 2184 1163 2220 sic
1183 2184 1395 2230 supplevit:
1416 2185 1455 2220 in
1475 2195 1561 2220 con-

116 2248 211 2284 tione
233 2245 303 2282 hoc
322 2244 426 2281 modo
447 2244 629 2279 disseruit.
665 2242 704 2279 Si
728 2242 817 2289 quid
837 2242 936 2277 enim
960 2241 1085 2284 video,
1109 2240 1214 2276 Cotta
1233 2251 1307 2275 non
1330 2241 1368 2276 in
1387 2241 1560 2277 contione

116 2307 203 2352 post
224 2300 377 2349 aliquod
399 2305 544 2346 tempus
570 2298 777 2343 advocata,
799 2297 868 2333 sed
887 2297 1009 2333 statim
1031 2298 1185 2332 tumultu
1204 2300 1390 2343 utcunque
1409 2307 1560 2343 compo-

72 2387 75 2390 ·
118 2361 188 2397 sito
215 2359 421 2395 orationem
446 2355 544 2391 hanc
566 2354 714 2399 habuit,
747 2354 786 2390 id
807 2353 908 2401 quod
930 2353 1042 2389 etiam
1063 2364 1111 2389 ex
1130 2353 1311 2400 peculiari
1330 2353 1413 2389 eius
1433 2352 1559 2388 indole

119 2417 245 2464 colligi
265 2425 380 2463 posse
406 2412 566 2450 videtur.
760 2411 762 2413 ’

231 2476 265 2515 s.
293 2476 326 2510 1.
367 2471 442 2506 alia
453 2488 503 2495 -
507 2468 674 2516 partim)
720 2467 772 2503 De
801 2467 860 2503 his
887 2467 1065 2510 vocibus,
1091 2476 1187 2512 quae
1216 2466 1286 2502 sibi
1317 2463 1557 2512 respondent,

117 2541 156 2566 v.
180 2528 330 2575 adlug.
352 2539 386 2562 c.
402 2525 610 2569 XXXVIII,
630 2527 666 2563 3.
686 2535 725 2571 p.
746 2526 829 2562 219.
884 2521 1027 2558 Partim
1046 2533 1130 2558 cum
1151 2523 1318 2569 genitivo
1339 2522 1400 2556 vel
1419 2529 1470 2556 ex
1495 2523 1558 2555 aut

117 2586 164 2623 de
182 2584 460 2632 praepositione
477 2583 639 2618 iunctum
655 2581 730 2617 vim
749 2579 860 2615 habet
873 2579 1047 2615 adiectivi
1067 2579 1230 2625 partitivi
1247 2578 1310 2615 vel
1327 2576 1556 2613 nominativo

116 2643 178 2679 vel
201 2641 416 2678 accusativo
438 2639 573 2686 positi3
594 2638 643 2673 cf.
669 2636 744 2673 Cic.
769 2635 816 2671 de
840 2635 913 2672 Off.
935 2637 986 2680 ΙΙ,
1007 2639 1073 2679 21,
1098 2637 1157 2674 72.
1205 2633 1347 2670 Eorum
1365 2632 1554 2679 beneficio-

116 2710 200 2736 rum
219 2698 362 2746 partim
382 2695 557 2732 eiusmodi
580 2697 683 2740 sunt,
707 2696 748 2730 ut
769 2692 820 2728 ad
844 2694 1035 2728 universos
1058 2692 1145 2727 civis
1159 2690 1390 2738 pertineant,
1416 2689 1555 2735 partim

112 2754 275 2803 singulos
311 2757 352 2790 ut
388 2753 577 2799 attinqant.
625 2748 680 2786 Id.
712 2748 760 2785 de
789 2748 889 2785 Orat.
923 2746 971 2793 ΙΙ,
1002 2752 1068 2792 22,
1094 2749 1157 2785 94.
1183 2764 1230 2773 ——
1282 2744 1450 2781 Poteram·
1473 2754 1556 2791 per-
