1774 3002
157 145 211 189 16
641 153 678 191 C.
710 153 941 192 SALLUSTI
971 154 1129 193 CRISPI

294 279 361 321 13.
406 274 611 323 Omnium
632 278 819 338 partium
844 279 980 325 decus
1008 279 1054 326 in
1082 279 1329 327 mercedem
1349 280 1602 339 corruptum

154 361 262 405 erat.
950 368 954 372 “
1471 371 1476 375 ’

293 447 359 490 14.
408 443 450 488 A
481 443 544 489 Ti.
577 444 776 490 Graccho
803 445 1044 493 seditiones
1070 461 1236 508 graves
1268 460 1468 507 coepere.

155 611 374 647 auctoritate
390 613 568 658 probetur
594 612 667 648 hoc
687 613 934 660 fragmentum
960 625 1044 650 cum
1063 614 1190 661 priore
1211 614 1452 650 coniunctum
1471 612 1602 657 fuisse,

154 666 321 703 internae
361 673 485 704 autem
510 680 671 705 caussae
700 670 900 706 ostendant
920 671 1125 707 cohaerere
1151 681 1226 706 non
1245 671 1438 718 potuisse,
1470 670 1602 705 merito

154 725 262 760 nobis
282 724 456 761 videmur
476 727 522 762 ab
545 726 752 762 inveterata
771 727 956 763 editorum
975 728 1151 775 opinione
1174 727 1417 764 discessisse.
1458 744 1513 753 —-
1548 726 1602 762 De

152 791 298 816 morum
319 781 591 828 depravatione
613 783 824 819 simillimus
847 788 970 830 exstat
989 785 1094 821 locus
1114 784 1252 820 Velleii
1271 784 1315 828 11,
1337 787 1371 829 1,
1393 787 1429 822 1.
1451 783 1603 820 Remoto

153 836 385 885 Carthaginis
410 842 507 875 metu
533 839 748 887 sublataque
770 841 918 888 imperii
937 842 1083 878 aemula
1113 852 1188 878 non
1207 841 1350 889 yradu,
1370 840 1439 876 sed
1456 850 1605 888 prae-

152 895 289 941 cipite·
318 906 467 932 eursu
493 908 516 932 α
538 897 668 932 virtute
695 897 888 943 descitum,
915 899 968 934 ad
988 900 1072 935 vitia
1099 902 1368 934 transcursum
1396 917 1455 925 -
1476 896 1602 934 Animi

151 961 293 988 caussa
309 963 561 989 memoramus
580 953 616 988 in
630 952 816 989 Gerlachii
833 955 892 990 ed.
905 955 1060 991 V01.111.
1073 967 1111 1002 p.
1123 959 1183 994 51.
1201 955 1273 991 hoc
1290 954 1605 1002 1egi.„torrentis

151 1008 290 1044 modo-i.
303 1021 338 1045 e.
340 1001 592 1061 χειμοὲρῤος.“
616 1009 729 1046 Cuius
742 1010 877 1047 doctae
889 1011 1250 1058 annotationisquod
1261 1011 1459 1047 consilium
1470 1011 1602 1056 sit,vix

152 1065 351 1112 quisquam
368 1065 523 1111 dixerit,
553 1067 609 1102 nis
603 1067 624 1101 i
645 1072 792 1103 summa
812 1069 962 1105 vanitas
983 1069 1210 1116 ostenditur,
1231 1078 1327 1115 quae
1347 1078 1394 1103 ne
1423 1071 1600 1103 accentus

152 1122 305 1169 quidem
325 1134 486 1170 graecos
507 1128 608 1159 recte
627 1135 770 1170 ponere
792 1124 979 1161 didicerit.
999 1146 1056 1150 —
1076 1126 1202 1161 Verba
1224 1126 1278 1162 uti
1303 1126 1431 1160 merito
1456 1125 1602 1160 dicatur

148 1180 286 1226 yenitos
312 1189 391 1216 esse
411 1184 482 1216 etc.
502 1180 605 1216 haud
625 1180 738 1217 dubie
769 1182 974 1218 imitatione
997 1193 1179 1229 expressa
1201 1186 1288 1217 sunt
1310 1192 1358 1217 ex
1377 1180 1601 1243 Thucydide

151 1236 179 1280 I,
196 1236 254 1274 70.
260 1228 402 1282 Ὥστε,
419 1234 457 1273 εἴ
470 1249 531 1282 τις
545 1227 689 1282 αὐτοὺς
708 1229 881 1284 ξυνελών
903 1235 1004 1287 φαίη
1019 1235 1243 1302 πεφυκέναι
1266 1233 1329 1274 ἐπὶ
1343 1236 1399 1290 τῷ
1397 1230 1509 1301 μήτε
1528 1227 1601 1273 αὖ·

131 1282 241 1386 ’τῖᾳῦς
270 1289 371 1342 ἔχειν
399 1285 586 1343 ἡσυχίαν,
611 1286 707 1344 μήτε
731 1306 823 1340 τους
843 1287 986 1340 ἄλλους
1005 1286 1248 1347 ἀνθρώπους
1276 1290 1365 1340 ἐᾶν,
1372 1275 1523 1345 ὀρθῶς
1548 1305 1602 1330 αν

150 1359 168 1386 ε
184 1360 268 1387 πεν.

261 1405 323 1443 Fr.
345 1409 402 1445 13.
441 1407 570 1451 [Deest
591 1407 693 1454 apud
716 1407 816 1444 Cort.
841 1413 878 1444 et
897 1409 1006 1445 Debr.
1030 1424 1091 1434 —-
1109 1409 1208 1445 Gerl.
1241 1408 1302 1444 ed.
1322 1407 1409 1444 mai.
1433 1407 1599 1446 V01.111.

149 1474 187 1511 p.
206 1466 287 1503 146.
307 1475 345 1499 n.
364 1466 448 1502 226.
465 1463 528 1500 ed.
551 1465 641 1501 min.
663 1465 689 1509 Ι,
711 1467 779 1510 33,
797 1476 836 1512 p.
857 1468 945 1510 185,
964 1467 1016 1511 2.]
1076 1466 1342 1513 Fragmentum
1363 1463 1599 1500 emendatius

151 1525 276 1557 exstat
295 1522 334 1556 in
353 1520 439 1556 cod.
461 1521 558 1558 Gud.
582 1522 779 1566 Arusiani‚
804 1534 841 1559 v.
861 1524 898 1558 in
917 1523 1016 1558 illam
1035 1533 1114 1558 rem
1127 1551 1136 1568 ,
1156 1533 1195 1569 p.
1212 1524 1295 1560 240.
1317 1520 1488 1557 Lindem·
1545 1520 1602 1556 Ex

150 1577 238 1614 cod.
269 1577 375 1614 Leid.
408 1577 501 1613 illud
527 1578 598 1614 iam
625 1579 831 1625 protulerat
859 1579 1098 1616 Burmannus
1121 1581 1158 1615 in
1186 1578 1339 1614 Anthol.
1368 1578 1431 1614 lat.
1458 1577 1554 1613 Vol,¹
1571 1577 1599 1612 l.

149 1645 189 1681 p.
223 1636 325 1679 173„
355 1635 416 1671 ubi
447 1635 549 1670 nullo
582 1646 700 1671 sensu
730 1636 950 1683 nimiumque
973 1637 1109 1683 legitur
1138 1646 1207 1683 pro
1238 1636 1406 1671 omnium.
1462 1633 1600 1670 Verbis

149 1690 222 1727 hoc
245 1691 501 1739 significatur:
530 1702 654 1728 omnes
666 1697 801 1739 partes
823 1694 872 1728 ita
889 1696 1089 1739 corruptae
1111 1703 1158 1728 ac
1177 1692 1404 1738 depravatae
1417 1693 1543 1735 erant,
1561 1695 1603 1726 ut

149 1749 294 1784 decoris
316 1752 424 1796 atque
444 1747 586 1784 honesti
605 1759 698 1785 cura
714 1747 832 1795 plane
846 1749 985 1784 abiecta
1010 1748 1253 1785 tantummodo
1267 1747 1434 1784 mercede
1452 1747 1601 1793 vilisque

149 1805 313 1842 militam
351 1805 495 1841 ratione
528 1805 766 1842 ducerentur.
834 1805 939 1841 Idem
982 1806 1155 1853 saepius
1176 1805 1342 1851 queritur
1384 1803 1598 1848 Sallustius,

150 1862 255 1899 velut
275 1861 381 1899 Catil.
403 1872 436 1897 c.
458 1861 514 1907 X,
537 1864 574 1900 3.
632 1863 854 1899 Avaritia
873 1862 986 1908 fidem
999 1891 1008 1909 ‚
1025 1862 1246 1910 probitatem
1271 1865 1485 1907 ceterasque
1507 1861 1600 1895 artis

149 1918 268 1955 bonas
297 1919 483 1959 subvortit,·
507 1929 584 1966 pro
621 1919 678 1955 his
711 1919 943 1966 superbiam,
979 1919 1248 1964 crudelitatem,
1286 1918 1372 1953 deos
1403 1917 1598 1964 neyliyere,

150 1977 302 2012 omnia
337 1976 529 2012 venalia
562 1974 742 2012 habere
775 1976 975 2012 edocuit.
1034 1976 1116 2023 lug.
1148 1986 1187 2012 c.
1224 1973 1365 2018 XXXI,
1411 1976 1468 2011 12.
1502 1972 1597 2008 >Ho-

149 2034 265 2069 mines
290 2033 592 2078 sceleratissumi,
619 2033 771 2068 immani
792 2033 969 2078 avaritia,
992 2033 1120 2080 quibus
1136 2032 1250 2079 fides,
1278 2031 1440 2075 decus,
1462 2029 1598 2076 pietas,

143 2093 332 2136 postremo
373 2089 524 2125 honesta
568 2094 676 2136 atque
714 2089 905 2126 inhonesta
938 2090 1059 2125 omnia
1102 2088 1329 2136 quaestui
1364 2090 1485 2123 sunt.
1547 2085 1597 2122 ib.
1615 2116 1628 2129 ,

149 2156 186 2182 c.
202 2145 349 2190 LXXX,
369 2150 405 2184 5.
464 2146 802 2182 Caeciavaritia
817 2147 926 2193 ,quis
943 2147 1084 2192 omnia,
1098 2146 1251 2182 honesta
1266 2148 1374 2191 atque
1395 2142 1598 2188 athonem,

150 2203 366 2239 vendere
380 2211 458 2238 mos
472 2206 566 2237 erat.
625 2202 686 2237 Fr.
708 2202 803 2238 Hist.
826 2203 884 2246 Ι,ΙΙ
905 2205 963 2246 82,
990 2207 1025 2240 5.
1073 2174 1216 2238 Metus
1236 2200 1370 2237 habent
1387 2199 1600 2235 mercede

152 2259 365 2306 delmque
377 2268 448 2304 re,
489 2269 599 2305 quam
628 2260 747 2305 gyratis
774 2262 874 2294 reete
893 2258 1037 2305 facere.
1095 2258 1136 2293 In
1162 2259 1245 2294 loco
1273 2257 1360 2293 huic
1389 2257 1597 2304 fragmento

151 2315 385 2363 assignando
401 2315 544 2351 secuti
542 2326 671 2350 sumus
690 2315 891 2351 Linkerum
913 2314 960 2349 de
981 2314 1071 2352 Sall.
1093 2314 1251 2351 Historr.
1274 2315 1447 2350 Prooem.
1464 2324 1504 2360 p.
1523 2316 1596 2356 54„

153 2374 216 2420 qui
238 2375 335 2410 bene
357 2371 453 2410 vidit
471 2373 590 2409 verba
606 2371 655 2407 ibi
680 2372 777 2408 lecta
799 2372 930 2415 fuisse,
955 2372 1016 2407 ubi
1040 2371 1146 2415 Sa11.‚
1170 2382 1283 2418 quum
1311 2371 1349 2406 in
1379 2370 1597 2407 universum

155 2429 204 2466 de
221 2441 367 2467 summa
386 2440 531 2465 morum
552 2429 789 2476 corruptione
804 2429 965 2464 avaritia
990 2432 1026 2463 et
1045 2429 1134 2464 luxu
1152 2428 1288 2464 effecta
1308 2427 1478 2470 dixisset,
1498 2435 1596 2472 quae

153 2486 242 2523 inde
270 2487 371 2523 mala
405 2486 443 2522 in
463 2485 731 2532 rempublicam
757 2484 1094 2529 redundavissent‚
1131 2485 1318 2532 exposuit.
1376 2481 1596 2519 Gerlachius

152 2547 305 2581 eontra:
347 2543 506 2589 H‚aee,
542 2542 681 2589 inquit
709 2541 757 2578 de
778 2540 884 2578 Sulla
904 2541 1042 2577 dictum
1063 2546 1173 2588 puto,
1203 2542 1265 2589 qui
1291 2540 1395 2577 initio
1415 2538 1595 2574 nobilium

153 2610 330 2638 caussam
347 2571 567 2636 defendisse
585 2599 803 2643 videbatur,
830 2602 964 2645 postea
985 2602 1108 2634 autem
1129 2598 1311 2636 avaritiae
1331 2600 1369 2633 et
1386 2594 1596 2632 crudelitati

155 2659 345 2695 sociorum
365 2657 510 2694 servire
531 2659 684 2693 coactus
709 2655 807 2691 est.“

251 2715 327 2751 Fr.
349 2715 408 2752 14.
465 2712 582 2759 [Cort.
603 2724 643 2760 p.
667 2714 771 2751 1003.
795 2711 896 2747 G‘erl.
917 2710 977 2747 ed.
998 2713 1086 2747 mai.
1108 2712 1185 2748 Ine.
1207 2694 1268 2751 43.
1291 2709 1354 2747 ed.
1375 2710 1466 2746 min.
1485 2708 1513 2753 1,
1535 2710 1593 2746 14.

152 2783 191 2820 p.
211 2773 300 2817 184,
325 2774 362 2810 4.
382 2771 492 2808 Debr.
515 2771 557 2815 l,
585 2770 661 2814 16.]
718 2769 979 2817 Fragmentum
1002 2773 1126 2804 exstat
1149 2767 1251 2816 apud
1272 2766 1522 2814 Augustinum
1547 2763 1594 2800 de
