1774 3002
447 175 778 213 HISTORIARUM
804 174 1117 212 FRAGMENTA.
1175 175 1264 211 ΜΒ.
1295 175 1359 210 lv.
1502 167 1588 212 315

150 303 333 364 ereptis,
369 314 500 347 usum
533 298 652 345 dedit
686 299 797 345 bene
821 297 1056 355 suadendi,
1087 300 1154 355 et,
1186 298 1304 360 quod
1330 297 1588 343 florentibus

151 385 342 446 optabile
368 386 460 440 est,
489 397 580 444 ego
615 392 703 429 non
738 382 1053 429 validissumus
1091 381 1283 442 praebeo
1323 380 1588 440 exemplum,

114 482 136 516 5
153 484 241 531 quo
271 467 432 514 rectius
455 468 532 512 tua
557 481 810 527 componas.
859 467 1057 527 Namque
1079 464 1290 510 Romanis
1315 479 1415 510 cum
1442 463 1590 510 natio-

154 553 305 607 nibus,
335 550 536 612 populis,
574 550 755 611 regibus
786 549 954 595 cunctis
984 563 1073 594 una
1099 551 1142 594 et
1177 562 1230 593 ea
1262 550 1391 593 vetus
1428 563 1590 594 caussa

147 634 339 682 bellandi
370 635 459 690 est,
488 633 646 694 cupido
674 633 893 693 profunda
917 631 1068 692 imperi
1100 634 1143 678 et
1173 630 1433 676 diVitiarum.
1494 630 1592 686 Qua

152 718 292 780 primo
324 732 422 763 cum
452 732 561 778 rege
590 716 876 762 Macedonum
906 715 1110 775 Philippo
1150 714 1312 760 bellum
1347 729 1591 774 sumpsere.

156 846 332 906 Τιγράνῃ
361 843 485 903 ὀργὴν
512 845 598 902 εἶχε.
634 873 683 879 -
726 851 824 887 Vera
852 854 1087 897 existumare,
1123 853 1147 887 i.
1177 863 1212 888 e.
1234 863 1281 887 cx
1301 862 1391 888 vero
1411 851 1594 888 iudicare.

156 913 252 949 Ante
278 909 441 947 Cortium
463 920 510 945 ex
530 909 813 956 interpolatione
834 909 1027 955 legebatur
1046 913 1269 945 aestumare.

267 970 301 1010 ς.
323 968 357 1004 4.
378 966 575 1010 obnoxius)
605 966 784 1002 Absolute
814 965 937 1012 posito
967 965 1041 1002 hoc
1069 966 1254 1002 vocabulo
1274 964 1510 1012 significatur
1530 965 1596 1002 ali-

157 1025 262 1071 quis,
291 1023 354 1070 qui
375 1033 449 1058 non
473 1026 530 1058 est
549 1023 586 1058 in
607 1032 677 1058 sua
696 1025 899 1068 potestate,
927 1020 997 1057 sed
1020 1033 1069 1057 ex
1094 1022 1219 1058 aliena
1250 1022 1438 1057 voluntate
1467 1023 1530 1057 vel
1549 1033 1597 1058 ex

157 1081 282 1128 aliqua
300 1079 526 1115 necessitate
545 1078 707 1125 pendet;
737 1077 941 1114 vernacula
958 1077 1168 1126 qebunden,
1198 1079 1235 1114 in
1265 1077 1527 1125 Verleyenheit.
1548 1080 1596 1118 cf.

158 1137 253 1173 intra
281 1138 317 1179 s.
348 1138 405 1174 13.
448 1133 618 1171 Omnibus
644 1135 727 1171 aliis
757 1133 989 1171 abnoxiis
1017 1144 1152 1171 rursus
1175 1140 1295 1171 tamen
1330 1135 1459 1170 belhem
1480 1137 1598 1182 coepi.

157 1195 237 1240 lug.
257 1190 390 1235 XXXI,
410 1193 447 1229 3.
483 1190 540 1226 Ne
555 1201 656 1227 nunc
678 1191 840 1238 quidem,
867 1190 1091 1227 obnoxiis
1120 1192 1349 1237 inimicis,
1378 1193 1598 1239 exsut-quim

158 1250 220 1286 ubi
248 1249 368 1285 Faber
389 1247 541 1283 contulit
571 1247 653 1283 Liv.
673 1246 802 1292 XXIII,
826 1250 881 1291 12,
901 1249 939 1286 9.
982 1246 1026 1283 Si
1041 1249 1232 1293 reticeam,
1255 1252 1320 1284 aut
1336 1247 1518 1295 superbus
1535 1254 1600 1285 aut

158 1305 395 1341 obnoxias
417 1304 555 1348 videar,
574 1314 729 1350 quorum
744 1305 899 1340 alterum
923 1307 978 1340 est
993 1304 1150 1341 bominis
1171 1306 1314 1340 alienae
1344 1305 1517 1340 libertatis
1536 1305 1601 1341 ob-

158 1362 220 1407 lili,
241 1361 398 1396 alterum
416 1369 518 1396 suae.
538 1359 655 1396 Tacit.
670 1360 763 1396 Hist.
783 1361 827 1404 Π,
848 1363 908 1399 56.
934 1359 1166 1397 obnoxiis
1186 1361 1338 1397 ducibus
1357 1361 1601 1408 etprohibere

160 1429 233 1454 non
253 1418 366 1453 ausis.
385 1433 443 1441 —
471 1415 622 1460 Qualem
651 1420 688 1452 tu
719 1417 816 1452 voles
841 1418 1046 1454 societatem
1073 1419 1246 1464 accipiet,
1274 1419 1298 1452 ἰ.
1326 1428 1360 1452 e.
1384 1418 1601 1454 societatem

162 1474 266 1510 inibit
286 1483 334 1509 ea
353 1472 588 1516 condicione,
607 1477 647 1508 ut
673 1473 735 1509 tibi
756 1473 1067 1519 Mesopotamiam
1086 1477 1122 1509 et
1143 1474 1368 1510 Adiabenen
1390 1473 1522 1519 cedat;
1552 1476 1600 1511 ct'.

161 1531 363 1566 Drumann.
383 1529 475 1566 Hist.
496 1528 604 1564 Rom.
627 1529 714 1564 Vol.
734 1529 798 1564 IV.
818 1541 857 1576 p.
881 1533 960 1567 151.
982 1534 1056 1566 not.
1078 1533 1150 1575 56„
1175 1542 1220 1567 ac
1243 1542 1280 1566 v:
1302 1542 1418 1577 supra
1438 1530 1475 1565 in
1493 1542 1603 1578 prae-

161 1586 310 1622 monitis
340 1585 389 1621 ad
411 1585 449 1621 h.
471 1585 533 1620 Fr.
554 1605 610 1610 -—
645 1585 766 1630 Usum,
787 1586 811 1621 i.
833 1597 868 1622 e.
889 1588 1175 1633 experientiam,
1198 1587 1301 1632 sive,
1323 1592 1362 1622 ut
1383 1587 1529 1624 Cottius
1549 1589 1603 1623 in-

162 1645 402 1689 terpretatur,
429 1641 587 1677 habitam
616 1652 666 1678 ex
693 1642 804 1678 mulla
825 1644 1067 1689 experientia.
1089 1663 1145 1670 -—
1171 1643 1254 1680 Non
1274 1644 1514 1686 validissimus
1534 1656 1603 1691 per

162 1698 459 1746 euphemismum
479 1698 561 1733 sive
581 1699 705 1745 potius
730 1699 866 1734 callida
887 1698 1184 1736 dissimulatione
1209 1700 1347 1773 dictum
1368 1711 1436 1748 pro
1454 1701 1603 1749 fractus

159 1755 355 1803 opibusque
374 1758 520 1791 exutus.

275 1814 309 1854 S.
328 1815 363 1848 5.
403 1815 437 1847 et
464 1820 509 1846 ea
538 1811 655 1854 velus)
688 1821 726 1845 v.
757 1810 806 1846 ad
826 1811 886 1847 Fr.
911 1811 972 1856 ΙΙΙ,
991 1817 1026 1858 1,
1048 1817 1084 1850 5.
1113 1832 1170 1839 —
1197 1773 1603 1861 Cupidoprofunda

163 1871 221 1903 est
238 1867 468 1912 msatiabilis,
498 1866 742 1913 inexplebilis,
769 1869 965 1911 immensa,
995 1879 1067 1915 quo
1099 1880 1214 1905 sensu
1239 1870 1412 1906 Germani
1435 1870 1605 1907 bodenlos

165 1923 313 1967 dicunt;
343 1924 391 1958 ct'.
414 1923 493 1969 lug.
520 1933 554 1958 c.
583 1922 731 1957 LXXXI
751 1927 782 1960 l.
815 1924 1002 1960 Romanos
1021 1926 1183 1971 iniustos,
1203 1926 1464 1973 profunda
1491 1938 1605 1963 ava-

164 1980 301 2024 ritia,
329 1979 527 2014 commum&
552 1979 710 2014 omnium
736 1979 848 2015 hostis
874 1990 966 2016 esse.
987 2000 1044 2005 —
1069 1980 1150 2024 Qua
1169 1993 1328 2018 caussae
1347 1986 1530 2028 potestate
1551 1983 1605 2019 di-

165 2037 338 2079 ctum‚‘ut
355 2035 416 2069 Fr.
437 2033 496 2078 111,
511 2034 570 2078 82,
589 2037 662 2078 26„
682 2036 830 2081 plenius
858 2040 917 2072 est
945 2048 1019 2083 qua
1040 2038 1192 2073 incitati.
1219 2058 1275 2063 —
1302 2038 1430 2075 Primo
1449 2042 1605 2086 praebet

165 2092 251 2126 Vat.
274 2095 307 2129 1.
326 2095 363 2129 2.
406 2090 591 2135 Primum,
622 2093 660 2125 ut
687 2091 804 2139 vulgo
824 2091 964 2136 editur,
995 2093 1129 2129 salsum
1151 2105 1237 2131 esse
1258 2095 1332 2131 iam
1353 2106 1401 2131 ex
1422 2107 1468 2132 eo
1488 2101 1602 2143 patet,

166 2146 267 2194 quod
285 2147 319 2187 S.
341 2150 377 2185 6.
396 2157 485 2182 mox
504 2146 715 2192 subiicitur3
737 2149 862 2195 primo
890 2149 988 2184 enim
1016 2151 1166 2196 ponitur
1185 2150 1232 2186 de
1258 2163 1298 2187 re
1311 2181 1320 2196 ,
1354 2163 1450 2199 quae
1468 2157 1603 2200 postea

166 2204 228 2239 Vel
247 2213 323 2239 non
345 2203 567 2246 continuata,
589 2204 650 2238 vel
669 2208 809 2240 mutata
830 2209 897 2250 est,
918 2210 958 2241 ut
977 2210 1076 2242 recte
1095 2209 1278 2255 praecipit
1308 2208 1521 2246 Dietschius
1553 2211 1604 2247 ad

166 2260 248 2307 lug.
268 2258 401 2304 XXIX,
430 2262 466 2298 3.
484 2270 523 2306 p.
543 2262 623 2296 205.
650 2280 708 2286 —-
730 2261 873 2298 Bellum
898 2272 1082 2299 sumere
1103 2268 1159 2300 est
1185 2266 1371 2312 incipere5
1397 2267 1447 2302 cs.
1466 2266 1545 2314 lug.
1569 2279 1602 2303 c.

165 2315 246 2359 XX,
263 2319 299 2354 5.
333 2314 447 2351 Prius
466 2317 587 2351 omnia
599 2317 684 2363 pati
700 2317 877 2363 decrevit,
895 2330 1005 2366 quam
1025 2319 1190 2357 bellum
1211 2331 1408 2360 sumere.
1431 2323 1474 2359 'ib
1494 2323 1602 2368 LXII,

166 2374 202 2410 9.
222 2369 422 2415 LXXXIII,
450 2375 484 2409 1.
522 2371 666 2407 Eodem
692 2373 806 2410 modo
836 2375 898 2410 Fr.
927 2375 990 2421 IV,
1020 2377 1081 2421 77,
1103 2381 1158 2415 10.
1184 2377 1319 2413 dicitur
1338 2380 1523 2426 proelium
1542 2389 1605 2415 su-

166 2437 277 2464 mere.
321 2426 547 2464 Contrarium
570 2432 626 2463 est
637 2439 780 2475 ponere
799 2431 943 2478 bellum,
970 2432 1018 2468 de
1047 2444 1120 2479 quo
1143 2445 1181 2470 v.
1205 2434 1254 2470 ad
1276 2434 1354 2482 lug.
1379 2445 1415 2470 c.
1438 2434 1546 2472 CXII.
1568 2441 1601 2474 1.

206 2524 210 2526 .
277 2487 309 2527 s.
342 2487 378 2522 6.
415 2484 512 2520 Dum
538 2495 563 2519 a
595 2484 951 2533 carthaqiniensibus
978 2490 1263 2536 premebantur)
1314 2491 1360 2526 Et
1378 2495 1547 2539 tempora
1566 2497 1602 2528 et

164 2551 350 2588 personas
378 2545 414 2576 et
439 2550 499 2576 res
519 2540 581 2576 hic
604 2542 797 2578 confundit
818 2544 899 2580 sive
919 2545 1152 2583 Mithridates
1176 2547 1257 2583 sive
1281 2546 1479 2585 SallustIus
1503 2549 1600 2595 ipse.

166 2597 297 2644 Neque
328 2597 425 2632 enim
452 2596 607 2632 durante
637 2597 759 2635 adhuc
786 2600 884 2636 bello
914 2602 1052 2640 Punico
1084 2602 1251 2638 secundo
1280 2603 1460 2641 Romanis
1496 2604 1601 2652 quid-

167 2663 276 2699 quam
295 2654 436 2700 negotii
457 2657 519 2688 aut
538 2653 699 2690 amicitia
721 2666 803 2692 cum
823 2657 1008 2694 Antiocho
1030 2659 1115 2704 suit,
1144 2669 1265 2705 neque
1285 2660 1347 2695 ille
1368 2671 1413 2697 eo
1436 2666 1600 2707 tempore

164 2708 335 2756 Philippo
367 2709 568 2745 subvenire
599 2707 766 2757 paravit,
793 2722 913 2759 neque
943 2716 1190 2750 concessione
1219 2715 1335 2751 Asiae
1363 2718 1408 2752 ab
1438 2727 1484 2752 eo
1516 2728 1604 2753 con-

165 2765 249 2800 silio
275 2776 434 2802 aversus
463 2770 532 2817 est.
578 2764 655 2802 Sed
682 2777 793 2814 quum
822 2764 954 2814 Attali,
979 2771 1200 2819 Pergameni
1223 2772 1344 2819 regis,
1369 2783 1524 2820 regnum
1545 2776 1600 2819 (a.
