1774 3002
0 179 21 209 ῑὲ-

0 214 18 241 i*

447 157 783 198 msromsnum
807 127 1122 192 memma
1179 150 1268 186 us.
1297 150 1327 185 1.
1584 141 1613 182 3

301 291 343 332 2.
389 284 499 332 Cato
528 281 714 329 Romani
750 278 931 341 generis
968 274 1303 323 disertissumus
1334 271 1487 332 paucis
1527 269 1612 314 ab-

167 369 314 416 solvit.

167 507 238 551 111,
266 508 335 550 30,
364 505 446 543 109.
469 514 510 550 p.
538 505 622 541 391.
676 502 875 537 Praeterea
896 497 995 534 dom'
1025 499 1061 531 et
1088 495 1235 531 militiae
1263 503 1338 529 non
1363 501 1496 527 verum
1525 498 1612 526 esse

170 563 369 600 verborum
396 559 566 596 ordinem
586 569 662 594 non
684 559 804 594 solum
833 554 1047 601 intelligitur
1065 553 1191 599 priore
1212 549 1393 586 Prisciani
1423 549 1506 584 loco
1528 558 1614 582 cum

169 618 294 656 Rufini
322 617 535 654 testimonio
566 618 804 662 comparato,
835 611 906 649 sed
932 610 1021 646 inde
1041 619 1190 656 quoqne
1211 609 1351 651 elucet,
1378 604 1481 652 quod
1500 605 1612 651 longe

171 675 290 712 maior
307 673 553 711 Historiarum
572 683 662 719 pars
681 672 720 707 in
738 671 851 707 rebus
870 668 1016 705 bellicis
1034 665 1233 702 narrandis
1252 666 1438 700 versatur.
1468 660 1613 697 Eodem

170 731 284 768 modo
307 732 453 767 locutus
473 733 533 766 est
550 730 662 766 etiam
681 728 809 764 Livius
828 725 910 771 vn,
929 728 989 767 32,
1011 726 1084 767 16„
1116 731 1341 769 quamquam
1363 718 1536 755 usitatius
1556 720 1614 753 est

169 789 268 825 donni
288 788 514 824 vocabulum
537 785 734 832 praeponi.
776 783 962 827 Quantum
983 779 1162 826 temporis
1183 778 1344 824 spatium
1363 776 1614 822 complectan-

172 850 229 881 tur
250 846 366 880 verba
384 853 432 879 ac
445 842 576 879 deinde
589 841 833 888 exposuimus
854 839 891 874 in
901 836 1147 885 praefatione.
1186 834 1304 870 Tanta
1317 836 1375 869 est
1386 837 1510 868 autem
1525 831 1615 867 Ger-

174 901 285 937 lachii
306 899 435 936 iudicii
452 898 696 946 perversitas,
717 893 757 933 u't
776 897 865 931 Vol:
881 895 945 930 111.
964 905 1005 940 p.
1025 893 1085 931 47.
1106 903 1181 928 non
1200 891 1388 927 dubitaret
1405 889 1502 925 haee
1524 888 1615 924 scri-

172 959 285 994 bere:
307 956 391 1002 „Ex
409 956 471 992 his
490 956 618 992 verbis
637 953 864 1000 intelligitur,
883 949 1103 988 Sallustium
1120 948 1225 984 initio
1246 947 1329 983 libri
1349 945 1515 982 nondum
1536 955 1616 980 cer-

173 1019 248 1050 tum
265 1012 451 1060 quendam
465 1011 592 1055 finem,
612 1010 662 1046 ad
679 1020 790 1058 quem
804 1008 874 1046 sibi
888 1004 1206 1054 progrediendum
1221 1014 1309 1040 esse
1324 1002 1469 1050 putavit
1484 998 1615 1046 (sic!),

171 1069 453 1107 mnsuunisse.“
491 1067 645 1117 Scilicet
667 1067 742 1103 hoc
761 1065 863 1102 idem
880 1067 957 1107 est,
980 1073 1025 1100 ae
1046 1063 1078 1098 si
1098 1061 1257 1098 dixisset
1276 1061 1378 1096 illum
1397 1059 1541 1095 ebrium
1564 1056 1615 1093 ad

173 1126 358 1163 Historias
385 1123 667 1171 componendas
690 1122 917 1160 accessisse.
955 1120 1007 1155 cs.
1025 1130 1123 1166 quae
1142 1118 1306 1155 diximus
1326 1117 1364 1152 in
1383 1115 1496 1152 Jahni
1516 1114 1616 1150 Nov.

173 1184 273 1220 Ann-
301 1182 436 1218 Philol.
463 1185 503 1217 et
527 1180 644 1217 Paed.
677 1191 714 1216 a.
742 1181 846 1218 1832.
872 1177 961 1213 vol.
983 1176 1039 1216 Ὺ,
1072 1187 1112 1223 p.
1137 1177 1207 1214 271
1227 1185 1311 1221 sqq.
1333 1177 1371 1209 et
1391 1173 1544 1209 Linker.
1566 1170 1615 1206 de

175 1239 264 1277 Sall.
283 1239 378 1275 Hist.
396 1239 568 1274 Prooem.
590 1249 630 1284 p.
652 1241 699 1276 10
718 1247 799 1283 sqq.

285 1295 348 1332 Fr.
366 1298 405 1333 2.
444 1292 559 1343 [Cort.
578 1306 618 1341 p.
637 1296 720 1332 933.
751 1293 852 1329 Gerl.
872 1290 936 1327 ed.
956 1290 1045 1326 mai.
1064 1289 1092 1333 1,
1110 1292 1145 1327 2.
1167 1286 1231 1323 ed.
1254 1287 1345 1322 min.
1363 1286 1392 1331 1,
1416 1288 1453 1324 3.
1473 1297 1511 1332 p.
1532 1288 1613 1328 182,

174 1355 212 1391 4.
229 1352 342 1389 Debr.
361 1351 399 1396 1,
423 1352 485 1396 4.]
513 1351 640 1387 Verba
658 1349 825 1386 servavit
842 1348 1058 1384 Victorinus
1077 1345 1115 1381 in
1136 1344 1291 1380 Rhetor.
1312 1342 1388 1379 Cic.
1410 1353 1448 1389 p.
1468 1344 1533 1390 5¹1,
1554 1344 1616 1380 30.

176 1409 292 1446 Orell.
309 1408 416 1455 qui„
432 1407 616 1455 Historia,
645 1407 784 1453 inquit,
813 1409 849 1440 et
870 1405 999 1441 brevis
1027 1413 1115 1439 esse
1136 1400 1249 1437 debet
1268 1401 1307 1435 in
1325 1399 1560 1446 expositione
1581 1403 1618 1433 et

175 1469 306 1512 aperta
325 1468 362 1500 et
374 1464 591 1511 probabilis,
610 1468 651 1499 ut
666 1462 865 1499 Sallustius
884 1461 955 1497 sibi
971 1460 1097 1496 omnia
1111 1459 1149 1494 in
1164 1457 1322 1494 Catilina
1341 1456 1484 1492 tribuit:
1505 1466 1616 1502 quam

176 1523 364 1558 ver-‘sm
375 1523 507 1568 potero
518 1521 653 1567 paucis
671 1519 857 1555 absolvam
866 1533 879 1559 ,·
897 1528 1010 1564 quum
1030 1516 1114 1552 aliis
1132 1512 1447 1560 historiographis
1468 1512 1618 1558 singula

180 1577 399 1614 tradidisset
416 1577 456 1612 in
475 1576 617 1613 libro·1.
636 1576 895 1622 Historiarum,
914 1572 1308 1610 Catoni-brevitatem:
1329 1569 1493 1606 Romam·
1504 1578 1617 1616 yene-

178 1635 235 1670 νίς
252 1634 509 1670 &heressin-us
518 1634 656 1680 pana}
673 1632 838 1677 absolvit;
863 1631 1006 1667 Fannio
1029 1640 1120 1666 vero
1139 1624 1380 1664 veritatem.“
1417 1626 1618 1662 Praeterea

180 1689 336 1728 Servius
356 1689 408 1726 ad
426 1689 536 1736 Virg.
555 1689 652 1726 Aen.
673 1689 709 1737 Ι,
735 1691 794 1728 96.
814 1688 884 1723 tria
902 1687 1030 1734 priora
1048 1686 1167 1723 verba
1188 1683 1335 1731 laudat,
1368 1682 1418 1719 ad
1438 1681 1618 1718 eundem-

181 1757 252 1793 que
277 1747 403 1783 locum
429 1745 583 1793 respicit
607 1745 707 1782 Acro
737 1745 787 1782 ad
805 1745 931 1780 Horat.
951 1743 1030 1781 Sat.
1059 1743 1097 1790 Ι,
1119 1746 1186 1789 10,
1211 1743 1246 1779 9.
1272 1740 1335 1779 his
1354 1739 1482 1787 verbis
1501 1747 1617 1775 usus:

180 1802 273 1850 „Sic
292 1807 332 1839 et
342 1801 434 1839 Cato
455 1801 628 1838 laudatur
645 1813 668 1837 a
684 1801 875 1847 Sanusne,
894 1800 996 1847 quod
1015 1800 1129 1835 multa
1146 1799 1285 1845 paucis
1302 1794 1538 1832 absolverit.“
1561 1795 1618 1830 Ex

181 1858 255 1895 hoc
273 1859 435 1896 Acronis
454 1859 538 1894 loco
556 1859 689 1899 unua,
710 1857 813 1905 quod
831 1859 868 1893 in
890 1857 1064 1892 omnibus
1082 1855 1175 1892 Sall.
1194 1853 1285 1889 edd.
1304 1853 1461 1899 legitur,
1492 1852 1533 1887 in
1555 1851 1621 1886 Vi-

183 1915 315 1951 ctorini
327 1916 445 1951 verba
461 1925 551 1951 esse
564 1915 705 1950 illatum
724 1918 824 1950 recte
848 1913 989 1949 iudicat
1001 1913 1186 1948 Linkerus
1209 1910 1257 1945 de
1272 1909 1366 1944 Hist.
1386 1909 1557 1943 Prooem.
1578 1918 1620 1953 p.

183 1973 266 2015 304
297 1970 401 2007 aliud
427 1971 527 2006 enim
552 1981 664 2017 quam
688 1971 822 2015 ηηαια,
852 1969 955 2016 quod
974 1969 1215 2005 scholiastam
1236 1966 1355 2012 sapit,
1383 1965 1501 2000 fuisse
1518 1962 1621 2010 apud

186 2026 279 2063 Sall.
305 2027 388 2062 luce
419 2026 557 2062 clarius
584 2029 654 2061 est.
700 2026 911 2072 Fragmenti
930 2036 1065 2061 sensus
1085 2024 1186 2059 enlm
1205 2021 1310 2058 haud
1327 2020 1440 2057 dubie
1465 2020 1528 2056 hic
1549 2024 1619 2064 est,

187 2080 365 2118 Catonem
390 2092 516 2117 rerum
543 2081 852 2128 gravissimarum
875 2082 1023 2128 copiam
1050 2079 1254 2116 levioribus
1277 2077 1430 2114 omissis
1455 2077 1622 2113 breviter

188 2148 233 2174 ac
250 2137 411 2184 simplici
428 2137 610 2185 oratione,
627 2142 773 2173 remota
790 2138 893 2173 inani
909 2139 1111 2174 verborum
1129 2135 1388 2179 ostentatione,
1407 2144 1620 2170 enarrasse.

188 2194 246 2230 Ab
262 2194 336 2230 hoc
351 2193 515 2234 Sallustii
538 2194 679 2230 iudicio
698 2205 774 2230 non
792 2195 946 2230 multum
964 2193 1156 2229 diversum
1174 2195 1246 2240 est,
1265 2191 1368 2238 qnod
1387 2189 1518 2227 Cicero
1536 2201 1623 2237 pro-

186 2251 313 2297 posuit
329 2249 379 2286 de
400 2249 502 2287 Orat.
517 2250 573 2298 11,
598 2255 663 2298 12,
690 2253 749 2288 53.
806 2250 933 2295 Qualis
953 2250 1061 2297 apud
1076 2249 1239 2286 Graecos
1256 2247 1503 2295 Pherecydes,
1529 2247 1620 2283 Hel-

186 2306 1042 2355 lonicnae‚Acueihnoefnat,auiquepmm11i,
1069 2306 1298 2341 talisnoeoer
1325 2304 1414 2342 Cato
1441 2302 1624 2340 eiPn‘etor

187 2362 1020 2411 uhtvo‚qnamqueoenm,qnibusmbus
1044 2366 1203 2399 ornatur
1228 2358 1623 2410 oratid(modoenim

187 2418 346 2456 heina
372 2420 703 2466 Μόνιμον-τοία),
731 2420 1123 2467 manamaur,
1149 2418 1240 2465 quid
1262 2418 1399 2462 dicant,
1427 2427 1541 2453 mm
1564 2416 1622 2452 di-

188 2475 296 2511 candi
316 2475 465 2511 laudm
486 2478 621 2522 ptumi
646 2484 726 2513 me
749 2475 969 2512 brevitatem.
1007 2475 1195 2511 Disertum
1219 2474 1337 2510 fuisse
1355 2472 1535 2509 Catonem
1556 2483 1623 2519 pa·

189 2533 279 2586 riter
295 2534 449 2568 testatur
468 2530 598 2567 Cicero
617 2532 656 2567 in
671 2532 785 2568 Bruto
805 2543 840 2572 c,
861 2535 920 2580 17,
937 2535 996 2570 66.
1035 2530 1121 2567 Iam
1138 2540 1226 2567 vem
1242 2531 1402 2577 oriyinoe
1420 2531 1501 2566 eins
1513 2538 1624 2576 quem

186 2587 335 2634 floron,
369 2591 436 2625 met
466 2587 567 2634 quod
597 2587 720 2624 lumen
744 2589 969 2636 eloquentiae
997 2597 1074 2624 non
1098 2587 1259 2623 habena?
1301 2585 1439 2622 Cetera
1456 2589 1623 2622 veterum

191 2643 242 2680 de
267 2642 405 2680 Catone
428 2643 572 2680 iudicia
594 2647 764 2680 accurate
790 2645 945 2692 collegit
968 2643 1112 2680 Frider.
1132 2641 1340 2679 Ellendtius
1368 2643 1405 2678 in
1426 2642 1624 2679 Suoeincta

191 2700 425 2746 eloquentiae
441 2699 822 2748 Romanaehistoria,
839 2701 983 2737 Bruti
1003 2700 1156 2741 editioni
1174 2699 1356 2746 praefixa,
1373 2702 1408 2742 s.
1429 2700 1488 2736 13.
1505 2710 1546 2744 p.
1566 2701 1624 2735 24.

192 2755 255 2792 cd.
273 2755 319 2793 11.
354 2755 570 2793 Sallustium
588 2754 740 2793 Catonis
758 2757 978 2793 concinnam
995 2757 1215 2793 brevitatem
1234 2760 1271 2792 et
1288 2755 1454 2802 priscum
1475 2753 1625 2790 dicendi

1308 2819 1365 2858 1*
