1774 3002
0 108 19 146 :s

487 142 815 183 HISTORIARUM
842 140 1153 179 FRAGMENTA.
1211 139 1299 176 LIB.
1331 138 1374 173 ΙΙ.
1580 129 1661 174 131

362 271 429 314 17.
484 266 720 327 Pompeius
758 280 856 310 cum
883 263 1100 310 alacribus
1135 262 1273 318 saltu,
1309 274 1408 306 cum
1434 257 1660 304 velocibus

221 365 377 404 cursu,
415 365 516 396 cum
548 348 706 395 validis
738 350 864 393 vecte
902 346 1108 392 certabat.
1147 345 1314 406 [Neque
1338 343 1450 389 enim
1474 341 1547 387 ille
1573 340 1660 386 ali-

221 436 288 478 ter
320 433 537 492 potuisset
572 447 653 492 par
690 445 792 476 esse
829 429 1048 484 Sertor10‚
1084 429 1166 474 nisi
1203 443 1254 474 se
1289 429 1333 472 et
1374 426 1532 472 milites
1566 425 1660 469 fre-

224 516 459 576 quentibus
492 514 711 560 exercitiis
753 514 1062 573 praeparasset
1091 512 1146 556 ad
1174 509 1370 571 proelia]

330 651 391 686 Fr.
414 655 469 689 15.
507 650 804 697 [Cort..p.>1008.
836 649 933 685 Gerl.
958 647 1017 683 ed.
1037 647 1125 685 mai.
1145 647 1218 683 Ine.
1247 650 1326 684 132.
1348 644 1410 682 ed.
1434 644 1523 679 min.
1542 642 1586 687 ΙΙ,
1607 645 1661 684 15.

221 718 258 754 p.
279 710 360 751 ml,
381 711 437 745 15.
468 707 579 743 Debr.
608 707 652 750 11,
681 707 756 750 50.]
803 705 947 748 Verba,
981 714 1074 750 quae
1106 702 1323 739 Gerlachius
1350 703 1386 737 in
1416 704 1571 746 utraque
1599 697 1661 734 ed.

223 763 312 799 dicit
339 764 476 799 incerto
498 763 621 800 Servii
639 763 722 798 loco
744 765 914 805 exstare,
946 761 1087 796 scillcet
1107 761 1194 805 quia
1220 760 1302 795 libri
1324 763 1361 793 et
1378 768 1514 793 versus
1534 765 1661 791 nume-

222 830 287 855 rus
317 819 421 866 apud
446 819 679 855 Debrossium
706 819 858 853 omissus
885 820 956 861 est,
996 817 1170 862 leguntur
1197 815 1246 852 ad
1272 815 1380 862 Virg.
1407 813 1503 850 Aen.
1531 812 1559 856 1,
1581 813 1663 850 329.

224 867 337 911 Recte
367 878 491 912 autem
513 874 672 911 coniecit
690 873 914 909 Debrossius
941 874 1152 919 Perpernae
1181 871 1311 918 copias
1340 880 1426 906 esse
1458 869 1662 915 intelligen-

226 931 315 975 das,
353 942 449 978 quae
470 941 492 966 a
511 930 687 977 Pompeio
711 941 732 965 e
753 929 880 967 Sicilia
900 929 1043 965 eiectae
1072 929 1128 972 (v.
1149 928 1296 975 Fragm.
1316 927 1343 971 I,
1363 927 1442 970 41.)
1469 925 1603 972 partim
1624 924 1661 959 in

224 987 454 1033 Hispaniam,
481 987 615 1037 partim
639 987 677 1021 in
696 985 907 1023 Sardiniam
930 986 1117 1028 abierunt,
1147 994 1257 1030 quam
1286 985 1333 1019 ob
1354 992 1528 1018 caussam
1549 981 1663 1027 Frag-

223 1046 402 1086 mentum,
434 1042 535 1089 quod
556 1053 604 1078 ex
622 1052 696 1088 quo
715 1042 808 1077 libro
831 1041 878 1077 sit
901 1051 976 1076 non
1001 1040 1180 1076 indicavit
1201 1039 1377 1083 Servius,
1403 1038 1476 1074 hoc
1495 1038 1579 1073 loco
1599 1047 1663 1072 ex-

223 1098 432 1143 hibuimus,
456 1109 529 1144 quo
550 1098 597 1134 de
612 1097 791 1145 Lepidani
813 1097 899 1133 belli
915 1097 1082 1143 reliquiis
1103 1101 1225 1132 actum
1244 1096 1362 1132 fuisse
1382 1094 1574 1141 probabile
1593 1096 1661 1129 est.

223 1154 280 1191 An
304 1154 520 1201 particulam
533 1183 542 1198 ,
572 1165 667 1201 quae
689 1155 739 1190 ita
758 1153 855 1189 male
877 1153 1007 1189 habuit
1028 1153 1260 1200 interpretes,
1288 1156 1328 1188 ut
1342 1150 1486 1188 Cottius
1506 1153 1664 1185 mutaret

225 1211 264 1246 in
289 1214 343 1255 ei,
372 1210 596 1247 Debrossius
622 1210 661 1245 in
693 1215 776 1254 aut,
807 1220 882 1244 non
912 1209 1182 1245 sollicitandam
1204 1219 1290 1245 esse
1319 1206 1467 1244 abunde
1495 1209 1598 1253 patet
1615 1216 1663 1240 ex

226 1265 346 1306 Servii
376 1267 521 1310 verbis,
552 1267 614 1313 qui
642 1266 689 1302 de
710 1265 826 1302 variis
851 1265 964 1301 huius
987 1266 1189 1312 particulae
1212 1264 1522 1312 explicationibus
1545 1272 1663 1309 agens

214 1321 391 1359 'Sallustii
406 1324 577 1369 exemplo
592 1324 724 1369 probat
743 1322 1006 1358 disiunctivam
1027 1322 1061 1357 ei
1076 1322 1201 1357 inesse
1216 1324 1459 1367 potestatem3
1483 1318 1663 1354 el'.Hand.

227 1378 274 1414 de
292 1379 448 1414 Particc.
467 1379 545 1414 Lat.
569 1379 654 1414 Vol.
671 1379 700 1413 Ι.
719 1389 755 1424 p.
776 1381 857 1415 342.
880 1380 915 1419 s.
933 1380 988 1421 3.,
1019 1379 1081 1424 qui
1101 1377 1210 1413 docte
1237 1376 1505 1412 demonstravit
1529 1387 1580 1411 an
1608 1377 1664 1411 in·

226 1434 370 1470 tet-dum
405 1445 561 1480 prorsus
593 1435 737 1470 abiecta
771 1435 809 1469 vi
837 1433 1075 1470 dubitationis
1108 1434 1158 1468 ita
1190 1432 1362 1469 adhiberi
1403 1431 1664 1479 disiungendis

229 1489 373 1525 duabus
403 1490 634 1534 notionibus,
663 1494 703 1525 ut
729 1489 926 1525 commode
957 1500 1043 1525 cum
1068 1491 1142 1525 sive
1167 1508 1225 1516 ·—-
1254 1491 1329 1525 sive
1350 1489 1542 1535 particulis
1566 1499 1666 1524 com-

228 1546 360 1581 mutari
377 1546 519 1592 possit;
548 1546 596 1583 cs.
613 1546 737 1581 Attius
761 1546 797 1581 in
818 1545 908 1580 Ione
922 1544 1023 1591 apud
1042 1546 1221 1589 Priscian.
1240 1546 1304 1589 VI,
1324 1549 1357 1589 l,
1381 1548 1418 1583 3.
1439 1556 1476 1592 p.
1495 1549 1576 1584 219.
1601 1545 1664 1581 Kr.

228 1601 293 1636 Ea:
310 1602 556 1648 tauriyeno
576 1603 712 1637 semine
729 1604 847 1637 ortam
863 1601 980 1648 fuisse
998 1612 1057 1637 an
1075 1601 1274 1637 humano
1290 1611 1386 1637 eam.

338 1657 398 1692 Fr.
419 1659 476 1695 16.
516 1655 633 1703 [cort.
651 1669 690 1704 p.
706 1660 810 1696 1007.
841 1656 941 1692 Gerl.
962 1657 1023 1693 ed.
1043 1658 1130 1693 mai.
1152 1658 1226 1693 Ine.
1245 1661 1326 1696 106.
1347 1657 1406 1695 ed.
1430 1658 1520 1707 min.
1542 1658 1585 1702 Π,
1607 1662 1665 1698 18.

228 1724 264 1759 p.
282 1716 365 1757 201,
385 1715 441 1751 19.
469 1713 581 1749 Debr.
602 1713 645 1757 H,
659 1711 734 1760 66.]
776 1714 1007 1758 Verborum,
1042 1724 1137 1760 quae
1161 1718 1305 1749 exstant
1325 1715 1426 1761 apud
1446 1713 1663 1750 Cledonium

227 1779 268 1815 p.
286 1770 388 1808 1876.
413 1769 475 1806 ed.
499 1769 669 1814 Putsch.‚
701 1773 841 1804 certam
871 1770 1155 1815 explicationem
1176 1770 1279 1805 haud
1307 1772 1414 1806 facile
1438 1771 1586 1815 inieris,
1618 1782 1665 1806 ne

228 1825 322 1860 libro
348 1824 518 1871 quidem,
550 1826 588 1860 in
612 1836 685 1871 quo
705 1825 801 1860 lecta
823 1828 928 1869 sunt,
959 1827 1120 1872 cognitO.
1174 1825 1251 1862 Sed
1281 1838 1391 1873 quum
1417 1828 1481 1863 vix
1509 1827 1583 1862 alio
1605 1827 1667 1862 Hi-

230 1880 426 1916 storiarum
447 1881 530 1916 loco
551 1881 735 1916 Nar-bonis
754 1882 891 1916 mentio
908 1880 987 1916 fieri
1004 1882 1181 1927 potuerit,
1213 1893 1323 1928 quam
1345 1884 1404 1918 ubi
1431 1883 1478 1918 de
1499 1883 1665 1929 Pompeii

230 1936 361 1971 itinere
378 1936 428 1970 >in
447 1936 665 1982 Hispaniam
694 1936 770 1982 egit
796 1940 945 1981 auctor,
977 1937 1068 1972 satis
1094 1941 1312 1973 excusatum
1334 1942 1529 1984 putamus,
1565 1938 1666 1985 quod

230 1991 453 2036 Fragmento
483 1991 582 2026 hunc
613 1992 736 2026 locum
767 1991 1064 2037 assignavimus,
1109 2003 1181 2038 quo
1212 1992 1409 2030 Sallustius
1447 1994 1496 2030 ad
1529 1995 1666 2030 bellum

233 2045 487 2082 Sertorianum
513 2046 814 2092 persequendum
842 2057 1039 2093 regressus
1068 2058 1143 2083 non
1165 2050 1284 2094 potuit
1309 2060 1383 2085 non
1410 2049 1550 2086 Galliae
1575 2051 1667 2087 Nar-

232 2101 409 2137 bonensis
425 2112 508 2136 cum
528 2101 767 2148 Hispaniensi
788 2103 886 2138 bello
906 2104 1088 2139 rationem
1106 2104 1298 2151 attingere.
1344 2106 1547 2149 Nonnulla,
1569 2117 1666 2153 quae

233 2157 320 2192 huic
348 2157 635 2203 interpretationi
663 2157 775 2194 fidem
807 2158 962 2203 faciant,
1002 2160 1175 2207 leguntur
1204 2161 1242 2196 in
1276 2160 1465 2199 Ciceronis
1499 2163 1666 2199 oratione

233 2223 301 2258 pro
317 2212 483 2256 Fonteio,
504 2215 606 2249 velut
625 2225 658 2249 c.
671 2218 704 2258 1,
715 2217 750 2252 3.
770 2213 839 2250 Est
850 2215 889 2250 in
906 2215 1034 2251 eadem
1044 2218 1240 2263 provincia
1258 2217 1416 2255 Narbo
1431 2218 1667 2265 Marcius,

233 2268 374 2304 colonia
396 2271 602 2306 nostrorum
629 2270 778 2315 civium,
812 2272 962 2316 specula
982 2273 1116 2318 populi
1139 2272 1303 2309 Romani
1330 2285 1377 2310 ac
1404 2285 1669 2322 propuynacu-

233 2324 325 2367 lum,
355 2325 432 2359 22³1ss
449 2325 538 2370 ipsas
553 2325 757 2362 nationibus
774 2328 975 2372 oppositum
994 2332 1031 2363 et
1046 2328 1231 2364 obiecmm.
1258 2350 1314 2356 —
1339 2330 1668 2377 Huicprovin-

234 2380 335 2414 ciae
354 2378 408 2414 M.
430 2379 903 2429 Fonteiuspraefuit;
920 2401 978 2409 —-
998 2386 1198 2420 maa-&num
1216 2385 1599 2431 frumentinumerum
1617 2388 1671 2423 ad

233 2434 478 2481 Hispaniense
504 2435 632 2472 bellum
650 2437 876 2473 tolerandum
904 2440 1106 2485 imperavit.
1145 2440 1237 2477 ibid.
1261 2453 1294 2477 c.
1321 2445 1358 2488 3,
1378 2446 1413 2481 6.
1445 2443 1514 2479 Cn.
1535 2443 1665 2480 Pom-

227 2492 369 2536 peius
389 2489 605 2526 hiemavit
632 2492 681 2527 in
701 2491 859 2528 Gallia
885 2492 940 2529 M.
962 2495 1160 2532 Fonteio
1188 2498 1470 2543 imperante.
1513 2499 1579 2536 His
1600 2500 1669 2546 igi-

234 2550 292 2582 tur
312 2556 397 2581 cum
413 2545 576 2582 Sallustii
591 2547 715 2583 verbis
729 2549 872 2585 collatis
893 2549 933 2585 id
948 2550 1098 2596 quidem
1114 2551 1216 2587 haud
1239 2553 1481 2599 improbabile
1499 2555 1670 2591 videatur

236 2600 284 2638 de
304 2602 462 2637 concilio
482 2601 669 2638 Gallorum
690 2602 863 2640 Narbone
884 2616 907 2640 a
921 2605 1102 2652 Pompeio
1121 2607 1246 2643 habito
1269 2608 1355 2655 dici,
1378 2609 1600 2657 quamquam
1621 2611 1668 2647 de

236 2657 395 2703 singulis
413 2656 504 2693 nihil
525 2658 735 2694 accuratius
752 2663 874 2705 potest
892 2657 1083 2698 affirmari.

347 2713 408 2750 Fr.
431 2713 486 2750 17.
529 2711 642 2757 [Cort.
664 2723 701 2760 p.
723 2716 826 2752 10⁰4.
857 2714 956 2751 Gerl.
977 2716 1038 2752 ed.
1061 2717 1149 2753 mai.
1171 2717 1244 2755 Ine.
1268 2721 1326 2757 62.
1348 2719 1409 2758 ed.
1433 2723 1522 2759 min.
1544 2722 1589 2767 Π,
1609 2726 1666 2760 55.

1340 2771 1368 2811 9
1381 2772 1403 2794 ιιι
