1774 3002
464 175 795 214 msromAnnM
822 161 1132 212 FRAGMENTA.
1192 175 1280 211 Lm.
1312 175 1339 210 1.
1568 168 1625 215 27

182 302 335 358 misso,
361 301 583 363 corruptio
613 302 729 348 facta
753 314 1008 361 paucorum,
1040 300 1084 345 et
1112 298 1332 345 exercitus
1359 297 1511 345 Sullae
1539 298 1624 344 da-

183 389 255 433 tus
280 387 361 432 est.
1186 393 1189 395 ’

185 541 415 612 μιγνύμενοι
448 558 560 591 τους
587 541 676 594 μὲν
705 534 860 589 ευθὺς
890 534 1136 610 ἀργυρίῳ,
1177 535 1288 588 τούς
1326 538 1378 579 δὲ
1412 534 1626 591 ὑποσχέ-

181 613 308 652 σεσι,
336 597 450 648 τοὺς
481 598 533 639 δὲ
560 594 946 665 κολακεύοντες
952 596 1043 651 καὶ
1062 582 1428 648 ἀναπείθοντες
1447 592 1624 660 προςή-

154 657 351 724 myov‘cuT
389 655 505 705 τέῖος
518 653 574 695 δῖ
600 653 669 695 τοῦ
694 650 834 694 Σύλλα
857 650 952 706 μετὰ
982 655 1153 706 σπειρῶν
1183 653 1306 693 εἴκοσι
1335 648 1624 721 προςελθόντος

182 709 316 769 ἐγγυς,
349 713 393 754 οἱ
411 711 490 779 μὲν
506 705 735 779 ἠσπάσαντο
764 705 854 758 τούς
876 713 946 751 τοῦ
967 710 1210 759 Σκιπίωνος,
1241 709 1283 749 οἱ
1306 703 1346 748 δ’
1375 705 1626 748 ἀντασπασά-

182 785 291 838 μενοι
321 764 637 824 προςεχῶρησαν,
668 763 690 807 ὃ
717 765 760 807 δὲ
781 767 980 825 Σκιπίων,
1011 765 1152 819 ἔρημος
1172 764 1214 805 ἐν
1242 768 1290 821 τῇ
1308 768 1437 820 σκηνῇ
1460 763 1628 816 ληφθεὶς

121 871 139 881 ,
182 821 344 880 ἠφείθη.
401 828 568 865 Eandem
590 839 668 863 rem
695 827 806 863 tradit
835 828 944 862 etiam
961 826 1214 874 AppianusB.
1233 825 1314 862 Civ.
1337 826 1371 869 1,
1395 828 1457 864 85.
1482 837 1520 872 p.
1544 826 1628 863 11⁷.

183 898 242 934 sq.
265 885 328 924 ed.
348 884 566 932 Schweigh.
585 883 748 930 Ve11.11,
767 887 882 928 25,2.
905 886 941 919 et
964 883 1171 930 Epit.L1vu
1188 881 1367 918 LXXXV
1418 881 1471 917 De
1500 880 1627 918 Sullae

183 947 220 978 et
238 941 426 995 Scipionis
453 941 639 988 colloquio
661 940 710 976 cf.
732 941 842 976 etiam
867 939 944 976 Cic.
964 939 1126 986 Philipp.
1147 939 1235 982 XII,
1260 942 1325 981 11,
1348 940 1409 976 27.
1424 958 1480 963 —
1501 938 1628 974 Gerla-

182 999 289 1036 chius
311 997 399 1034 Vol.
418 991 479 1034 11'1.
504 1008 542 1044 p.
561 999 642 1035 124.
663 995 870 1032 incredibili
891 995 1135 1043 perversitate
1163 995 1213 1030 de
1232 995 1374 1031 Luculli
1402 998 1439 1030 et
1460 995 1628 1041 Pompeii

182 1057 370 1091 conventu
393 1053 455 1090 hic
480 1053 542 1100 agi
563 1056 685 1102 putat,
718 1063 930 1098 provocans
955 1051 1003 1087 ad
1023 1051 1207 1089 Plutarch.
1234 1052 1271 1087 in
1295 1052 1426 1098 Pomp.
1448 1063 1482 1087 c.
1509 1053 1570 1089 31.
1593 1055 1630 1086 et

182 1113 221 1148 in
244 1110 387 1147 Lucull.
410 1121 445 1145 e.
468 1113 540 1151 36.
565 1109 625 1145 ubi
650 1120 696 1144 nc
726 1099 877 1144 verbum
905 1108 1055 1156 quidem
1085 1105 1240 1155 legitur,
1266 1107 1367 1154 quod
1398 1107 1485 1144 huic
1514 1108 1628 1144 aluci-

183 1167 325 1205 nationi
346 1166 459 1202 fidem
482 1166 604 1209 [aciat.
656 1166 737 1201 Non
766 1165 888 1201 minus
912 1164 1075 1213 insipide
1097 1165 1323 1202 Debrossius
1354 1175 1403 1200 ex
1431 1164 1627 1200 Plutarcho

179 1225 217 1259 in
245 1224 385 1271 Pomp:
399 1234 432 1260 c.
457 1225 516 1261 19.
536 1222 686 1258 coniicit
701 1222 838 1258 Metelli
854 1226 890 1257 et
913 1222 1079 1270 Pompeii
1099 1231 1345 1268 congressum
1365 1224 1451 1268 post
1464 1231 1629 1267 pugnarn

183 1278 460 1323 Sucronensem
485 1290 507 1315 a
532 1277 624 1317 Sall.
649 1278 943 1316 commemorari.
967 1298 1022 1304 —-
1052 1279 1223 1315 Nostram
1247 1278 1443 1324 fragmenti
1466 1277 1629 1324 explica-

182 1337 320 1373 tionem
339 1336 500 1384 praeivit
519 1334 750 1372 Freinshem.
776 1335 813 1370 in
829 1333 1020 1382 Supplem.
1041 1335 1135 1371 Livii
1158 1333 1346 1379 LXXXV,
1367 1339 1426 1374 10.

279 1407 354 1443 .Ι·“ι·.
381 1409 442 1446 28.
504 1404 621 1451 [Cort.
650 1416 689 1451 p.
724 1408 828 1443 1003.
895 1406 992 1442 Gerl.
1020 1406 1070 1448 ed
1108 1404 1196 1440 mai.
1237 1405 1312 1440 Inc.
1353 1407 1414 1443 42.
1453 1405 1515 1442 ed.
1538 1406 1628 1442 min.

146 1493 148 1495 .
177 1464 223 1508 1·,‚
242 1467 315 1508 21,
345 1474 385 1511 p.
410 1465 499 1505 184,
530 1466 587 1502 12.
619 1462 730 1497 Debr.
754 1461 790 1505 1,
816 1463 898 1506 30.]
964 1463 1226 1510 Fragmentum
1261 1461 1342 1497 sine
1376 1461 1458 1498 libri
1491 1460 1628 1498 indicio

182 1522 304 1557 exstat
331 1518 432 1566 apud
447 1518 628 1554 Donatum
657 1517 706 1553 ad
727 1517 811 1553 Ter.
831 1518 927 1555 Eun.
949 1519 1015 1563 ΙΙΙ,
1037 1523 1080 1562 2,
1106 1520 1164 1556 13.
1196 1517 1256 1554 ubi
1282 1518 1462 1555 mendose
1494 1519 1630 1566 legitur

184 1576 237 1612 ad
252 1575 363 1613 verba
381 1585 450 1623 pro
471 1575 651 1618 adversa,
684 1577 719 1608 et
733 1576 919 1621 promz'sso
939 1587 1007 1623 pro
1021 1576 1219 1623 permisso.
1279 1574 1384 1619 Quae
1403 1586 1629 1623 quamquam

185 1632 259 1668 iam
280 1631 421 1669 dudum
446 1634 614 1669 correcta
638 1634 723 1666 sunt
746 1632 791 1667 ab
821 1631 1048 1676 editoribus,
1063 1631 1141 1682 “qui
1174 1631 1285 1668 etiam
1310 1629 1486 1678 viderunt
1513 1634 1630 1669 verba

183 1687 233 1725 ad
259 1687 505 1727 detectionem
543 1690 713 1734 spectare
740 1688 928 1739 'exercitus
959 1687 1170 1735 Scipionis,
1206 1687 1253 1723 de
1284 1699 1357 1734 qua
1385 1688 1628 1724 antecedente

182 1744 406 1791 Fragmento
430 1742 612 1788 diximus,
646 1746 769 1779 tamen
794 1744 832 1780 in
856 1745 1088 1792 explicandis
1118 1744 1247 1790 primis
1280 1744 1405 1780 verbis
1436 1743 1566 1785 Douza
1593 1748 1630 1780 et

182 1800 408 1837 Debrossius
446 1800 599 1836 multum
626 1810 648 1836 a
668 1810 760 1836 vero
787 1802 1015 1837 aberrarunt.
1075 1800 1184 1838 Cuius
1208 1801 1306 1838 enim
1333 1800 1382 1836 ad
1413 1799 1629 1848 Scipionem

183 1857 388 1894 reserentes
427 1855 587 1893 advorsa
619 1857 799 1893 voluntate
840 1857 1054 1905 significare
1098 1860 1229 1904 putant
1258 1857 1519 1898 animadvorsa
1546 1858 1629 1901 vol„

176 1914 361 1960 permisso
386 1916 508 1961 autem
533 1911 579 1947 de
602 1911 705 1948 Sulla
732 1913 958 1960 intelligunt,
986 1925 1059 1960 quo
1083 1915 1209 1949 omnia
1231 1909 1511 1960 pervertuntur3
1542 1924 1629 1949 nam

185 1968 289 2006 Sulla
309 1979 384 2005 non
403 1970 572 2015 per-mim
593 1969 671 2003 suis
692 1970 937 2015 colloquium,
968 1970 1038 2006 sed
1066 1982 1131 2006 eos
1167 1969 1216 2006 ad
1240 1969 1279 2004 id
1309 1969 1471 2015 impulit,
1507 1980 1629 2016 neque

184 2023 312 2071 Scipio
343 2025 462 2062 voluit
468 2035 558 2060 suos
589 2025 771 2070 colloqui,
801 2025 871 2060 sed
891 2026 984 2072 ipsis
1005 2026 1239 2072 cupientibus
1265 2025 1445 2071 permisit.
1504 2026 1628 2061 Verus

184 2080 396 2127 Fragmenti
419 2090 552 2116 sensus
577 2079 794 2126 planissime
810 2082 1048 2128 cognoscitur
1064 2093 1112 2120 ex
1125 2081 1310 2118 Plutarchi
1330 2082 1443 2117 loco
1435 2093 1471 2117 in
1487 2081 1630 2119 Sertor-

182 2148 216 2172 c.
242 2138 279 2174 6.
307 2129 461 2180 Σύλλας
479 2132 676 2173 Σκιπίωνι
703 2130 1141 2202 παραστρατοπεδεύσας
1162 2149 1230 2174 και
1253 2131 1628 2188 φιλοφρονούμενος,

182 2183 237 2236 ὦς
250 2182 407 2242 εἰρήνης
422 2186 623 2241 ἐσομένης,
652 2187 868 2255 διέφθειρε
877 2205 921 2230 το
954 2202 1191 2256 στρατευμα,
1221 2189 1306 2230 καὶ
1333 2193 1483 2230 ταῦτα
1509 2205 1630 2245 προ-

180 2243 608 2297 λέγωνΣκιπίωνι
627 2260 722 2285 και
747 2241 1008 2288 διδάσκων
1022 2243 1306 2305 Σερτωριος
1329 2241 1422 2287 οὔκ
1447 2246 1628 2288 επειθε

182 2305 258 2340 lam
288 2303 398 2340 vides
431 2305 535 2341 cuius
565 2305 752 2351 pertinere
783 2305 833 2342 ad
855 2305 1083 2352 Sertorium,
1099 2308 1291 2354 permisso
1322 2301 1371 2343 ad
1401 2305 1629 2354 Scipionem,

127 2397 130 2399 Α
179 2360 253 2396 hoc
288 2368 423 2396 sensu:
463 2371 574 2406 quum
603 2365 733 2398 contra
762 2362 930 2400 Sertorii
947 2362 1164 2400 volunlatem
1197 2364 1422 2411 colloquium
1453 2364 1629 2401 militibus

181 2428 207 2452 a
229 2415 400 2464 Scipione
412 2418 634 2463 permissum
660 2422 766 2454 esset.
805 2439 860 2445 -—
895 2420 1004 2465 Quod
1033 2424 1157 2456 autem
1187 2419 1321 2456 dicitur
1355 2421 1630 2466 corruptionem

176 2483 385 2520 paucorum
414 2473 548 2509 factam
572 2483 677 2518 csse,
709 2474 765 2520 id,
786 2486 833 2519 ne
858 2475 1056 2513 Sallustius
1087 2488 1109 2513 a
1128 2475 1326 2513 Plutarcho
1352 2475 1554 2513 dissentire
1574 2477 1629 2513 vi-

182 2529 335 2573 deatur,
368 2529 423 2565 sic
453 2528 603 2575 accipe,
631 2532 903 2579 corruptionem
927 2544 950 2569 a
976 2533 1107 2580 paucis
1134 2533 1341 2580 incepisse,
1372 2543 1460 2568 mox
1493 2534 1539 2570 ab
1567 2533 1628 2570 his

184 2583 234 2620 ad
254 2596 382 2622 omnes
408 2595 494 2621 esse
520 2595 775 2638 progressam.

267 2690 270 2692 ,
296 2655 358 2691 Fr.
386 2645 445 2693 2'9.
492 2654 621 2700 [Deest
642 2656 748 2703 ¹apud
773 2657 877 2704 Cori.
909 2651 1012 2695 Gerl.⁷
1034 2660 1098 2696 ed.
1125 2660 1210 2695 mai.
1239 2663 1274 2696 et
1302 2661 1406 2704 min„
1436 2663 1474 2695 et
1501 2660 1627 2705 Debr.]

181 2710 346 2757 Fragm„
371 2710 472 2757 quod
492 2721 622 2747 recens
639 2713 785 2750 accedit
811 2726 859 2750 ex
880 2715 1006 2752 Schol.
1030 2715 1242 2752 ad-Lucan.
1267 2716 1317 2760 ΙΙ,
1343 2718 1439 2762 134.,
1459 2727 1534 2752 non
1556 2721 1627 2752 tam

183 2767 301 2804 verba
321 2767 482 2803 auctoris
508 2771 679 2804 accurate
703 2770 835 2814 refert,
862 2782 974 2818 quam
996 2783 1095 2817 rem,
1119 2773 1165 2809 ab
1188 2772 1249 2809 illo
1274 2776 1478 2816 narratam,
1505 2776 1627 2808 osten-
