1774 3002
458 181 786 221 msromAnuM
815 180 1127 219 FRAGMENTA.
1188 151 1273 218 ua.
1303 183 1331 218 1.
1560 173 1619 219 59

173 306 498 367 contemnetur3
531 307 617 355 nisi
643 309 757 355 forte
787 307 937 368 specie
962 305 1225 352 concordiae
1253 307 1297 352 et
1323 305 1467 366 pacis,
1505 316 1621 367 quae

174 393 329 440 sceleri
354 395 400 440 et
415 391 648 452 parricidio
670 406 754 438 suo
782 390 959 438 nomina
977 388 1157 448 indidit3
1186 403 1332 451 neque
1352 388 1480 436 aliter
1496 403 1619 436 rem-

174 474 393 535 publicam
409 477 455 521 ct
472 475 571 520 belli
590 475 723 521 finem
748 473 831 530 ait,
855 473 940 539 nisi
962 475 1137 520 maneat
1156 471 1346 533 expulsa
1374 473 1499 534 agris
1517 473 1621 533 ple-

175 557 273 614 bes,
293 558 460 618 praeda
479 557 621 604 civilis
647 558 969 614 acerbissuma,
1006 557 1076 603 ius
1104 556 1400 618 iudiciumque
1425 555 1619 612 omnium

118 651 321 687 ᾔτει-ιιι
347 656 488 702 penes
512 655 583 697 se,
610 642 729 703 quod
748 641 901 702 populi
919 640 1105 687 Romani
1133 640 1226 686 ruit.
1280 640 1407 697 Quae
1435 640 1472 686 si
1492 641 1622 687 vobis

176 739 265 786 pax
297 727 342 772 et
367 725 600 774 concordia
625 725 959 788 intelleguntur,
997 738 1203 771 maxuma
1231 723 1506 770 turbamenta
1531 724 1623 771 rei-

179 875 322 911 nefario
344 874 521 918 facinori,
553 885 626 924 quo
656 874 694 909 in
721 873 929 911 libertatem
950 874 1090 911 civium
1109 873 1267 917 saeviit;
1303 873 1350 909 cs.
1371 884 1468 920 quae
1489 872 1538 910 de
1558 885 1627 922 po·

180 934 310 967 testate
322 930 523 979 parricida
543 931 651 967 vocis
676 930 840 967 diximus
862 930 922 970 ad,
935 930 1011 968 Cat.
1031 929 1164 974 XXXI,
1182 932 1217 969 8.
1237 934 1274 966 et
1293 929 1344 966 ad
1365 942 1397 966 c.
1417 929 1475 975 LI,
1489 933 1547 968 25.
1569 951 1627 956 —

182 987 307 1036 Neque
333 987 442 1024 aliter
468 986 813 1034 rempublicam
832 991 878 1023 et
893 986 1104 1034 bellifinem
1120 987 1174 1022 ait
1195 986 1438 1026 consentiens
1459 986 1626 1023 omnium

181 1041 293 1080 codd.
319 1044 428 1085 lectio
458 1045 539 1087 est,-
566 1036 677 1089 quam
710 1046 914 1089 praeeunte
935 1037 1133 1079 Gerlachio
1164 1045 1201 1078 et
1221 1042 1361 1079 Orellio
1382 1041 1625 1087 reduximus;

185 1094 271 1136 nam
285 1098 387 1148 quod
402 1100 438 1135 in
460 1097 547 1135 edd.
564 1097 769 1143 Carrionis,
798 1099 956 1135 Gruterii
977 1104 1013 1135 et
1037 1098 1149 1135 Cottii
1178 1099 1314 1146 legitur
1332 1110 1371 1136 n.
1393 1110 1431 1135 a.
1443 1100 1628 1147 populo

183 1154 397 1192 Romano
418 1165 520 1192 csse
538 1155 624 1193 bella·
638 1154 672 1202 f.
695 1157 747 1191 αἰι
764 1166 813 1191 ex
837 1155 1026 1192 scribendi
1047 1154 1272 1202 compendio
1293 1168 1327 1191 r.
1340 1167 1387 1203 p.
1417 1159 1537 1192 ortum
1558 1159 1626 1192 est.

181 1208 312 1263 Neque
347 1216 470 1248 tamen
504 1211 678 1248 codicum
709 1212 930 1262 scripturam
952 1213 1043 1249 vitio
1070 1222 1228 1264 prorsus
1250 1223 1382 1248 carere
1400 1212 1627 1259 putaverim,

180 1279 293 1315 quum
313 1277 393 1305 esse
413 1269 476 1305 vix
498 1269 633 1304 abesse
654 1269 786 1315 possit.
844 1269 938 1305 Nam
960 1280 1073 1316 quum
1094 1278 1231 1305 sensus
1253 1269 1323 1305 sit:
1354 1269 1406 1304 ait
1424 1267 1530 1305 Sulla
1552 1279 1628 1304 non

181 1324 286 1361 aliter
310 1329 414 1362 stare
444 1324 710 1372 rempublicam
741 1326 902 1372 bellique
931 1324 1045 1361 finem
1070 1323 1231 1376 haberi,
1253 1325 1326 1361 nisi
1356 1329 1507 1361 maneat
1543 1330 1627 1369 etc.‚

180 1382 360 1428 sequitur,
379 1377 471 1424 es'se,
494 1379 595 1428 quod
615 1383 836 1428 praegnanti
856 1392 973 1418 sensu
994 1379 1252 1428 praedicatum
1269 1386 1339 1425 est,
1360 1392 1482 1428 paene
1497 1392 1628 1418 neces-

182 1438 283 1474 sario
304 1437 355 1474 ad
373 1437 578 1474 sententiae
601 1437 848 1483 integritatem
878 1438 1031 1485 requiri.
1088 1437 1291 1474 Excusatio
1321 1442 1445 1474 tamen
1465 1437 1628 1475 durioris

183 1493 358 1530 dictionis
379 1494 418 1529 in
434 1505 479 1529 eo
493 1493 617 1540 posita
636 1492 798 1538 videtur,
816 1493 919 1541 quod
935 1493 1195 1541 praedicatum
1209 1504 1285 1530 non
1298 1495 1411 1541 plane
1431 1494 1628 1540 omissum,

184 1548 255 1586 sed
274 1548 454 1586 adverbio
468 1550 576 1586 aliter
596 1561 644 1585 ex
661 1554 767 1596 parte
792 1550 1042 1598 significatum
1064 1549 1134 1586 estss
1166 1550 1291 1595 Quare
1312 1551 1431 1587 satius
1453 1549 1628 1587 duximus

182 1605 282 1642 hanc
302 1617 383 1642 rem
396 1605 564 1643 indicare
581 1609 733 1651 tantum,
758 1617 868 1653 quam
883 1616 963 1643 esse
982 1607 1020 1642 in
1038 1609 1179 1643 textum
1199 1607 1350 1646 inferre.
1368 1626 1428 1632 —-
1448 1605 1559 1652 Quod
1578 1607 1631 1643 ad

183 1673 321 1699 nexum
338 1663 486 1707 attinet,
514 1673 588 1709 quo
608 1661 704 1699 haec
724 1663 840 1699 verba
854 1674 940 1699 cum
959 1661 1274 1709 praecedentibus
1293 1663 1542 1713 continentur,
1561 1664 1590 1700 F
1592 1676 1631 1700 a·

184 1715 249 1754 ber
268 1722 449 1756 commate
463 1722 550 1766 post
566 1718 696 1754 ἱηάἰᾱίε
706 1719 830 1766 posito
845 1718 1073 1766 significavit
1094 1719 1164 1755 sibi
1181 1720 1375 1766 sequentia
1387 1731 1436 1756 ex
1449 1721 1522 1757 nasi
1531 1719 1631 1771 forie

184 1767 271 1822 apta
289 1775 433 1820 videri3
462 1773 563 1822 quod
584 1786 695 1811 secus
712 1780 780 1811 est-
834 1775 888 1812 Eo
911 1776 1013 1812 enim
1032 1776 1195 1812 consilio
1207 1775 1302 1813 haec
1324 1775 1571 1821 adiiciuntur,
1591 1780 1630 1813 ut

185 1831 409 1879 intelligatur
433 1831 574 1878 Sullam
600 1841 735 1868 revera
755 1831 970 1877 dictitasse,
1005 1832 1347 1880 proscriptionibus
1374 1843 1420 1868 ac
1440 1833 1551 1869 novis
1574 1833 1628 1868 in-

185 1888 319 1924 stitutis
339 1887 431 1924 nihil
446 1887 610 1934 aliudxse
632 1889 883 1935 quaesivisse,
900 1899 1012 1934 quam
1033 1891 1073 1923 ut
1091 1890 1306 1935 respublica
1325 1889 1630 1935 confirmaretur;

185 1944 232 1979 ct'.
266 1947 426 1980 annotat.
460 1944 510 1979 ad
541 1944 578 1987 Ι,
614 1947 682 1987 51,
722 1945 775 1982 13.
836 1943 960 1992 Quare
982 1953 1100 1991 neque
1119 1945 1384 1991 explicativam
1409 1946 1630 1981 sententiam

188 1998 398 2046 adiungens
419 1999 522 2035 valet
543 2010 630 2034 nam
654 2009 747 2043 non,
775 1998 831 2042 ‚de
858 2010 931 2045 quo
952 2010 1023 2035 usu
1045 1998 1209 2036 diximus
1229 2001 1278 2036 ad
1299 2000 1377 2048 lug.
1400 2012 1433 2037 c.
1453 2000 1568 2046 CXII,
1594 2004 1630 2040 3.

187 2067 225 2102 p.
246 2057 349 2098 601.;
373 2054 461 2090 inde
482 2055 591 2090 simul
612 2054 827 2102 intelligitur
857 2053 1151 2091 incouunode=in
1171 2055 1259 2092 edd.
1281 2055 1416 2101 Cortii,
1443 2057 1630 2094 Gerlachii

189 2116 225 2147 et
253 2110 380 2147 Oreuii
405 2114 543 2157 puncto
571 2109 667 2146 haec
697 2122 721 2146 a
738 2110 1050 2158 praecedentibus
1079 2122 1237 2158 prorsus
1259 2112 1419 2160 seiungi.
1477 2113 1630 2150 Rectius

190 2166 406 2211 semicolon,
427 2177 500 2216 quo
521 2165 623 2214 apud
639 2165 803 2203 Cortium
820 2170 907 2214 post
923 2166 1175 2205 acerbi-wama
1191 2169 1478 2216 inter-pungitur,
1502 2182 1526 2207 a
1540 2170 1631 2206 Ger-

191 2223 312 2260 lachio
334 2226 371 2258 et
387 2222 523 2269 Orellio
552 2223 591 2258 in
612 2234 758 2259 comma
777 2226 956 2259 mutatum
980 2227 1058 2268 est3
1094 2235 1180 2261 nam
1200 2227 1317 2262 verba
1341 2226 1490 2274 praeda
1515 2227 1631 2264 civilis

188 2279 309 2315 acet-b.
331 2289 407 2314 non
427 2279 591 2315 efficiunt
611 2280 885 2327 appositionem
901 2279 950 2315 ad
968 2280 1257 2327 praecedentia,
1278 2281 1348 2318 sed
1367 2283 1527 2330 primam
1545 2294 1632 2330 par-

188 2340 262 2372 tem
290 2335 440 2371 alterius
468 2334 643 2381 membri,
666 2337 805 2383 pariter
833 2346 881 2372 ex
903 2341 1050 2374 maneae
1066 2338 1279 2385 pendentis.
1314 2359 1372 2364 -
1409 2339 1537 2375 Verba
1574 2341 1632 2376 ius

190 2391 430 2438 mdiciumquc
450 2392 673 2427 coniunctim
694 2404 879 2430 summam
907 2404 1034 2431 rerum
1058 2398 1279 2441 potestatem
1300 2399 1410 2442 atque
1431 2396 1630 2442 imperium

192 2448 414 2494 designant;
444 2458 492 2483 ex
514 2448 669 2484 termula
690 2449 742 2484 ita
763 2447 837 2485 dici
858 2451 1078 2486 observavit
1098 2451 1263 2488 Gronov.
1286 2451 1335 2487 ad
1354 2452 1438 2488 Liv.
1459 2450 1628 2496 XXXVI,

193 2506 251 2548 39,
272 2505 308 2542 9.
332 2503 418 2540 coll.
439 2502 615 2548 XXXIX,
636 2506 702 2548 24,
721 2506 759 2542 8.
781 2502 928 2557 etXL'l,
942 2508 1002 2551 22,
1022 2508 1058 2543 4.
1118 2523 1122 2526 ·

306 2618 341 2659 S.
361 2612 420 2654 ἐξ).
446 2626 534 2663 pax
554 2618 590 2650 ei
604 2615 818 2661 concordia)
847 2616 1005 2654 Orellius
1028 2618 1065 2653 in
1089 2621 1245 2665 utraque
1267 2618 1356 2656 edd.
1379 2619 1531 2667 scripsit
1544 2630 1632 2667 pax

191 2673 227 2705 et
250 2673 533 2719 composita,
558 2675 597 2706 ut
622 2674 680 2706 e'st
703 2671 743 2707 in
764 2672 852 2709 Vat.
872 2677 922 2718 2,
944 2685 1065 2722 neque
1079 2675 1311 2721 ⁴negaverim
1327 2669 1375 2711 'id
1406 2675 1493 2711 ferri
1515 2686 1630 2724 posse

192 2726 278 2772 quia
302 2728 466 2774 sequitur
486 2726 734 2768 turbamentm
755 2729 907 2766 uer-batus
926 2731 1027 2766 enim
1045 2731 1143 2767 bene
1164 2735 1399 2778 opponuntur
1419 2733 1630 2779 composita.

193 2777 269 2818 Sed
300 2793 412 2831 quum
440 2783 477 2820 in
513 2783 598 2819 Vat.
631 2787 667 2821 1.
695 2787 731 2819 et
764 2785 801 2823 3.
829 2786 1026 2823 concordia
1058 2787 1224 2835 legatur,
1249 2787 1383 2824 horum
1413 2788 1631 2826 auctoritate
