1774 3002
137 108 218 150 132
528 110 531 112 ’
621 113 658 152 C.
690 114 920 152 SALLUSTI
950 114 1099 153 CRISPI

276 238 342 282 18.
397 237 550 298 Neque
597 238 795 299 virgines
839 242 1022 298 nuptum
1069 255 1095 285 a
1131 240 1384 300 parentibus
1421 243 1586 291 ,mitte-

138 319 314 375 bantur,
353 320 434 365 sed
471 320 602 380 ipsae
631 322 731 367 belli
768 323 1137 382 promptissumos
1173 318 1487 384 delegebant-v

275 405 341 448 19.
396 403 660 465 [Sallustius
694 405 784 465 ait]
825 406 1118 466 Hispanorum
1141 421 1312 453 *morem
1343 408 1506 464 fuisse,
1537 410 1607 453 ut·

134 576 172 611 p.
191 567 274 608 203,
294 567 351 603 29.
383 564 492 601 Deb'r.
523 565 566 608 II,
588 566 689 609 113.]
743 566 901 610 Locum,
939 568 999 613 qui
1031 572 1150 603 exstat
1180 567 1281 614 apud
1302 568 1435 613 Veget.
1471 565 1517 601 de
1545 576 1584 601 re

132 621 210 658 mil.
235 621 261 666 Ι,
283 625 332 666 9.,
362 632 437 658 non
455 621 707 667 praestiterim
731 622 767 657 in
787 622 948 659 secundo
970 623 1062 659 libro
1077 624 1225 672 tuisse,
1263 634 1377 671 quum
1403 623 1585 662 sententia

134 678 218 713 talis
241 678 306 722 sit,
341 689 438 724 quae
466 677 502 713 in
526 678 660 724 quovis
674 678 756 714 'alio
776 679 894 714 obiter
913 678 1075 725 potuerit
1090 681 1266 726 proferri.
1307 679 1393 716 Sed
1409 679 1444 715 si
1462 680 1500 715 in
1523 686 1586 714 re->

134 735 204 771 bus
233 738 307 770 tam
337 734 489 770 incertis
520 735 611 770 satis
639 735 749 770 fuerit
777 735 937 782 aliquam
966 737 1269 782 probabilitatem.
1286 739 1455 772 secutum
1485 745 1583 780 esse,

136 801 212 827 non
234 791 315 827 sine
338 791 418 827 veri
445 790 571 837 specie
597 792 705 827 nobis
733 791 904 827 videmur
929 793 1124 829 coniicere
1137 792 1353 830 Sallustium
1374 793 1497 828 statim
1518 791 1585 827 ini-

135 848 184 883 tio
211 847 323 884 huius
348 848 431 884 libri
452 846 682 893 prodidisse,
704 849 837 894 quibus
859 849 999 885 artibus
1021 850 1242 896 Pompeius,
1272 849 1419 885 Metello
1445 848 1583 889 auxilio

135 905 296 949 missus,
328 904 367 940 id
388 903 539 940 efficere
563 903 765 949 studuerit,
795 909 835 940 ut
853 906 1005 941 meliore
1027 917 1209 942 successu
1230 899 1358 942 contra
1379 904 1584 942 Sertorium

134 964 335 1008 pugnaret.
374 961 428 996 De
451 961 640 996 exercitiis
662 962 884 997 militaribus
905 973 940 998 v.
962 962 1127 1008 Lipsium
1150 962 1198 998 de
1214 963 1319 998 Milit.
1342 961 1448 998 Rom.
1466 953 1585 1004 'V‚14.

134 1029 173 1064 p.
193 1020 263 1056 306
284 1029 365 1064 sqq.
388 1018 606 1063 Nieupoort.
629 1017 677 1052 de
698 1018 769 1053 Rit.
786 1018 893 1053 Rom.
910 1018 955 1062 V,
972 1023 1006 1062 5,
1022 1022 1060 1057 8.
1080 1030 1117 1065 p.
1133 1022 1216 1057 386.
1238 1019 1299 1053 ed.
1317 1018 1380 1053 IX.
1412 1017 1585 1053 Creuzer.

133 1074 327 1120 Antiquitt.
349 1074 458 1110 Rom.
483 1076 518 1116 §.
538 1076 619 1111 256.
650 1085 689 1120 p.
708 1075 791 1111 392.
820 1074 881 1110 ed.
903 1074 946 1109 ΙΙ.
990 1075 1146 1111 Alacres
1172 1075 1327 1119 Colerus
1354 1076 1448 1110 bene
1470 1074 1585 1109 inter-

134 1134 298 1177 pretatur
328 1130 517 1177 expeditos
544 1133 579 1166 et
596 1130 648 1166 ad
663 1131 866 1166 saliendum
886 1135 1006 1178 aplos.
1039 1148 1091 1154 --
1118 1131 1171 1166 De
1202 1131 1238 1167 vi
1266 1131 1374 1167 velox
1402 1130 1508 1166 vocis
1536 1131 1584 1165 cl'.

134 1191 311 1223 annotata
337 1187 386 1222 ad
406 1187 487 1234 lug.
513 1198 547 1222 c.
567 1186 682 1231 XVII,
701 1190 735 1225 6.
755 1198 794 1233 p.
811 1189 880 1225 104
895 1198 951 1234 sq.
981 1207 1038 1212 —
1071 1187 1209 1224 Vecte
1231 1191 1378 1224 certare
1399 1197 1472 1222 non
1492 1187 1586 1222 alias

134 1247 379 1279 memoratum
410 1243 544 1291 legitur
572 1244 667 1278 inter
687 1248 866 1279 consueta
895 1244 1051 1279 militum
1079 1244 1279 1289 exercitia,
1308 1254 1431 1290 neque
1455 1254 1507 1278 ex.
1523 1254 1588 1278 no-

135 1304 212 1336 stro
233 1302 316 1335 loco
341 1300 499 1347 colligas
521 1303 662 1335 certum
693 1300 845 1347 aliquod
866 1301 1142 1337 exercitationis
1163 1311 1285 1348 genus
1309 1301 1427 1339 fuisse
1450 1301 1496 1335 ab
1515 1299 1587 1336 hac

134 1368 231 1393 voce
255 1361 521 1404 nuncupatum.
577 1355 657 1393 Sed
678 1357 854 1403 quoniam
876 1357 994 1393 vectis
1027 1368 1098 1404 ope
1130 1367 1290 1404 magnae
1311 1349 1430 1392 moles
1458 1360 1494 1390 et
1517 1356 1586 1392 im-

134 1413 350 1460 pedimenta
386 1414 676 1460 amovebantur,
718 1412 820 1460 quod
850 1424 925 1449 non
955 1414 1035 1449 sine
1067 1414 1215 1460 magnis
1245 1413 1416 1460 corporis
1444 1412 1587 1448 viribus

135 1481 257 1517 neque
288 1470 370 1506 sine
393 1471 470 1507 acri
494 1470 729 1506 contentione
750 1469 832 1505 fieri
852 1474 1017 1517 poterat,
1048 1469 1248 1507 Sallustius
1269 1470 1344 1515 hoc
1372 1473 1513 1506 tantum
1535 1468 1590 1504 di-

137 1527 197 1571 cit,
222 1527 431 1573 ubicunque
452 1538 514 1562 res
534 1530 710 1573 posceret
729 1527 945 1573 Pompeium
967 1531 1002 1562 et
1024 1527 1148 1574 ipsum
1170 1537 1321 1563 manum
1342 1525 1441 1562 vecti
1463 1524 1589 1561 admo-

135 1584 261 1628 visse,
290 1594 362 1629 quo
383 1583 558 1619 militibus
579 1585 772 1629 probaret,
805 1594 846 1618 se
875 1583 1016 1630 ingenii
1043 1583 1182 1629 pariter
1204 1586 1313 1630 atque
1336 1582 1518 1629 corporis
1534 1581 1589 1616 vi-

134 1640 238 1675 ribus
261 1640 444 1675 excellere
467 1650 510 1675 ac
531 1640 642 1675 nullis
664 1650 739 1678 non
757 1639 907 1674 militiae
929 1639 1065 1675 officiis
1086 1639 1318 1675 sustinendis
1338 1649 1467 1685 parem
1489 1646 1587 1673 esse.

137 1695 248 1740 Quod
276 1700 452 1742 quantum
474 1697 616 1732 valeret
637 1695 686 1731 ad
707 1695 862 1731 militum
883 1706 1047 1731 amorem
1080 1695 1292 1741 imperatori
1314 1693 1586 1731 conciliandum

135 1756 290 1788 testatur
318 1752 538 1788 Plutarchus
568 1752 604 1787 in
627 1752 744 1787 Mario
773 1762 808 1787 c.
831 1753 881 1795 7.,
911 1755 1004 1786 extr.
1029 1743 1267 1787 Ἠδιστον
1297 1745 1348 1787 δὲ
1361 1741 1590 1813 Ῥωμαίῳ

136 1803 302 1857 θέαμα
323 1817 604 1859 στρατιωτῃ
618 1797 897 1872 στρατηγὸς
924 1801 1113 1843 ἐσθίων’
1093 1817 1136 1842 εν
1155 1799 1247 1854 ὄψει
1267 1796 1403 1843 κοινὸν
1422 1798 1543 1855 ἄρτον
1562 1795 1590 1853 ἦ

136 1862 413 1927 κατακὲίμενος
433 1859 495 1900 ἐπὶ
515 1844 698 1914 στιβάδος
718 1854 912 1911 εὐτελοῦς,
939 1853 967 1912 ἢ
980 1858 1099 1912 περὶ
1128 1859 1375 1911 ταφρείαν
1395 1857 1478 1898 καὶ
1504 1873 1587 1911 χα-

138 1913 360 1971 ράκωσιν
382 1917 531 1979 ἔργον
561 1912 1011 1968 συνεφαπτόμενος.
1054 1919 1178 1955 Verba
1190 1916 1335 1966 ·Neque—
1344 1920 1439 1955 enim
1457 1938 1527 1946 ——-
1539 1917 1591 1953 ad

130 1979 295 2024 proelia,
328 1981 424 2025 quae
450 1978 555 2014 uncis
578 1976 819 2022 inclusimus,
850 1984 925 2012 non
945 1975 1126 2013 Sallustii
1136 1983 1222 2011 esse
1244 1975 1392 2020 iudico,
1412 1975 1507 2013 sed
1514 1974 1590 2010 Vc

138 2035 242 2081 getii.
275 2034 376 2071 Talis
398 2035 495 2072 enim
518 2034 732 2070 observatio
750 2036 978 2080 quantopere
998 2043 1066 2079 per
1087 2043 1129 2068 se
1150 2032 1235 2079 ipsa
1250 2042 1287 2068 a
1291 2028 1446 2078 Crispi*
1436 2031 1588 2079 ingenio

137 2091 260 2126 aliena
280 2091 346 2135 sit,
372 2091 495 2137 quivis
508 2119 517 2134 ‚
544 2091 608 2137 qui
629 2093 714 2127 eum
734 2089 944 2126 accuratius
966 2089 1132 2133 noverit,
1156 2087 1350 2135 intelliget.
1393 2087 1485 2124 Tum
1505 2098 1589 2123 eam

136 2150 353 2193 suspectam
371 2147 503 2182 reddit
531 2147 711 2182 iudicium
736 2145 788 2181 ‘de
809 2140 1000 2192 Pompeio<
1022 2140 1351 2190 honorificentius,
1381 2143 1498 2191 quam*
1518 2148 1587 2190 pro

138 2201 304 2239 Sallustii
332 2204 370 2238 in
397 2214 483 2238 eum
512 2203 656 2248 animo,
695 2203 834 2264 quippe
863 2202 926 2248 qui
955 2211 1142 2247 nunquam
1172 2201 1390 2247 Pompeium
1422 2199 1587 2237 Sertorio

138 2269 268 2305 parem
296 2259 480 2296 habuerit.
519 2251 700 2304 Denique
731 2258 815 2304 ipsa
839 2258 977 2300 verba,
1016 2257 1198 2303 imprimis
1227 2257 1287 2292 ille
1317 2266 1524 2303 pronomen
1547 2258 1588 2291 et

138 2315 275 2351 locutio
298 2324 543 2363 praeparare
568 2314 608 2350 se
634 2315 686 2349 ad
698 2313 849 2360 proelia
888 2313 1126 2359 interpretem
1154 2313 1279 2360 potius
1309 2311 1476 2383 Sallustii
1502 2321 1587 2359 pro-

141 2371 254 2417 dunt,
268 2383 397 2419 quam
419 2370 646 2408 Sallustium
652 2370 794 2416 ipsum.

250 2429 311 2465 Fr.
342 2431 398 2466 18.
448 2426 563 2472 [Cort.
590 2438 627 2473 p.
649 2429 732 2465 959.
764 2425 860 2461 Gerl.
888 2424 949 2460 ed.
979 2426 1064 2460 mai.
1094 2424 1137 2468 II,
1168 2396 1226 2462 25.
1261 2423 1322 2462 ed.
1345 2425 1432 2460 min.
1463 2422 1505 2467 11,
1525 2425 1584 2461 25

138 2495 173 2531 p.
192 2487 357 2529 201,27.
385 2483 685 2529 Debr.11‚110.]
734 2481 878 2525 Verba,
909 2491 1004 2527 quae
1027 2482 1198 2528 leguntur
1222 2480 1322 2544 apud
1342 2478 1517 2516 Arusian.
1547 2489 1585 2514 v.

131 2546 348 2589 promptus,
370 2543 499 2587 p.256.
519 2538 639 2583 Lind.‚·
670 2541 796 2585 aperte
819 2540 997 2572 testantur
1021 2536 1267 2573 Sallustium‘
1258 2547 1295 2571 m
1315 2535 1407 2571 libro
1426 2535 1585 2571 seeundo

141 2596 189 2633 de
211 2597 460 2643 Hispanorum
481 2596 631 2643 ingenio
656 2598 766 2640 atque
788 2593 952 2628 moribus
983 2592 1231 2636 disseruisse,
1262 2591 1450 2638 quam·ob
1475 2601 1584 2627 caus-

141 2663 221 2688 sam
242 2653 353 2688 etiam
374 2652 447 2687 duo
469 2653 663 2699 sequentia
684 2643 907 2697 Fragmenta
930 2659 977 2683 ex
998 2648 1156 2684 Incertis
1174 2648 1248 2685 hue
1269 2646 1462 2683 traximus.
1503 2644 1586 2691 Qua

139 2713 244 2755 parte
267 2708 348 2745 libri
376 2707 468 2744 haec
490 2708 676 2755 digressio
700 2707 795 2742 sacta
815 2705 880 2748 sit,
904 2704 1109 2741 decernere
1126 2714 1202 2740 non
1221 2703 1363 2747 ausim3
1389 2700 1459 2738 sed
1481 2713 1503 2739 a
1521 2713 1585 2739 ve-
