<?xml version="1.0" encoding="UTF-8"?>
<!DOCTYPE html PUBLIC "-//W3C//DTD XHTML 1.0 Transitional//EN"
    "http://www.w3.org/TR/xhtml1/DTD/xhtml1-transitional.dtd">
<html xmlns="http://www.w3.org/1999/xhtml" xml:lang="en" lang="en">
 <head>
  <title>
</title>
<meta http-equiv="Content-Type" content="text/html;charset=utf-8" />
  <meta name='ocr-system' content='tesseract 3.04.00' />
  <meta name='ocr-capabilities' content='ocr_page ocr_carea ocr_par ocr_line ocrx_word'/>
</head>
<body>
  <div class='ocr_page' id='page_1' title='image "./operaquaesupersu03salluoft/operaquaesupersu03salluoft_0121.png"; bbox 0 0 1774 3002; ppageno 0'>
   <div class='ocr_carea' id='block_1_1' title="bbox 0 0 1631 207">
    <p class='ocr_par' dir='ltr' id='par_1_1' title="bbox 0 0 1631 207">
     <span class='ocr_line' id='line_1_1' title="bbox 0 0 1631 207; baseline -0.006 -1"><span class='ocrx_word' id='word_1_1' title='bbox 0 0 23 206; x_wconf 58' lang='grc' dir='ltr'>ὲ</span> <span class='ocrx_word' id='word_1_2' title='bbox 476 164 804 207; x_wconf 79' lang='lat' dir='ltr'><strong>fflSTomARUM</strong></span> <span class='ocrx_word' id='word_1_3' title='bbox 839 163 1151 202; x_wconf 76' lang='lat' dir='ltr'><strong>FRAGMENTA.</strong></span> <span class='ocrx_word' id='word_1_4' title='bbox 1199 163 1288 200; x_wconf 76' lang='lat' dir='ltr'><strong>Lm.</strong></span> <span class='ocrx_word' id='word_1_5' title='bbox 1328 163 1356 198; x_wconf 93' lang='lat'><strong>1.</strong></span> <span class='ocrx_word' id='word_1_6' title='bbox 1578 153 1631 198; x_wconf 84' lang='lat'><strong>71</strong></span> 
     </span>
    </p>
   </div>
   <div class='ocr_carea' id='block_1_2' title="bbox 0 205 19 236">
    <p class='ocr_par' dir='ltr' id='par_1_2' title="bbox 0 205 19 236">
     <span class='ocr_line' id='line_1_2' title="bbox 0 205 19 236; baseline 0 -13"><span class='ocrx_word' id='word_1_7' title='bbox 0 205 19 236; x_wconf 42' lang='grc' dir='ltr'><strong>ᾗ,</strong></span> 
     </span>
    </p>
   </div>
   <div class='ocr_carea' id='block_1_3' title="bbox 127 273 1637 673">
    <p class='ocr_par' dir='ltr' id='par_1_3' title="bbox 127 273 1637 673">
     <span class='ocr_line' id='line_1_3' title="bbox 192 273 1635 341; baseline -0.008 -12"><span class='ocrx_word' id='word_1_8' title='bbox 192 283 359 338; x_wconf 79' lang='lat' dir='ltr'>lebant,</span> <span class='ocrx_word' id='word_1_9' title='bbox 389 282 435 327; x_wconf 86' lang='lat' dir='ltr'><strong>et</strong></span> <span class='ocrx_word' id='word_1_10' title='bbox 461 278 735 341; x_wconf 80' lang='lat' dir='ltr'><strong>ignoscendo</strong></span> <span class='ocrx_word' id='word_1_11' title='bbox 769 275 921 337; x_wconf 90' lang='lat' dir='ltr'><strong>populi</strong></span> <span class='ocrx_word' id='word_1_12' title='bbox 952 274 1138 323; x_wconf 88' lang='lat' dir='ltr'><strong>Romani</strong></span> <span class='ocrx_word' id='word_1_13' title='bbox 1167 273 1512 336; x_wconf 78' lang='lat' dir='ltr'><strong>magnitudinem</strong></span> <span class='ocrx_word' id='word_1_14' title='bbox 1546 290 1635 320; x_wconf 87' lang='lat' dir='ltr'><strong>au-</strong></span> 
     </span>
     <span class='ocr_line' id='line_1_4' title="bbox 127 342 1633 424; baseline -0.007 -12"><span class='ocrx_word' id='word_1_15' title='bbox 127 342 131 345; x_wconf 21' lang='lat'><em>*</em></span> <span class='ocrx_word' id='word_1_16' title='bbox 194 364 341 421; x_wconf 82' lang='lat' dir='ltr'><strong>xisse,</strong></span> <span class='ocrx_word' id='word_1_17' title='bbox 369 378 585 424; x_wconf 74' lang='lat' dir='ltr'><strong>nusquam</strong></span> <span class='ocrx_word' id='word_1_18' title='bbox 609 362 738 409; x_wconf 88' lang='lat' dir='ltr'><strong>etiam</strong></span> <span class='ocrx_word' id='word_1_19' title='bbox 767 362 871 407; x_wconf 84' lang='lat' dir='ltr'><strong>tunc</strong></span> <span class='ocrx_word' id='word_1_20' title='bbox 889 359 1101 421; x_wconf 87' lang='lat' dir='ltr'><strong>Lepidum</strong></span> <span class='ocrx_word' id='word_1_21' title='bbox 1128 372 1419 421; x_wconf 58' lang='lat' dir='ltr'><strong>progressum</strong></span> <span class='ocrx_word' id='word_1_22' title='bbox 1447 357 1633 413; x_wconf 76' lang='lat' dir='ltr'>aiebant,</span> 
     </span>
     <span class='ocr_line' id='line_1_5' title="bbox 194 440 1635 510; baseline -0.006 -16"><span class='ocrx_word' id='word_1_23' title='bbox 194 462 330 510; x_wconf 85' lang='lat' dir='ltr'><strong>quum</strong></span> <span class='ocrx_word' id='word_1_24' title='bbox 357 446 528 508; x_wconf 85' lang='lat' dir='ltr'><strong>privata</strong></span> <span class='ocrx_word' id='word_1_25' title='bbox 557 461 678 492; x_wconf 87' lang='lat' dir='ltr'><strong>arma</strong></span> <span class='ocrx_word' id='word_1_26' title='bbox 707 444 1023 505; x_wconf 84' lang='lat' dir='ltr'>opprimundae</span> <span class='ocrx_word' id='word_1_27' title='bbox 1059 441 1269 488; x_wconf 76' lang='lat' dir='ltr'><strong>libertatis</strong></span> <span class='ocrx_word' id='word_1_28' title='bbox 1303 442 1514 501; x_wconf 78' lang='lat' dir='ltr'><strong>cepisset,</strong></span> <span class='ocrx_word' id='word_1_29' title='bbox 1552 440 1635 486; x_wconf 90' lang='lat' dir='ltr'><strong>sibi</strong></span> 
     </span>
     <span class='ocr_line' id='line_1_6' title="bbox 196 524 1634 593; baseline -0.006 -15"><span class='ocrx_word' id='word_1_30' title='bbox 196 531 382 593; x_wconf 89' lang='lat' dir='ltr'><strong>quisque</strong></span> <span class='ocrx_word' id='word_1_31' title='bbox 411 543 520 590; x_wconf 88' lang='lat' dir='ltr'><strong>opes</strong></span> <span class='ocrx_word' id='word_1_32' title='bbox 549 531 624 574; x_wconf 87' lang='lat' dir='ltr'><strong>aut</strong></span> <span class='ocrx_word' id='word_1_33' title='bbox 662 526 902 588; x_wconf 88' lang='lat' dir='ltr'><strong>patrocinia</strong></span> <span class='ocrx_word' id='word_1_34' title='bbox 939 525 1196 587; x_wconf 85' lang='lat' dir='ltr'><strong>quaerundo</strong></span> <span class='ocrx_word' id='word_1_35' title='bbox 1231 524 1462 571; x_wconf 89' lang='lat' dir='ltr'><strong>consilium</strong></span> <span class='ocrx_word' id='word_1_36' title='bbox 1485 524 1634 585; x_wconf 91' lang='lat' dir='ltr'><strong>publi-</strong></span> 
     </span>
     <span class='ocr_line' id='line_1_7' title="bbox 159 608 1637 673; baseline -0.007 -10"><span class='ocrx_word' id='word_1_37' title='bbox 159 626 180 664; x_wconf 87' lang='lat'>7</span> <span class='ocrx_word' id='word_1_38' title='bbox 196 628 296 661; x_wconf 84' lang='lat' dir='ltr'><strong>cum</strong></span> <span class='ocrx_word' id='word_1_39' title='bbox 325 614 625 673; x_wconf 84' lang='lat' dir='ltr'><strong>corruperunt.</strong></span> <span class='ocrx_word' id='word_1_40' title='bbox 675 611 736 657; x_wconf 91' lang='lat' dir='ltr'><strong>At</strong></span> <span class='ocrx_word' id='word_1_41' title='bbox 766 612 869 657; x_wconf 86' lang='lat' dir='ltr'><strong>tunc</strong></span> <span class='ocrx_word' id='word_1_42' title='bbox 897 612 992 656; x_wconf 88' lang='lat' dir='ltr'><strong>erat</strong></span> <span class='ocrx_word' id='word_1_43' title='bbox 1019 609 1213 670; x_wconf 87' lang='lat' dir='ltr'><strong>Lepidus</strong></span> <span class='ocrx_word' id='word_1_44' title='bbox 1240 609 1351 654; x_wconf 90' lang='lat' dir='ltr'><strong>latro</strong></span> <span class='ocrx_word' id='word_1_45' title='bbox 1378 623 1477 654; x_wconf 89' lang='lat' dir='ltr'><strong>cum</strong></span> <span class='ocrx_word' id='word_1_46' title='bbox 1510 608 1637 654; x_wconf 91' lang='lat' dir='ltr'><strong>calo-</strong></span> 
     </span>
    </p>
   </div>
   <div class='ocr_carea' id='block_1_4' title="bbox 194 745 1694 2818">
    <p class='ocr_par' dir='ltr' id='par_1_4' title="bbox 195 745 1640 1349">
     <span class='ocr_line' id='line_1_8' title="bbox 195 745 1637 790; baseline -0.003 -3"><span class='ocrx_word' id='word_1_47' title='bbox 195 755 294 789; x_wconf 81' lang='lat' dir='ltr'><strong>recte</strong></span> <span class='ocrx_word' id='word_1_48' title='bbox 315 761 399 787; x_wconf 90' lang='lat' dir='ltr'><strong>cum</strong></span> <span class='ocrx_word' id='word_1_49' title='bbox 419 750 554 786; x_wconf 89' lang='lat' dir='ltr'><strong>ceteris</strong></span> <span class='ocrx_word' id='word_1_50' title='bbox 575 751 720 784; x_wconf 63' lang='lat' dir='ltr'><strong>coeant.</strong></span> <span class='ocrx_word' id='word_1_51' title='bbox 782 749 874 784; x_wconf 85' lang='lat' dir='ltr'><strong>Nam</strong></span> <span class='ocrx_word' id='word_1_52' title='bbox 896 749 1073 783; x_wconf 87' lang='lat' dir='ltr'><strong>universa</strong></span> <span class='ocrx_word' id='word_1_53' title='bbox 1095 747 1167 782; x_wconf 93' lang='lat' dir='ltr'><strong>loci</strong></span> <span class='ocrx_word' id='word_1_54' title='bbox 1188 747 1432 782; x_wconf 76' lang='lat' dir='ltr'><strong>conformatio</strong></span> <span class='ocrx_word' id='word_1_55' title='bbox 1452 745 1547 782; x_wconf 88' lang='lat' dir='ltr'><strong>haec</strong></span> <span class='ocrx_word' id='word_1_56' title='bbox 1566 751 1637 790; x_wconf 90' lang='lat' dir='ltr'><strong>est,</strong></span> 
     </span>
     <span class='ocr_line' id='line_1_9' title="bbox 196 802 1638 852; baseline -0.003 -9"><span class='ocrx_word' id='word_1_57' title='bbox 196 810 235 843; x_wconf 91' lang='lat' dir='ltr'><strong>ut</strong></span> <span class='ocrx_word' id='word_1_58' title='bbox 254 806 377 842; x_wconf 90' lang='lat' dir='ltr'><strong>verbis</strong></span> <span class='ocrx_word' id='word_1_59' title='bbox 408 806 571 852; x_wconf 78' lang='lat' dir='ltr'><strong>equidem</strong></span> <span class='ocrx_word' id='word_1_60' title='bbox 602 805 720 841; x_wconf 78' lang='lat' dir='ltr'><strong>Catuli</strong></span> <span class='ocrx_word' id='word_1_61' title='bbox 742 805 893 840; x_wconf 75' lang='lat' dir='ltr'><strong>consilia</strong></span> <span class='ocrx_word' id='word_1_62' title='bbox 920 807 1066 840; x_wconf 78' lang='lat' dir='ltr'><strong>secutus</strong></span> <span class='ocrx_word' id='word_1_63' title='bbox 1086 813 1168 839; x_wconf 75' lang='lat' dir='ltr'><strong>sum</strong></span> <span class='ocrx_word' id='word_1_64' title='bbox 1202 814 1249 838; x_wconf 84' lang='lat' dir='ltr'><strong>ex</strong></span> <span class='ocrx_word' id='word_1_65' title='bbox 1283 802 1446 839; x_wconf 88' lang='lat' dir='ltr'><strong>adverso</strong></span> <span class='ocrx_word' id='word_1_66' title='bbox 1484 814 1638 850; x_wconf 90' lang='lat' dir='ltr'><strong>respon-</strong></span> 
     </span>
     <span class='ocr_line' id='line_1_10' title="bbox 197 858 1639 906; baseline -0.002 -7"><span class='ocrx_word' id='word_1_67' title='bbox 197 863 310 899; x_wconf 84' lang='lat' dir='ltr'><strong>deant</strong></span> <span class='ocrx_word' id='word_1_68' title='bbox 330 866 489 898; x_wconf 73' lang='lat' dir='ltr'><strong>celerum</strong></span> <span class='ocrx_word' id='word_1_69' title='bbox 515 862 567 897; x_wconf 78' lang='lat' dir='ltr'><strong>illi</strong></span> <span class='ocrx_word' id='word_1_70' title='bbox 594 861 844 897; x_wconf 80' lang='lat' dir='ltr'><strong>consilium</strong></span> <span class='ocrx_word' id='word_1_71' title='bbox 871 859 1111 906; x_wconf 78' lang='lat' dir='ltr'><strong>publicum</strong></span> <span class='ocrx_word' id='word_1_72' title='bbox 1139 862 1489 906; x_wconf 74' lang='lat' dir='ltr'><strong>corruperunt.</strong></span> <span class='ocrx_word' id='word_1_73' title='bbox 1550 858 1639 904; x_wconf 84' lang='lat' dir='ltr'><strong>Qui—</strong></span> 
     </span>
     <span class='ocr_line' id='line_1_11' title="bbox 196 915 1638 966; baseline -0.003 -10"><span class='ocrx_word' id='word_1_74' title='bbox 196 921 266 956; x_wconf 88' lang='lat' dir='ltr'><strong>bus</strong></span> <span class='ocrx_word' id='word_1_75' title='bbox 287 930 383 966; x_wconf 89' lang='lat' dir='ltr'><strong>quae</strong></span> <span class='ocrx_word' id='word_1_76' title='bbox 405 918 595 953; x_wconf 84' lang='lat' dir='ltr'><strong>interiecta</strong></span> <span class='ocrx_word' id='word_1_77' title='bbox 616 922 720 961; x_wconf 90' lang='lat' dir='ltr'><strong>sunt,</strong></span> <span class='ocrx_word' id='word_1_78' title='bbox 740 917 943 953; x_wconf 88' lang='lat' dir='ltr'><strong>subiectum</strong></span> <span class='ocrx_word' id='word_1_79' title='bbox 963 916 1017 953; x_wconf 77' lang='lat' dir='ltr'><strong>illi</strong></span> <span class='ocrx_word' id='word_1_80' title='bbox 1032 915 1178 952; x_wconf 88' lang='lat' dir='ltr'><strong>duabus</strong></span> <span class='ocrx_word' id='word_1_81' title='bbox 1200 915 1523 952; x_wconf 84' lang='lat' dir='ltr'><strong>enunciationibus</strong></span> <span class='ocrx_word' id='word_1_82' title='bbox 1543 916 1638 952; x_wconf 84' lang='lat' dir='ltr'><strong>rela-</strong></span> 
     </span>
     <span class='ocr_line' id='line_1_12' title="bbox 196 972 1638 1036; baseline -0.001 -25"><span class='ocrx_word' id='word_1_83' title='bbox 196 975 284 1011; x_wconf 88' lang='lat' dir='ltr'><strong>tivis</strong></span> <span class='ocrx_word' id='word_1_84' title='bbox 314 975 515 1018; x_wconf 87' lang='lat' dir='ltr'><strong>illustrant,</strong></span> <span class='ocrx_word' id='word_1_85' title='bbox 543 985 698 1036; x_wconf 54' lang='lat' dir='ltr'><strong>q&#39;uarum</strong></span> <span class='ocrx_word' id='word_1_86' title='bbox 725 973 911 1020; x_wconf 82' lang='lat' dir='ltr'><strong>posterior</strong></span> <span class='ocrx_word' id='word_1_87' title='bbox 939 983 1069 1009; x_wconf 91' lang='lat' dir='ltr'><strong>rursus</strong></span> <span class='ocrx_word' id='word_1_88' title='bbox 1090 972 1237 1008; x_wconf 88' lang='lat' dir='ltr'><strong>duobus</strong></span> <span class='ocrx_word' id='word_1_89' title='bbox 1266 972 1443 1008; x_wconf 87' lang='lat' dir='ltr'><strong>membris</strong></span> <span class='ocrx_word' id='word_1_90' title='bbox 1467 973 1638 1018; x_wconf 60' lang='lat' dir='ltr'><strong>(amisse</strong></span> 
     </span>
     <span class='ocr_line' id='line_1_13' title="bbox 196 1024 1638 1078; baseline -0.001 -12"><span class='ocrx_word' id='word_1_91' title='bbox 196 1051 251 1057; x_wconf 96' lang='lat'><strong>—</strong></span> <span class='ocrx_word' id='word_1_92' title='bbox 265 1031 527 1078; x_wconf 62' lang='lat' dir='ltr'><strong>progressum)</strong></span> <span class='ocrx_word' id='word_1_93' title='bbox 553 1024 773 1073; x_wconf 80' lang='grc' dir='ltr'><strong><em>ᾳσυνδέτως</em></strong></span> <span class='ocrx_word' id='word_1_94' title='bbox 791 1030 924 1076; x_wconf 89' lang='lat' dir='ltr'><strong>positis</strong></span> <span class='ocrx_word' id='word_1_95' title='bbox 944 1032 1110 1072; x_wconf 87' lang='lat' dir='ltr'><strong>constat,</strong></span> <span class='ocrx_word' id='word_1_96' title='bbox 1139 1029 1190 1064; x_wconf 88' lang='lat' dir='ltr'><strong>ita</strong></span> <span class='ocrx_word' id='word_1_97' title='bbox 1219 1032 1257 1064; x_wconf 91' lang='lat' dir='ltr'><strong>ut</strong></span> <span class='ocrx_word' id='word_1_98' title='bbox 1276 1028 1522 1064; x_wconf 85' lang='lat' dir='ltr'><strong>correlativae</strong></span> <span class='ocrx_word' id='word_1_99' title='bbox 1549 1039 1638 1075; x_wconf 85' lang='lat' dir='ltr'><strong>par-</strong></span> 
     </span>
     <span class='ocr_line' id='line_1_14' title="bbox 197 1077 1640 1132; baseline -0.001 -9"><span class='ocrx_word' id='word_1_100' title='bbox 197 1077 330 1124; x_wconf 83' lang='lat' dir='ltr'><strong>ticulae</strong></span> <span class='ocrx_word' id='word_1_101' title='bbox 359 1088 466 1122; x_wconf 76' lang='lat' dir='ltr'><strong>etiam</strong></span> <span class='ocrx_word' id='word_1_102' title='bbox 489 1090 575 1122; x_wconf 77' lang='lat' dir='ltr'><strong>tunc</strong></span> <span class='ocrx_word' id='word_1_103' title='bbox 592 1106 647 1111; x_wconf 91' lang='lat'><strong>—-</strong></span> <span class='ocrx_word' id='word_1_104' title='bbox 675 1096 785 1132; x_wconf 81' lang='lat' dir='ltr'><strong>quum</strong></span> <span class='ocrx_word' id='word_1_105' title='bbox 812 1090 890 1121; x_wconf 86' lang='lat' dir='ltr'><strong>arte</strong></span> <span class='ocrx_word' id='word_1_106' title='bbox 918 1085 1159 1121; x_wconf 84' lang='lat' dir='ltr'><strong>cohaereant.</strong></span> <span class='ocrx_word' id='word_1_107' title='bbox 1219 1085 1323 1129; x_wconf 84' lang='lat' dir='ltr'><strong>Quae</strong></span> <span class='ocrx_word' id='word_1_108' title='bbox 1342 1095 1455 1131; x_wconf 89' lang='lat' dir='ltr'><strong>quum</strong></span> <span class='ocrx_word' id='word_1_109' title='bbox 1481 1086 1532 1121; x_wconf 89' lang='lat' dir='ltr'><strong>ita</strong></span> <span class='ocrx_word' id='word_1_110' title='bbox 1553 1086 1640 1127; x_wconf 79' lang='lat' dir='ltr'><strong>sint,</strong></span> 
     </span>
     <span class='ocr_line' id='line_1_15' title="bbox 197 1141 1640 1192; baseline -0.001 -12"><span class='ocrx_word' id='word_1_111' title='bbox 197 1143 320 1192; x_wconf 84' lang='lat' dir='ltr'><strong>quivis</strong></span> <span class='ocrx_word' id='word_1_112' title='bbox 341 1142 444 1179; x_wconf 89' lang='lat' dir='ltr'><strong>videt</strong></span> <span class='ocrx_word' id='word_1_113' title='bbox 466 1143 596 1178; x_wconf 90' lang='lat' dir='ltr'><strong>maiori</strong></span> <span class='ocrx_word' id='word_1_114' title='bbox 618 1142 902 1190; x_wconf 89' lang='lat' dir='ltr'><strong>interpunctioni</strong></span> <span class='ocrx_word' id='word_1_115' title='bbox 933 1142 970 1178; x_wconf 90' lang='lat' dir='ltr'><strong>in</strong></span> <span class='ocrx_word' id='word_1_116' title='bbox 999 1145 1073 1178; x_wconf 91' lang='lat' dir='ltr'><strong>tota</strong></span> <span class='ocrx_word' id='word_1_117' title='bbox 1098 1141 1256 1189; x_wconf 85' lang='lat' dir='ltr'><strong>periodo</strong></span> <span class='ocrx_word' id='word_1_118' title='bbox 1292 1143 1416 1177; x_wconf 86' lang='lat' dir='ltr'><strong>locum</strong></span> <span class='ocrx_word' id='word_1_119' title='bbox 1440 1153 1515 1177; x_wconf 92' lang='lat' dir='ltr'><strong>non</strong></span> <span class='ocrx_word' id='word_1_120' title='bbox 1539 1153 1640 1179; x_wconf 88' lang='lat' dir='ltr'><strong>esse.</strong></span> 
     </span>
     <span class='ocr_line' id='line_1_16' title="bbox 195 1199 1640 1247; baseline -0.001 -11"><span class='ocrx_word' id='word_1_121' title='bbox 195 1219 251 1226; x_wconf 89' lang='lat'><strong>—-</strong></span> <span class='ocrx_word' id='word_1_122' title='bbox 275 1200 468 1236; x_wconf 74' lang='lat' dir='ltr'><strong>Consilium</strong></span> <span class='ocrx_word' id='word_1_123' title='bbox 480 1199 668 1246; x_wconf 81' lang='lat' dir='ltr'><strong>publicum</strong></span> <span class='ocrx_word' id='word_1_124' title='bbox 686 1202 938 1247; x_wconf 80' lang='lat' dir='ltr'><strong>corruperunt</strong></span> <span class='ocrx_word' id='word_1_125' title='bbox 960 1200 985 1234; x_wconf 87' lang='lat' dir='ltr'><strong>i.</strong></span> <span class='ocrx_word' id='word_1_126' title='bbox 1005 1210 1041 1234; x_wconf 85' lang='lat' dir='ltr'><strong>e.</strong></span> <span class='ocrx_word' id='word_1_127' title='bbox 1062 1203 1234 1235; x_wconf 80' lang='lat' dir='ltr'><strong>auctores</strong></span> <span class='ocrx_word' id='word_1_128' title='bbox 1255 1199 1405 1234; x_wconf 81' lang='lat' dir='ltr'><strong>suerunt</strong></span> <span class='ocrx_word' id='word_1_129' title='bbox 1421 1199 1531 1246; x_wconf 86' lang='lat' dir='ltr'><strong>pravi</strong></span> <span class='ocrx_word' id='word_1_130' title='bbox 1552 1210 1640 1235; x_wconf 89' lang='lat' dir='ltr'><strong>con-</strong></span> 
     </span>
     <span class='ocr_line' id='line_1_17' title="bbox 197 1255 1639 1304; baseline 0 -12"><span class='ocrx_word' id='word_1_131' title='bbox 197 1256 268 1293; x_wconf 87' lang='lat' dir='ltr'><strong>silii</strong></span> <span class='ocrx_word' id='word_1_132' title='bbox 281 1285 291 1300; x_wconf 96' lang='lat'><strong>,</strong></span> <span class='ocrx_word' id='word_1_133' title='bbox 317 1267 389 1304; x_wconf 87' lang='lat' dir='ltr'><strong>quo</strong></span> <span class='ocrx_word' id='word_1_134' title='bbox 410 1256 636 1303; x_wconf 81' lang='lat' dir='ltr'><strong>reipublicae</strong></span> <span class='ocrx_word' id='word_1_135' title='bbox 657 1255 765 1292; x_wconf 88' lang='lat' dir='ltr'><strong>saluti</strong></span> <span class='ocrx_word' id='word_1_136' title='bbox 786 1267 860 1291; x_wconf 89' lang='lat' dir='ltr'><strong>non</strong></span> <span class='ocrx_word' id='word_1_137' title='bbox 880 1256 1108 1300; x_wconf 89' lang='lat' dir='ltr'><strong>consultum,</strong></span> <span class='ocrx_word' id='word_1_138' title='bbox 1141 1255 1210 1291; x_wconf 89' lang='lat' dir='ltr'><strong>sed</strong></span> <span class='ocrx_word' id='word_1_139' title='bbox 1239 1255 1508 1303; x_wconf 81' lang='lat' dir='ltr'><strong>gravissimum</strong></span> <span class='ocrx_word' id='word_1_140' title='bbox 1529 1255 1639 1293; x_wconf 86' lang='lat' dir='ltr'><strong>detri-</strong></span> 
     </span>
     <span class='ocr_line' id='line_1_18' title="bbox 195 1314 619 1349; baseline -0.002 -1"><span class='ocrx_word' id='word_1_141' title='bbox 195 1316 357 1349; x_wconf 79' lang='lat' dir='ltr'><strong>mentum</strong></span> <span class='ocrx_word' id='word_1_142' title='bbox 378 1314 528 1349; x_wconf 84' lang='lat' dir='ltr'><strong>allatum</strong></span> <span class='ocrx_word' id='word_1_143' title='bbox 548 1316 619 1348; x_wconf 88' lang='lat' dir='ltr'><strong>est.</strong></span> 
     </span>
    </p>

    <p class='ocr_par' dir='ltr' id='par_1_5' title="bbox 194 1367 1694 2818">
     <span class='ocr_line' id='line_1_19' title="bbox 307 1367 1642 1415; baseline 0.001 -11"><span class='ocrx_word' id='word_1_144' title='bbox 307 1372 342 1412; x_wconf 77' lang='lat' dir='ltr'><strong>s.</strong></span> <span class='ocrx_word' id='word_1_145' title='bbox 361 1370 397 1406; x_wconf 88' lang='grc'><strong>7.</strong></span> <span class='ocrx_word' id='word_1_146' title='bbox 454 1368 501 1405; x_wconf 80' lang='lat' dir='ltr'><strong>At</strong></span> <span class='ocrx_word' id='word_1_147' title='bbox 518 1369 632 1413; x_wconf 73' lang='lat' dir='ltr'><strong>itanc).</strong></span> <span class='ocrx_word' id='word_1_148' title='bbox 690 1369 759 1404; x_wconf 91' lang='lat' dir='ltr'><strong>Pro</strong></span> <span class='ocrx_word' id='word_1_149' title='bbox 782 1373 866 1404; x_wconf 78' lang='lat' dir='ltr'><strong>lunc</strong></span> <span class='ocrx_word' id='word_1_150' title='bbox 887 1370 923 1404; x_wconf 87' lang='lat' dir='ltr'><strong>in</strong></span> <span class='ocrx_word' id='word_1_151' title='bbox 943 1369 1027 1403; x_wconf 84' lang='lat' dir='ltr'><strong>Vat.</strong></span> <span class='ocrx_word' id='word_1_152' title='bbox 1053 1372 1087 1404; x_wconf 92' lang='lat'><strong>1.</strong></span> <span class='ocrx_word' id='word_1_153' title='bbox 1107 1371 1144 1405; x_wconf 82' lang='lat'><strong>2.</strong></span> <span class='ocrx_word' id='word_1_154' title='bbox 1163 1371 1199 1405; x_wconf 80' lang='lat'><strong>3.</strong></span> <span class='ocrx_word' id='word_1_155' title='bbox 1220 1372 1277 1403; x_wconf 90' lang='lat' dir='ltr'><strong>est</strong></span> <span class='ocrx_word' id='word_1_156' title='bbox 1297 1371 1390 1410; x_wconf 82' lang='lat' dir='ltr'><strong>tum,</strong></span> <span class='ocrx_word' id='word_1_157' title='bbox 1413 1367 1532 1414; x_wconf 90' lang='lat' dir='ltr'><strong>quod,</strong></span> <span class='ocrx_word' id='word_1_158' title='bbox 1554 1370 1642 1415; x_wconf 88' lang='lat' dir='ltr'><strong>quia</strong></span> 
     </span>
     <span class='ocr_line' id='line_1_20' title="bbox 195 1417 1641 1473; baseline -0.001 -11"><span class='ocrx_word' id='word_1_159' title='bbox 195 1436 294 1462; x_wconf 77' lang='lat' dir='ltr'><strong>nunc</strong></span> <span class='ocrx_word' id='word_1_160' title='bbox 315 1426 528 1472; x_wconf 87' lang='lat' dir='ltr'><strong>oppositum</strong></span> <span class='ocrx_word' id='word_1_161' title='bbox 554 1428 629 1467; x_wconf 89' lang='lat' dir='ltr'><strong>est,</strong></span> <span class='ocrx_word' id='word_1_162' title='bbox 662 1428 803 1460; x_wconf 88' lang='lat' dir='ltr'><strong>mutare</strong></span> <span class='ocrx_word' id='word_1_163' title='bbox 838 1417 912 1460; x_wconf 88' lang='lat' dir='ltr'><strong>non</strong></span> <span class='ocrx_word' id='word_1_164' title='bbox 949 1424 1137 1467; x_wconf 77' lang='lat' dir='ltr'><strong>dubitav13</strong></span> <span class='ocrx_word' id='word_1_165' title='bbox 1168 1435 1208 1459; x_wconf 87' lang='lat' dir='ltr'><strong>v.</strong></span> <span class='ocrx_word' id='word_1_166' title='bbox 1241 1423 1290 1459; x_wconf 86' lang='lat' dir='ltr'><strong>ad</strong></span> <span class='ocrx_word' id='word_1_167' title='bbox 1318 1424 1398 1470; x_wconf 81' lang='lat' dir='ltr'><strong>lug.</strong></span> <span class='ocrx_word' id='word_1_168' title='bbox 1420 1435 1454 1459; x_wconf 86' lang='lat' dir='ltr'><strong>c.</strong></span> <span class='ocrx_word' id='word_1_169' title='bbox 1475 1424 1523 1468; x_wconf 90' lang='lat' dir='ltr'><strong>V,</strong></span> <span class='ocrx_word' id='word_1_170' title='bbox 1546 1430 1582 1464; x_wconf 84' lang='lat'><strong>1.</strong></span> <span class='ocrx_word' id='word_1_171' title='bbox 1599 1437 1641 1473; x_wconf 90' lang='lat' dir='ltr'><strong>p.</strong></span> 
     </span>
     <span class='ocr_line' id='line_1_21' title="bbox 195 1479 1641 1528; baseline 0.001 -12"><span class='ocrx_word' id='word_1_172' title='bbox 195 1485 256 1520; x_wconf 70' lang='lat'><strong>28.</strong></span> <span class='ocrx_word' id='word_1_173' title='bbox 308 1479 459 1518; x_wconf 80' lang='lat' dir='ltr'><strong>eortius·</strong></span> <span class='ocrx_word' id='word_1_174' title='bbox 477 1492 561 1516; x_wconf 88' lang='lat' dir='ltr'><strong>cum</strong></span> <span class='ocrx_word' id='word_1_175' title='bbox 582 1481 671 1516; x_wconf 89' lang='lat' dir='ltr'><strong>edd.</strong></span> <span class='ocrx_word' id='word_1_176' title='bbox 693 1482 831 1528; x_wconf 80' lang='lat' dir='ltr'><strong>antiqq.</strong></span> <span class='ocrx_word' id='word_1_177' title='bbox 859 1484 1018 1517; x_wconf 73' lang='lat' dir='ltr'><strong>attamen</strong></span> <span class='ocrx_word' id='word_1_178' title='bbox 1039 1481 1209 1527; x_wconf 84' lang='lat' dir='ltr'><strong>scripsit,</strong></span> <span class='ocrx_word' id='word_1_179' title='bbox 1239 1479 1339 1526; x_wconf 90' lang='lat' dir='ltr'><strong>quod</strong></span> <span class='ocrx_word' id='word_1_180' title='bbox 1370 1481 1488 1516; x_wconf 89' lang='lat' dir='ltr'><strong>errori</strong></span> <span class='ocrx_word' id='word_1_181' title='bbox 1515 1482 1641 1528; x_wconf 84' lang='lat' dir='ltr'><strong>potius</strong></span> 
     </span>
     <span class='ocr_line' id='line_1_22' title="bbox 198 1535 1642 1584; baseline 0.001 -11"><span class='ocrx_word' id='word_1_182' title='bbox 198 1548 310 1584; x_wconf 78' lang='lat' dir='ltr'><strong>quam</strong></span> <span class='ocrx_word' id='word_1_183' title='bbox 331 1536 604 1583; x_wconf 81' lang='lat' dir='ltr'><strong>interpolationi</strong></span> <span class='ocrx_word' id='word_1_184' title='bbox 632 1536 759 1573; x_wconf 88' lang='lat' dir='ltr'><strong>deberi</strong></span> <span class='ocrx_word' id='word_1_185' title='bbox 781 1537 942 1573; x_wconf 85' lang='lat' dir='ltr'><strong>videtur.</strong></span> <span class='ocrx_word' id='word_1_186' title='bbox 964 1556 1020 1564; x_wconf 88' lang='lat'>—</span> <span class='ocrx_word' id='word_1_187' title='bbox 1051 1536 1231 1583; x_wconf 89' lang='lat' dir='ltr'><strong>Lepidum</strong></span> <span class='ocrx_word' id='word_1_188' title='bbox 1261 1535 1406 1572; x_wconf 84' lang='lat' dir='ltr'><strong>Cottius</strong></span> <span class='ocrx_word' id='word_1_189' title='bbox 1442 1541 1642 1584; x_wconf 86' lang='lat' dir='ltr'><strong>propterea</strong></span> 
     </span>
     <span class='ocr_line' id='line_1_23' title="bbox 196 1593 1641 1641; baseline 0.001 -12"><span class='ocrx_word' id='word_1_190' title='bbox 196 1594 376 1629; x_wconf 76' lang='lat' dir='ltr'><strong>latronem</strong></span> <span class='ocrx_word' id='word_1_191' title='bbox 397 1593 533 1629; x_wconf 90' lang='lat' dir='ltr'><strong>dictum</strong></span> <span class='ocrx_word' id='word_1_192' title='bbox 561 1597 708 1637; x_wconf 81' lang='lat' dir='ltr'><strong>censet,</strong></span> <span class='ocrx_word' id='word_1_193' title='bbox 743 1595 831 1640; x_wconf 88' lang='lat' dir='ltr'><strong>quia</strong></span> <span class='ocrx_word' id='word_1_194' title='bbox 858 1595 958 1631; x_wconf 87' lang='lat' dir='ltr'><strong>nullo</strong></span> <span class='ocrx_word' id='word_1_195' title='bbox 986 1593 1136 1640; x_wconf 91' lang='lat' dir='ltr'><strong>publico</strong></span> <span class='ocrx_word' id='word_1_196' title='bbox 1158 1593 1337 1639; x_wconf 79' lang='lat' dir='ltr'><strong>consitio,</strong></span> <span class='ocrx_word' id='word_1_197' title='bbox 1375 1596 1411 1628; x_wconf 88' lang='lat' dir='ltr'><strong>et</strong></span> <span class='ocrx_word' id='word_1_198' title='bbox 1431 1598 1558 1629; x_wconf 87' lang='lat' dir='ltr'><strong>contra</strong></span> <span class='ocrx_word' id='word_1_199' title='bbox 1575 1606 1641 1641; x_wconf 86' lang='lat' dir='ltr'><strong>pa-</strong></span> 
     </span>
     <span class='ocr_line' id='line_1_24' title="bbox 196 1649 1641 1696; baseline 0.001 -11"><span class='ocrx_word' id='word_1_200' title='bbox 196 1650 305 1685; x_wconf 84' lang='lat' dir='ltr'><strong>triam</strong></span> <span class='ocrx_word' id='word_1_201' title='bbox 324 1661 429 1686; x_wconf 86' lang='lat' dir='ltr'><strong>arma</strong></span> <span class='ocrx_word' id='word_1_202' title='bbox 449 1650 611 1696; x_wconf 89' lang='lat' dir='ltr'><strong>ceperit;</strong></span> <span class='ocrx_word' id='word_1_203' title='bbox 635 1649 703 1685; x_wconf 89' lang='lat' dir='ltr'><strong>sed</strong></span> <span class='ocrx_word' id='word_1_204' title='bbox 723 1649 822 1685; x_wconf 91' lang='lat' dir='ltr'><strong>idem</strong></span> <span class='ocrx_word' id='word_1_205' title='bbox 840 1650 886 1686; x_wconf 91' lang='lat' dir='ltr'><strong>de</strong></span> <span class='ocrx_word' id='word_1_206' title='bbox 904 1651 1018 1686; x_wconf 86' lang='lat' dir='ltr'><strong>altero</strong></span> <span class='ocrx_word' id='word_1_207' title='bbox 1038 1649 1120 1685; x_wconf 89' lang='lat' dir='ltr'><strong>eius</strong></span> <span class='ocrx_word' id='word_1_208' title='bbox 1136 1649 1184 1685; x_wconf 89' lang='lat' dir='ltr'><strong>ad</strong></span> <span class='ocrx_word' id='word_1_209' title='bbox 1205 1650 1332 1685; x_wconf 87' lang='lat' dir='ltr'><strong>urbem</strong></span> <span class='ocrx_word' id='word_1_210' title='bbox 1353 1660 1513 1687; x_wconf 85' lang='lat' dir='ltr'><strong>accessu</strong></span> <span class='ocrx_word' id='word_1_211' title='bbox 1529 1652 1641 1695; x_wconf 89' lang='lat' dir='ltr'><strong>valet,</strong></span> 
     </span>
     <span class='ocr_line' id='line_1_25' title="bbox 197 1697 1642 1754; baseline 0.001 -12"><span class='ocrx_word' id='word_1_212' title='bbox 197 1715 320 1752; x_wconf 83' lang='lat' dir='ltr'><strong>neque</strong></span> <span class='ocrx_word' id='word_1_213' title='bbox 340 1697 518 1752; x_wconf 88' lang='lat' dir='ltr'><strong>temporis</strong></span> <span class='ocrx_word' id='word_1_214' title='bbox 541 1705 681 1742; x_wconf 84' lang='lat' dir='ltr'><strong>diversi</strong></span> <span class='ocrx_word' id='word_1_215' title='bbox 708 1706 894 1753; x_wconf 89' lang='lat' dir='ltr'><strong>oppositio</strong></span> <span class='ocrx_word' id='word_1_216' title='bbox 915 1707 965 1742; x_wconf 91' lang='lat' dir='ltr'><strong>ita</strong></span> <span class='ocrx_word' id='word_1_217' title='bbox 988 1709 1111 1753; x_wconf 88' lang='lat' dir='ltr'><strong>potest</strong></span> <span class='ocrx_word' id='word_1_218' title='bbox 1128 1705 1280 1750; x_wconf 85' lang='lat' dir='ltr'><strong>confici,</strong></span> <span class='ocrx_word' id='word_1_219' title='bbox 1303 1709 1340 1740; x_wconf 92' lang='lat' dir='ltr'><strong>ut</strong></span> <span class='ocrx_word' id='word_1_220' title='bbox 1355 1706 1519 1753; x_wconf 85' lang='lat' dir='ltr'><strong>Lepidus</strong></span> <span class='ocrx_word' id='word_1_221' title='bbox 1536 1708 1642 1754; x_wconf 89' lang='lat' dir='ltr'><strong>prius</strong></span> 
     </span>
     <span class='ocr_line' id='line_1_26' title="bbox 198 1761 1642 1810; baseline 0.002 -13"><span class='ocrx_word' id='word_1_222' title='bbox 198 1762 366 1809; x_wconf 85' lang='lat' dir='ltr'><strong>privata,</strong></span> <span class='ocrx_word' id='word_1_223' title='bbox 389 1761 526 1798; x_wconf 88' lang='lat' dir='ltr'><strong>deinde</strong></span> <span class='ocrx_word' id='word_1_224' title='bbox 548 1762 699 1809; x_wconf 89' lang='lat' dir='ltr'><strong>publica</strong></span> <span class='ocrx_word' id='word_1_225' title='bbox 718 1773 822 1798; x_wconf 88' lang='lat' dir='ltr'><strong>arma</strong></span> <span class='ocrx_word' id='word_1_226' title='bbox 842 1763 1070 1810; x_wconf 88' lang='lat' dir='ltr'><strong>sumpsisse,</strong></span> <span class='ocrx_word' id='word_1_227' title='bbox 1098 1762 1202 1808; x_wconf 89' lang='lat' dir='ltr'><strong>prius</strong></span> <span class='ocrx_word' id='word_1_228' title='bbox 1229 1762 1372 1809; x_wconf 80' lang='lat' dir='ltr'><strong>patriae</strong></span> <span class='ocrx_word' id='word_1_229' title='bbox 1391 1762 1532 1807; x_wconf 86' lang='lat' dir='ltr'><strong>hostis,</strong></span> <span class='ocrx_word' id='word_1_230' title='bbox 1567 1768 1642 1800; x_wconf 85' lang='lat' dir='ltr'><strong>tum</strong></span> 
     </span>
     <span class='ocr_line' id='line_1_27' title="bbox 198 1818 1642 1866; baseline 0.001 -13"><span class='ocrx_word' id='word_1_231' title='bbox 198 1818 384 1866; x_wconf 81' lang='lat' dir='ltr'><strong>legitimus</strong></span> <span class='ocrx_word' id='word_1_232' title='bbox 406 1819 644 1866; x_wconf 84' lang='lat' dir='ltr'><strong>magistratus</strong></span> <span class='ocrx_word' id='word_1_233' title='bbox 671 1819 786 1855; x_wconf 80' lang='lat' dir='ltr'><strong>fuisse</strong></span> <span class='ocrx_word' id='word_1_234' title='bbox 809 1818 965 1855; x_wconf 88' lang='lat' dir='ltr'><strong>dicatur.</strong></span> <span class='ocrx_word' id='word_1_235' title='bbox 1025 1818 1103 1856; x_wconf 92' lang='lat' dir='ltr'><strong>Sed</strong></span> <span class='ocrx_word' id='word_1_236' title='bbox 1124 1822 1163 1854; x_wconf 93' lang='lat' dir='ltr'><strong>ut</strong></span> <span class='ocrx_word' id='word_1_237' title='bbox 1180 1819 1410 1856; x_wconf 73' lang='lat' dir='ltr'><strong>latrocinium</strong></span> <span class='ocrx_word' id='word_1_238' title='bbox 1429 1820 1525 1855; x_wconf 90' lang='lat' dir='ltr'><strong>iusto</strong></span> <span class='ocrx_word' id='word_1_239' title='bbox 1546 1821 1642 1857; x_wconf 89' lang='lat' dir='ltr'><strong>bello</strong></span> 
     </span>
     <span class='ocr_line' id='line_1_28' title="bbox 199 1873 1643 1921; baseline 0.001 -11"><span class='ocrx_word' id='word_1_240' title='bbox 199 1873 397 1920; x_wconf 91' lang='lat' dir='ltr'><strong>opponitur</strong></span> <span class='ocrx_word' id='word_1_241' title='bbox 425 1875 483 1918; x_wconf 90' lang='lat' dir='ltr'><strong>(v.</strong></span> <span class='ocrx_word' id='word_1_242' title='bbox 518 1874 566 1910; x_wconf 90' lang='lat' dir='ltr'><strong>ad</strong></span> <span class='ocrx_word' id='word_1_243' title='bbox 603 1875 682 1921; x_wconf 86' lang='lat' dir='ltr'><strong>lug.</strong></span> <span class='ocrx_word' id='word_1_244' title='bbox 715 1887 750 1911; x_wconf 89' lang='lat' dir='ltr'><strong>c.</strong></span> <span class='ocrx_word' id='word_1_245' title='bbox 776 1874 927 1920; x_wconf 85' lang='lat' dir='ltr'><strong>XCVII,</strong></span> <span class='ocrx_word' id='word_1_246' title='bbox 964 1876 1038 1919; x_wconf 82' lang='lat'><strong>5.)‚</strong></span> <span class='ocrx_word' id='word_1_247' title='bbox 1077 1875 1128 1911; x_wconf 89' lang='lat' dir='ltr'><strong>ita</strong></span> <span class='ocrx_word' id='word_1_248' title='bbox 1159 1875 1313 1911; x_wconf 77' lang='lat' dir='ltr'><strong>latronis</strong></span> <span class='ocrx_word' id='word_1_249' title='bbox 1351 1877 1534 1911; x_wconf 84' lang='lat' dir='ltr'><strong>vocabulo</strong></span> <span class='ocrx_word' id='word_1_250' title='bbox 1569 1876 1643 1912; x_wconf 85' lang='lat' dir='ltr'><strong>hoe</strong></span> 
     </span>
     <span class='ocr_line' id='line_1_29' title="bbox 200 1929 1644 1978; baseline 0.003 -14"><span class='ocrx_word' id='word_1_251' title='bbox 200 1929 450 1976; x_wconf 82' lang='lat' dir='ltr'><strong>significatur,</strong></span> <span class='ocrx_word' id='word_1_252' title='bbox 468 1930 610 1976; x_wconf 89' lang='lat' dir='ltr'><strong>Lepido</strong></span> <span class='ocrx_word' id='word_1_253' title='bbox 632 1941 707 1965; x_wconf 90' lang='lat' dir='ltr'><strong>non</strong></span> <span class='ocrx_word' id='word_1_254' title='bbox 731 1931 847 1967; x_wconf 85' lang='lat' dir='ltr'><strong>iustas</strong></span> <span class='ocrx_word' id='word_1_255' title='bbox 869 1936 905 1967; x_wconf 87' lang='lat' dir='ltr'><strong>et</strong></span> <span class='ocrx_word' id='word_1_256' title='bbox 933 1930 1090 1967; x_wconf 84' lang='lat' dir='ltr'><strong>idoneas</strong></span> <span class='ocrx_word' id='word_1_257' title='bbox 1117 1932 1247 1978; x_wconf 89' lang='lat' dir='ltr'><strong>copias</strong></span> <span class='ocrx_word' id='word_1_258' title='bbox 1279 1931 1329 1966; x_wconf 87' lang='lat' dir='ltr'><strong>ad</strong></span> <span class='ocrx_word' id='word_1_259' title='bbox 1357 1942 1487 1967; x_wconf 88' lang='lat' dir='ltr'><strong>verum</strong></span> <span class='ocrx_word' id='word_1_260' title='bbox 1507 1932 1644 1969; x_wconf 90' lang='lat' dir='ltr'><strong>bellum</strong></span> 
     </span>
     <span class='ocr_line' id='line_1_30' title="bbox 202 1985 1646 2032; baseline 0.004 -13"><span class='ocrx_word' id='word_1_261' title='bbox 202 1985 418 2020; x_wconf 81' lang='lat' dir='ltr'><strong>faciendum</strong></span> <span class='ocrx_word' id='word_1_262' title='bbox 453 1986 588 2029; x_wconf 76' lang='lat' dir='ltr'><strong>fuisse,</strong></span> <span class='ocrx_word' id='word_1_263' title='bbox 620 1996 780 2032; x_wconf 90' lang='lat' dir='ltr'><strong>eumque</strong></span> <span class='ocrx_word' id='word_1_264' title='bbox 809 1997 961 2023; x_wconf 86' lang='lat' dir='ltr'><strong>sensum</strong></span> <span class='ocrx_word' id='word_1_265' title='bbox 990 1987 1118 2022; x_wconf 88' lang='lat' dir='ltr'><strong>addita</strong></span> <span class='ocrx_word' id='word_1_266' title='bbox 1149 1988 1266 2022; x_wconf 83' lang='lat' dir='ltr'><strong>verba</strong></span> <span class='ocrx_word' id='word_1_267' title='bbox 1286 1997 1369 2022; x_wconf 83' lang='lat' dir='ltr'><strong>cum</strong></span> <span class='ocrx_word' id='word_1_268' title='bbox 1399 1987 1586 2024; x_wconf 74' lang='lat' dir='ltr'><strong>calonibus</strong></span> <span class='ocrx_word' id='word_1_269' title='bbox 1611 1993 1646 2024; x_wconf 75' lang='lat' dir='ltr'><strong>et</strong></span> 
     </span>
     <span class='ocr_line' id='line_1_31' title="bbox 194 2041 1643 2092; baseline 0.003 -17"><span class='ocrx_word' id='word_1_270' title='bbox 194 2041 333 2087; x_wconf 76' lang='lat' dir='ltr'><strong>paucis</strong></span> <span class='ocrx_word' id='word_1_271' title='bbox 349 2041 496 2076; x_wconf 80' lang='lat' dir='ltr'><strong>sicariis</strong></span> <span class='ocrx_word' id='word_1_272' title='bbox 514 2041 625 2087; x_wconf 89' lang='lat' dir='ltr'><strong>plane</strong></span> <span class='ocrx_word' id='word_1_273' title='bbox 646 2041 851 2078; x_wconf 86' lang='lat' dir='ltr'><strong>declarant.</strong></span> <span class='ocrx_word' id='word_1_274' title='bbox 909 2043 1000 2078; x_wconf 88' lang='lat' dir='ltr'><strong>Rem</strong></span> <span class='ocrx_word' id='word_1_275' title='bbox 1020 2043 1130 2089; x_wconf 86' lang='lat' dir='ltr'><strong>igitur</strong></span> <span class='ocrx_word' id='word_1_276' title='bbox 1148 2043 1180 2078; x_wconf 92' lang='lat' dir='ltr'><strong>si</strong></span> <span class='ocrx_word' id='word_1_277' title='bbox 1198 2046 1366 2088; x_wconf 83' lang='lat' dir='ltr'><strong>spectas,</strong></span> <span class='ocrx_word' id='word_1_278' title='bbox 1392 2043 1586 2092; x_wconf 84' lang='lat' dir='ltr'><strong>Philippus</strong></span> <span class='ocrx_word' id='word_1_279' title='bbox 1603 2045 1643 2081; x_wconf 93' lang='lat' dir='ltr'><strong>h.</strong></span> 
     </span>
     <span class='ocr_line' id='line_1_32' title="bbox 203 2095 1644 2148; baseline 0.004 -17"><span class='ocrx_word' id='word_1_280' title='bbox 203 2097 228 2131; x_wconf 92' lang='lat' dir='ltr'><strong>l.</strong></span> <span class='ocrx_word' id='word_1_281' title='bbox 249 2096 382 2133; x_wconf 87' lang='lat' dir='ltr'><strong>iterum</strong></span> <span class='ocrx_word' id='word_1_282' title='bbox 403 2095 513 2140; x_wconf 91' lang='lat' dir='ltr'><strong>dicit,</strong></span> <span class='ocrx_word' id='word_1_283' title='bbox 552 2096 652 2143; x_wconf 91' lang='lat' dir='ltr'><strong>quod</strong></span> <span class='ocrx_word' id='word_1_284' title='bbox 673 2108 788 2144; x_wconf 90' lang='lat' dir='ltr'><strong>supra</strong></span> <span class='ocrx_word' id='word_1_285' title='bbox 814 2101 850 2141; x_wconf 78' lang='lat' dir='ltr'><strong>s.</strong></span> <span class='ocrx_word' id='word_1_286' title='bbox 881 2102 916 2136; x_wconf 78' lang='lat'><strong>3.</strong></span> <span class='ocrx_word' id='word_1_287' title='bbox 951 2098 1113 2144; x_wconf 79' lang='lat' dir='ltr'><strong>dixerat,</strong></span> <span class='ocrx_word' id='word_1_288' title='bbox 1152 2109 1174 2135; x_wconf 91' lang='lat' dir='ltr'><strong>e</strong></span> <span class='ocrx_word' id='word_1_289' title='bbox 1203 2102 1469 2147; x_wconf 76' lang='lat' dir='ltr'><strong>contempto</strong></span> <span class='ocrx_word' id='word_1_290' title='bbox 1504 2102 1644 2148; x_wconf 79' lang='lat' dir='ltr'><strong>(qualis</strong></span> 
     </span>
     <span class='ocr_line' id='line_1_33' title="bbox 204 2151 1644 2201; baseline 0.004 -15"><span class='ocrx_word' id='word_1_291' title='bbox 204 2155 292 2187; x_wconf 83' lang='lat' dir='ltr'><strong>tune</strong></span> <span class='ocrx_word' id='word_1_292' title='bbox 312 2151 399 2196; x_wconf 82' lang='lat' dir='ltr'><strong>suit,</strong></span> <span class='ocrx_word' id='word_1_293' title='bbox 421 2153 538 2197; x_wconf 90' lang='lat' dir='ltr'><strong>nunc)</strong></span> <span class='ocrx_word' id='word_1_294' title='bbox 557 2163 598 2189; x_wconf 78' lang='lat' dir='ltr'><strong>se</strong></span> <span class='ocrx_word' id='word_1_295' title='bbox 616 2153 739 2201; x_wconf 80' lang='lat' dir='ltr'><strong>effecit</strong></span> <span class='ocrx_word' id='word_1_296' title='bbox 755 2155 1052 2191; x_wconf 79' lang='lat' dir='ltr'><strong>metuendum.</strong></span> <span class='ocrx_word' id='word_1_297' title='bbox 1078 2175 1132 2181; x_wconf 92' lang='lat'>—</span> <span class='ocrx_word' id='word_1_298' title='bbox 1164 2155 1312 2192; x_wconf 73' lang='lat' dir='ltr'><strong>Dim-na</strong></span> <span class='ocrx_word' id='word_1_299' title='bbox 1337 2157 1504 2193; x_wconf 80' lang='lat' dir='ltr'><strong>mercede</strong></span> <span class='ocrx_word' id='word_1_300' title='bbox 1537 2158 1644 2194; x_wconf 72' lang='lat' dir='ltr'><strong>vitam</strong></span> 
     </span>
     <span class='ocr_line' id='line_1_34' title="bbox 204 2208 1644 2260; baseline 0.005 -18"><span class='ocrx_word' id='word_1_301' title='bbox 204 2211 387 2243; x_wconf 74' lang='lat' dir='ltr'><strong>mutare</strong></span> <span class='ocrx_word' id='word_1_302' title='bbox 422 2208 607 2255; x_wconf 83' lang='lat' dir='ltr'><strong>significat</strong></span> <span class='ocrx_word' id='word_1_303' title='bbox 637 2210 744 2246; x_wconf 76' lang='lat' dir='ltr'><strong>vitam</strong></span> <span class='ocrx_word' id='word_1_304' title='bbox 771 2210 883 2255; x_wconf 81' lang='lat' dir='ltr'><strong>dare,</strong></span> <span class='ocrx_word' id='word_1_305' title='bbox 918 2212 975 2247; x_wconf 83' lang='lat' dir='ltr'><strong>vel</strong></span> <span class='ocrx_word' id='word_1_306' title='bbox 1004 2211 1180 2257; x_wconf 81' lang='lat' dir='ltr'><strong>vendere,</strong></span> <span class='ocrx_word' id='word_1_307' title='bbox 1210 2212 1268 2247; x_wconf 82' lang='lat' dir='ltr'><strong>vel</strong></span> <span class='ocrx_word' id='word_1_308' title='bbox 1294 2212 1400 2248; x_wconf 73' lang='lat' dir='ltr'><strong>nihili</strong></span> <span class='ocrx_word' id='word_1_309' title='bbox 1422 2212 1555 2260; x_wconf 83' lang='lat' dir='ltr'><strong>facere</strong></span> <span class='ocrx_word' id='word_1_310' title='bbox 1567 2225 1644 2260; x_wconf 83' lang='lat' dir='ltr'><strong>pro</strong></span> 
     </span>
     <span class='ocr_line' id='line_1_35' title="bbox 205 2264 1645 2315; baseline 0.003 -16"><span class='ocrx_word' id='word_1_311' title='bbox 205 2264 342 2300; x_wconf 77' lang='lat' dir='ltr'><strong>diurna</strong></span> <span class='ocrx_word' id='word_1_312' title='bbox 360 2265 527 2302; x_wconf 79' lang='lat' dir='ltr'><strong>mercede</strong></span> <span class='ocrx_word' id='word_1_313' title='bbox 545 2265 735 2303; x_wconf 73' lang='lat' dir='ltr'><strong>obtinenda</strong></span> <span class='ocrx_word' id='word_1_314' title='bbox 743 2281 756 2307; x_wconf 90' lang='grc'><em>;</em></span> <span class='ocrx_word' id='word_1_315' title='bbox 783 2268 832 2304; x_wconf 87' lang='lat' dir='ltr'><strong>cf.</strong></span> <span class='ocrx_word' id='word_1_316' title='bbox 857 2267 906 2303; x_wconf 89' lang='lat' dir='ltr'><strong>ad</strong></span> <span class='ocrx_word' id='word_1_317' title='bbox 934 2267 1015 2315; x_wconf 85' lang='lat' dir='ltr'><strong>lug.</strong></span> <span class='ocrx_word' id='word_1_318' title='bbox 1041 2267 1252 2313; x_wconf 86' lang='lat' dir='ltr'><strong>XXXVIII,</strong></span> <span class='ocrx_word' id='word_1_319' title='bbox 1274 2272 1331 2306; x_wconf 86' lang='lat'><strong>10.</strong></span> <span class='ocrx_word' id='word_1_320' title='bbox 1354 2280 1392 2315; x_wconf 91' lang='lat' dir='ltr'><strong>p.</strong></span> <span class='ocrx_word' id='word_1_321' title='bbox 1410 2272 1492 2307; x_wconf 78' lang='lat'><strong>224.</strong></span> <span class='ocrx_word' id='word_1_322' title='bbox 1515 2269 1645 2314; x_wconf 80' lang='lat' dir='ltr'><strong>XLW,</strong></span> 
     </span>
     <span class='ocr_line' id='line_1_36' title="bbox 208 2319 1645 2373; baseline 0.003 -16"><span class='ocrx_word' id='word_1_323' title='bbox 208 2324 242 2357; x_wconf 89' lang='grc'><strong>5.</strong></span> <span class='ocrx_word' id='word_1_324' title='bbox 272 2319 444 2356; x_wconf 79' lang='lat' dir='ltr'><strong>Praedas</strong></span> <span class='ocrx_word' id='word_1_325' title='bbox 462 2325 640 2358; x_wconf 77' lang='lat' dir='ltr'><strong>mutare</strong></span> <span class='ocrx_word' id='word_1_326' title='bbox 659 2324 740 2360; x_wconf 72' lang='lat' dir='ltr'><strong>vino</strong></span> <span class='ocrx_word' id='word_1_327' title='bbox 760 2323 956 2360; x_wconf 71' lang='lat' dir='ltr'><strong>advectitio.</strong></span> <span class='ocrx_word' id='word_1_328' title='bbox 996 2324 1073 2360; x_wconf 88' lang='lat' dir='ltr'><strong>Iam</strong></span> <span class='ocrx_word' id='word_1_329' title='bbox 1088 2335 1199 2371; x_wconf 87' lang='lat' dir='ltr'><strong>quum</strong></span> <span class='ocrx_word' id='word_1_330' title='bbox 1222 2324 1260 2359; x_wconf 90' lang='lat' dir='ltr'><strong>in</strong></span> <span class='ocrx_word' id='word_1_331' title='bbox 1274 2324 1359 2360; x_wconf 88' lang='lat' dir='ltr'><strong>Vat.</strong></span> <span class='ocrx_word' id='word_1_332' title='bbox 1372 2329 1408 2363; x_wconf 76' lang='lat'><strong>2.</strong></span> <span class='ocrx_word' id='word_1_333' title='bbox 1429 2330 1467 2361; x_wconf 88' lang='lat' dir='ltr'><strong>et</strong></span> <span class='ocrx_word' id='word_1_334' title='bbox 1485 2329 1523 2364; x_wconf 82' lang='lat'><strong>3.</strong></span> <span class='ocrx_word' id='word_1_335' title='bbox 1544 2327 1645 2373; x_wconf 85' lang='lat' dir='ltr'><strong>lega-</strong></span> 
     </span>
     <span class='ocr_line' id='line_1_37' title="bbox 206 2377 1645 2426; baseline 0.004 -15"><span class='ocrx_word' id='word_1_336' title='bbox 206 2379 264 2412; x_wconf 89' lang='lat' dir='ltr'><strong>tur</strong></span> <span class='ocrx_word' id='word_1_337' title='bbox 285 2386 390 2412; x_wconf 87' lang='lat' dir='ltr'><strong>nemo</strong></span> <span class='ocrx_word' id='word_1_338' title='bbox 410 2386 503 2422; x_wconf 82' lang='lat' dir='ltr'><strong>non,</strong></span> <span class='ocrx_word' id='word_1_339' title='bbox 523 2377 561 2413; x_wconf 89' lang='lat' dir='ltr'><strong>in</strong></span> <span class='ocrx_word' id='word_1_340' title='bbox 583 2378 667 2414; x_wconf 84' lang='lat' dir='ltr'><strong>Vat.</strong></span> <span class='ocrx_word' id='word_1_341' title='bbox 689 2383 723 2416; x_wconf 91' lang='lat'><strong>1.</strong></span> <span class='ocrx_word' id='word_1_342' title='bbox 755 2383 877 2416; x_wconf 87' lang='lat' dir='ltr'><strong>autem</strong></span> <span class='ocrx_word' id='word_1_343' title='bbox 903 2380 1157 2417; x_wconf 88' lang='lat' dir='ltr'><strong>tantummodo</strong></span> <span class='ocrx_word' id='word_1_344' title='bbox 1174 2390 1298 2426; x_wconf 83' lang='lat' dir='ltr'><strong>nemo,</strong></span> <span class='ocrx_word' id='word_1_345' title='bbox 1328 2381 1409 2417; x_wconf 85' lang='lat' dir='ltr'><strong>sine</strong></span> <span class='ocrx_word' id='word_1_346' title='bbox 1428 2393 1522 2425; x_wconf 83' lang='lat' dir='ltr'><strong>mm,</strong></span> <span class='ocrx_word' id='word_1_347' title='bbox 1559 2382 1645 2418; x_wconf 87' lang='lat' dir='ltr'><strong>Cor-</strong></span> 
     </span>
     <span class='ocr_line' id='line_1_38' title="bbox 207 2431 1644 2486; baseline 0.004 -18"><span class='ocrx_word' id='word_1_348' title='bbox 207 2433 300 2476; x_wconf 90' lang='lat' dir='ltr'><strong>tius,</strong></span> <span class='ocrx_word' id='word_1_349' title='bbox 324 2431 563 2478; x_wconf 87' lang='lat' dir='ltr'><strong>Gerlachius‚</strong></span> <span class='ocrx_word' id='word_1_350' title='bbox 593 2434 734 2486; x_wconf 77' lang='lat' dir='ltr'><strong>Faber,</strong></span> <span class='ocrx_word' id='word_1_351' title='bbox 770 2435 927 2473; x_wconf 88' lang='lat' dir='ltr'><strong>Orellius</strong></span> <span class='ocrx_word' id='word_1_352' title='bbox 955 2448 1028 2473; x_wconf 84' lang='lat' dir='ltr'><strong>mm</strong></span> <span class='ocrx_word' id='word_1_353' title='bbox 1054 2438 1279 2481; x_wconf 87' lang='lat' dir='ltr'><strong>omiserunt,</strong></span> <span class='ocrx_word' id='word_1_354' title='bbox 1312 2437 1468 2474; x_wconf 85' lang='lat' dir='ltr'><strong>mirifice</strong></span> <span class='ocrx_word' id='word_1_355' title='bbox 1498 2449 1522 2474; x_wconf 90' lang='lat' dir='ltr'><strong>a</strong></span> <span class='ocrx_word' id='word_1_356' title='bbox 1553 2449 1644 2474; x_wconf 91' lang='lat' dir='ltr'><strong>vero</strong></span> 
     </span>
     <span class='ocr_line' id='line_1_39' title="bbox 208 2487 1647 2542; baseline 0.004 -18"><span class='ocrx_word' id='word_1_357' title='bbox 208 2489 436 2524; x_wconf 88' lang='lat' dir='ltr'><strong>aberrantes.</strong></span> <span class='ocrx_word' id='word_1_358' title='bbox 495 2487 711 2528; x_wconf 89' lang='lat' dir='ltr'><strong>Gerlachius</strong></span> <span class='ocrx_word' id='word_1_359' title='bbox 734 2492 832 2529; x_wconf 81' lang='lat' dir='ltr'><strong>enim</strong></span> <span class='ocrx_word' id='word_1_360' title='bbox 850 2492 939 2529; x_wconf 90' lang='lat' dir='ltr'><strong>Vol.</strong></span> <span class='ocrx_word' id='word_1_361' title='bbox 958 2493 1017 2529; x_wconf 89' lang='lat'>111.</span> <span class='ocrx_word' id='word_1_362' title='bbox 1038 2505 1076 2540; x_wconf 89' lang='lat' dir='ltr'><strong>p.</strong></span> <span class='ocrx_word' id='word_1_363' title='bbox 1094 2495 1154 2532; x_wconf 86' lang='grc'><strong>67.</strong></span> <span class='ocrx_word' id='word_1_364' title='bbox 1174 2494 1288 2529; x_wconf 82' lang='lat' dir='ltr'><strong>ullum</strong></span> <span class='ocrx_word' id='word_1_365' title='bbox 1308 2505 1471 2542; x_wconf 87' lang='lat' dir='ltr'><strong>unquam</strong></span> <span class='ocrx_word' id='word_1_366' title='bbox 1492 2495 1647 2542; x_wconf 89' lang='lat' dir='ltr'><strong>scripto-</strong></span> 
     </span>
     <span class='ocr_line' id='line_1_40' title="bbox 209 2544 1694 2597; baseline 0.006 -17"><span class='ocrx_word' id='word_1_367' title='bbox 209 2555 286 2580; x_wconf 88' lang='lat' dir='ltr'><strong>rem</strong></span> <span class='ocrx_word' id='word_1_368' title='bbox 307 2545 476 2580; x_wconf 86' lang='lat' dir='ltr'><strong>Latinum</strong></span> <span class='ocrx_word' id='word_1_369' title='bbox 499 2544 549 2580; x_wconf 90' lang='lat' dir='ltr'><strong>ita</strong></span> <span class='ocrx_word' id='word_1_370' title='bbox 571 2546 732 2583; x_wconf 90' lang='lat' dir='ltr'><strong>locutum</strong></span> <span class='ocrx_word' id='word_1_371' title='bbox 753 2559 839 2585; x_wconf 89' lang='lat' dir='ltr'><strong>esse</strong></span> <span class='ocrx_word' id='word_1_372' title='bbox 855 2560 1016 2597; x_wconf 84' lang='lat' dir='ltr'><strong>negans,</strong></span> <span class='ocrx_word' id='word_1_373' title='bbox 1046 2549 1218 2586; x_wconf 91' lang='lat' dir='ltr'><strong>homines</strong></span> <span class='ocrx_word' id='word_1_374' title='bbox 1244 2551 1395 2597; x_wconf 71' lang='lat' dir='ltr'><strong>iynavos</strong></span> <span class='ocrx_word' id='word_1_375' title='bbox 1414 2555 1450 2588; x_wconf 81' lang='lat' dir='ltr'><strong>ei</strong></span> <span class='ocrx_word' id='word_1_376' title='bbox 1466 2553 1601 2588; x_wconf 74' lang='lat' dir='ltr'><strong>inertes</strong></span> <span class='ocrx_word' id='word_1_377' title='bbox 1623 2563 1645 2588; x_wconf 86' lang='lat' dir='ltr'><strong>a</strong></span> <span class='ocrx_word' id='word_1_378' title='bbox 1690 2554 1694 2556; x_wconf 81' lang='grc'><em>“</em></span> 
     </span>
     <span class='ocr_line' id='line_1_41' title="bbox 207 2599 1642 2655; baseline 0.006 -20"><span class='ocrx_word' id='word_1_379' title='bbox 207 2600 378 2648; x_wconf 89' lang='lat' dir='ltr'><strong>Philippo</strong></span> <span class='ocrx_word' id='word_1_380' title='bbox 400 2599 604 2648; x_wconf 84' lang='lat' dir='ltr'><strong>significari</strong></span> <span class='ocrx_word' id='word_1_381' title='bbox 618 2605 739 2648; x_wconf 87' lang='lat' dir='ltr'><strong>putat,</strong></span> <span class='ocrx_word' id='word_1_382' title='bbox 760 2605 841 2651; x_wconf 87' lang='lat' dir='ltr'><strong>qui,</strong></span> <span class='ocrx_word' id='word_1_383' title='bbox 860 2617 971 2652; x_wconf 86' lang='lat' dir='ltr'><strong>quum</strong></span> <span class='ocrx_word' id='word_1_384' title='bbox 996 2617 1071 2653; x_wconf 79' lang='lat' dir='ltr'><strong>non</strong></span> <span class='ocrx_word' id='word_1_385' title='bbox 1091 2617 1229 2653; x_wconf 87' lang='lat' dir='ltr'><strong>magna</strong></span> <span class='ocrx_word' id='word_1_386' title='bbox 1248 2606 1444 2644; x_wconf 89' lang='lat' dir='ltr'><strong>seditionis</strong></span> <span class='ocrx_word' id='word_1_387' title='bbox 1463 2609 1642 2655; x_wconf 88' lang='lat' dir='ltr'><strong>praemia,</strong></span> 
     </span>
     <span class='ocr_line' id='line_1_42' title="bbox 207 2655 1643 2709; baseline 0.006 -18"><span class='ocrx_word' id='word_1_388' title='bbox 207 2655 278 2693; x_wconf 85' lang='lat' dir='ltr'><strong>sed</strong></span> <span class='ocrx_word' id='word_1_389' title='bbox 298 2667 372 2692; x_wconf 88' lang='lat' dir='ltr'><strong>non</strong></span> <span class='ocrx_word' id='word_1_390' title='bbox 391 2657 463 2692; x_wconf 90' lang='lat' dir='ltr'><strong>nisi</strong></span> <span class='ocrx_word' id='word_1_391' title='bbox 484 2656 651 2694; x_wconf 78' lang='lat' dir='ltr'><strong>diurnam</strong></span> <span class='ocrx_word' id='word_1_392' title='bbox 676 2660 876 2697; x_wconf 85' lang='lat' dir='ltr'><strong>mercedem</strong></span> <span class='ocrx_word' id='word_1_393' title='bbox 903 2673 925 2697; x_wconf 89' lang='lat' dir='ltr'><strong>a</strong></span> <span class='ocrx_word' id='word_1_394' title='bbox 951 2661 1092 2709; x_wconf 88' lang='lat' dir='ltr'><strong>Lepido</strong></span> <span class='ocrx_word' id='word_1_395' title='bbox 1128 2663 1358 2709; x_wconf 81' lang='lat' dir='ltr'><strong>acciperent,</strong></span> <span class='ocrx_word' id='word_1_396' title='bbox 1393 2664 1438 2700; x_wconf 88' lang='lat' dir='ltr'><strong>de</strong></span> <span class='ocrx_word' id='word_1_397' title='bbox 1470 2666 1542 2701; x_wconf 77' lang='lat' dir='ltr'><strong>vita</strong></span> <span class='ocrx_word' id='word_1_398' title='bbox 1574 2674 1643 2700; x_wconf 73' lang='lat' dir='ltr'><strong>sua</strong></span> 
     </span>
     <span class='ocr_line' id='line_1_43' title="bbox 198 2714 1643 2767; baseline 0.005 -19"><span class='ocrx_word' id='word_1_399' title='bbox 198 2723 275 2759; x_wconf 77' lang='lat' dir='ltr'><strong>pro</strong></span> <span class='ocrx_word' id='word_1_400' title='bbox 295 2717 367 2748; x_wconf 73' lang='lat' dir='ltr'><strong>tam</strong></span> <span class='ocrx_word' id='word_1_401' title='bbox 381 2714 517 2761; x_wconf 75' lang='lat' dir='ltr'><strong>parvis</strong></span> <span class='ocrx_word' id='word_1_402' title='bbox 528 2715 709 2760; x_wconf 73' lang='lat' dir='ltr'><strong>praemiis</strong></span> <span class='ocrx_word' id='word_1_403' title='bbox 724 2718 934 2763; x_wconf 59' lang='lat' dir='ltr'><strong>periclitari</strong></span> <span class='ocrx_word' id='word_1_404' title='bbox 952 2720 1097 2757; x_wconf 78' lang='lat' dir='ltr'><strong>nollent.</strong></span> <span class='ocrx_word' id='word_1_405' title='bbox 1158 2717 1235 2755; x_wconf 92' lang='lat' dir='ltr'><strong>Sed</strong></span> <span class='ocrx_word' id='word_1_406' title='bbox 1269 2723 1308 2755; x_wconf 92' lang='lat' dir='ltr'><strong>ut</strong></span> <span class='ocrx_word' id='word_1_407' title='bbox 1342 2725 1598 2767; x_wconf 81' lang='lat' dir='ltr'><strong>argumentum</strong></span> <span class='ocrx_word' id='word_1_408' title='bbox 1620 2731 1643 2755; x_wconf 88' lang='lat' dir='ltr'><strong>a</strong></span> 
     </span>
     <span class='ocr_line' id='line_1_44' title="bbox 205 2768 1645 2818; baseline 0.006 -13"><span class='ocrx_word' id='word_1_409' title='bbox 205 2768 381 2805; x_wconf 89' lang='lat' dir='ltr'><strong>latinitate</strong></span> <span class='ocrx_word' id='word_1_410' title='bbox 417 2774 600 2817; x_wconf 90' lang='lat' dir='ltr'><strong>sumptum</strong></span> <span class='ocrx_word' id='word_1_411' title='bbox 636 2770 840 2818; x_wconf 78' lang='lat' dir='ltr'><strong>futileest,</strong></span> <span class='ocrx_word' id='word_1_412' title='bbox 875 2775 925 2810; x_wconf 91' lang='lat' dir='ltr'><strong>ita</strong></span> <span class='ocrx_word' id='word_1_413' title='bbox 959 2786 1067 2811; x_wconf 89' lang='lat' dir='ltr'><strong>nemo</strong></span> <span class='ocrx_word' id='word_1_414' title='bbox 1100 2775 1294 2812; x_wconf 87' lang='lat' dir='ltr'><strong>Gerlachio</strong></span> <span class='ocrx_word' id='word_1_415' title='bbox 1330 2776 1458 2814; x_wconf 84' lang='lat' dir='ltr'><strong>credet</strong></span> <span class='ocrx_word' id='word_1_416' title='bbox 1490 2778 1645 2813; x_wconf 80' lang='lat' dir='ltr'><strong>sicarios</strong></span> 
     </span>
    </p>
   </div>
  </div>
 </body>
</html>
