1774 3002
165 161 249 203 368
652 166 691 203 C.
723 167 953 205 SALLUSTI
985 169 1134 208 CRISPI

305 293 372 336 19.
429 289 546 336 Sane
588 291 728 338 bonus
765 306 818 337 ea
854 295 1113 354 tempestate
1147 298 1299 342 contra
1338 296 1534 357 pericula
1572 301 1615 344 et

169 373 460 420 ambitionem.

164 513 273 550 Dona
295 514 440 560 qratiae
467 516 553 548 sunt
581 512 745 550 honores
775 517 811 549 et
839 514 1016 561 imperia,
1036 515 1165 562 populi
1195 516 1340 562 gratiae
1375 515 1518 562 debita,
1553 528 1614 554 eo-

165 580 236 616 que
257 570 477 617 plerumque
501 562 674 616 beneficia
695 569 814 615 dicta,
847 575 885 606 ut
905 571 1116 607 monuimus
1147 571 1196 607 ad
1219 572 1300 619 lug.
1325 583 1358 610 c.
1379 573 1560 619 LXXXV,
1577 577 1612 613 3.

161 637 200 673 p.
232 629 315 664 444.
369 625 602 676 Structuram
625 637 841 674 properare
869 629 973 664 verbi
999 639 1082 664 cum
1115 629 1248 675 supino
1279 629 1392 666 iuncti
1425 631 1612 678 tetigimus

165 682 214 719 ad
229 683 288 719 Fr.
308 682 369 728 III,
391 685 449 728 82,
474 684 532 720 16.
591 683 707 730 Igitur
735 684 797 720 Fr.
828 685 884 722 17.
917 688 952 719 et
976 687 1032 723 18.
1073 684 1272 722 Sallustius
1293 685 1366 722 hoc
1397 687 1474 722 sere
1499 687 1610 724 dicit:

162 739 335 787 Intelleyo
363 739 581 775 nobilitatem
612 740 853 777 celebritatem
879 743 1035 777 nominis
1062 741 1228 788 Pompeii
1259 752 1372 789 saepe
1414 745 1614 784 timentem.-

161 797 262 832 video
287 796 450 832 homines
473 796 670 832 insatiabili
691 797 870 834 honorum
902 799 1072 844 cupidine
1104 800 1253 834 summis
1282 800 1446 846 imperiis
1466 801 1611 837 inhian-

164 859 229 898 tes,
250 853 495 900 Pompeioque
514 864 644 889 novum
674 854 850 890 honorem
874 855 1083 891 invidentes.
1125 855 1266 899 Quibus
1295 856 1422 892 verbis
1451 858 1611 894 sortasse

161 909 256 946 haec
282 910 503 946 subiecerit:
533 910 601 946 sed
622 921 694 946 non
714 912 803 958 quid
821 911 861 946 ki
878 913 1049 958 cupiant,
1080 912 1147 947 sed
1165 912 1254 959 quid
1271 913 1498 960 reipublicae
1512 915 1607 950 ulili—

162 971 219 1002 tas
232 967 412 1014 postulet,
453 967 549 1002 vobis
570 965 840 1014 respiciendum
862 973 934 1012 est,
964 979 1036 1015 quo
1058 968 1198 1004 ducunt
1220 980 1276 1014 ea,
1298 980 1410 1031 quae
1416 970 1610 1007 Gabinium

164 1023 350 1059 dicentem
380 1023 468 1059 facit
495 1023 563 1058 Dio
596 1022 699 1060 Cass.
729 1024 897 1069 XXXVI,
926 1029 982 1063 10.
1018 1036 1057 1072 p
1080 1027 1137 1063 92.
1168 1025 1287 1061 Reim.
1350 1016 1412 1063 013
1431 1020 1509 1077 γάρ
1531 1038 1609 1064 που

160 1091 250 1125 τους
265 1077 622 1142 σπουδαρχοῦντας,
639 1071 739 1116 ἀλλὰ
754 1073 844 1126 τοὺς
865 1077 1102 1130 ἐπιτηδείους
1119 1075 1369 1133 προςτάττειν
1382 1084 1463 1128 τοῖς
1480 1095 1606 1134 πραγ-

160 1145 255 1187 μασι
289 1129 487 1187 προςήκει.

273 1194 334 1230 Fr.
357 1196 415 1232 19.
457 1192 572 1238 [Cort.
590 1205 625 1241 p.
648 1197 748 1233 1008.
786 1195 883 1230 Gerl.
907 1195 968 1231 ed.
992 1195 1076 1231 mai.
1099 1194 1174 1230 Inc.
1196 1197 1276 1233 129.
1299 1194 1361 1230 ed.
1385 1196 1473 1235 min.
1496 1196 1523 1240 l,
1545 1198 1605 1234 39.

159 1261 199 1298 p.
230 1253 310 1297 185,
344 1254 400 1288 10.
452 1250 562 1286 Debr.
593 1251 628 1295 1,
659 1249 731 1299 61.]
793 1251 902 1289 Serv.
933 1252 982 1287 ad
1016 1251 1122 1298 Virg.
1153 1252 1248 1287 Aen.
1275 1252 1303 1299 Ι,
1338 1254 1417 1291 195.
1478 1253 1607 1289 Bonus

161 1318 272 1355 quum
295 1307 428 1344 Servio
452 1311 602 1343 notante
618 1306 679 1343 hic
701 1308 800 1343 idem
824 1309 870 1344 sit
896 1312 1004 1355 atque
1025 1308 1146 1354 s'ortis,
1170 1308 1312 1344 relicua
1332 1310 1447 1345 verba
1468 1309 1605 1356 optime

160 1364 373 1409 ostendunt,
399 1374 504 1410 eum,
532 1364 593 1410 qui
621 1364 751 1400 sortem
773 1376 814 1400 se
839 1365 1066 1412 praestiterit
1092 1369 1221 1400 contra
1241 1364 1408 1411 pericula
1432 1370 1468 1401 et
1489 1366 1605 1402 ambi-

160 1422 316 1467 tionem,
341 1421 405 1457 vix
425 1420 538 1456 aliu'm
560 1431 658 1466 esse,
679 1432 791 1468 quam
813 1422 993 1467 Catulum,
1025 1432 1136 1468 quum
1169 1422 1292 1469 legem
1314 1421 1506 1458 Gabiniam
1530 1422 1604 1459 dis-

160 1478 349 1515 suaderet.
407 1478 582 1514 Pericula
613 1478 711 1514 enim
745 1478 943 1516 Sallustius
974 1477 1163 1524 intelligit,
1194 1489 1290 1525 quae
1325 1479 1520 1526 rogatione
1541 1480 1603 1515 illa

159 1535 382 1583 reipublicae
400 1538 639 1582 pararentur,
667 1546 767 1572 novo
795 1540 904 1583 atque
928 1534 1125 1571 inaudito
1117 1535 1294 1582 imperiO,
1321 1535 1422 1599 quod
1444 1537 1528 1583 ipsa
1549 1536 1601 1572 di-

160 1596 303 1629 ctatura
322 1593 436 1627 multo
463 1592 583 1627 maius
605 1596 718 1637 esset,
740 1593 802 1628 uni
825 1592 1031 1628 deserendo
1063 1592 1131 1637 (cs.
1152 1591 1336 1628 Plutarch.
1358 1592 1396 1628 in
1416 1593 1546 1640 Pomp.
1567 1605 1599 1628 c.

158 1653 218 1687 25.
234 1639 596 1711 Ἀναγνωσθέντων
612 1643 654 1684 δὲ
673 1641 823 1685 τούτων
842 1642 863 1685 ὃ
883 1644 954 1697 μὲν
971 1646 1093 1697 δῆμος
1107 1639 1324 1711 ’ὑπερφυῶς
1346 1644 1512 1695 ἐδέξατο,
1531 1648 1602 1698 τῆς

159 1701 202 1742 δὲ
228 1697 449 1768 συγκλήτου
475 1704 556 1749 τοῖς
579 1702 779 1769 μεγίστοις
816 1701 883 1741 καὶ
915 1697 1199 1748 δυνατωτάτοις
1232 1700 1338 1749 ἔδοξε
1372 1704 1504 1753 μεῖζον
1530 1701 1602 1767 μὲν

160 1754 334 1811 φθόνου,
361 1753 491 1811 φόβου
509 1757 551 1798 δὲ
572 1755 683 1807 ἄξιον
699 1754 801 1798 εἶναι
815 1754 858 1798 τὸ
879 1761 948 1810 τῆς
968 1757 1142 1807 ἐξουσίας
1161 1753 1423 1811 ἀπερίληπτον
1441 1757 1510 1798 καὶ
1529 1752 1598 1798 οἶό-

160 1820 335 1870 protom),
362 1819 504 1854 ambitio
529 1829 619 1856 vero
640 1822 696 1854 est
717 1818 892 1865 Pompeii,
913 1819 995 1865 qui,
1020 1818 1191 1865 quamvis
1217 1815 1535 1854 modestissimum
1556 1829 1598 1854 se

159 1876 364 1921 simularet,
394 1879 517 1911 tamen
541 1875 652 1911 nullis
674 1875 814 1911 artibus
835 1877 1023 1922 parcebat,
1044 1879 1084 1910 ut
1098 1875 1239 1921 primus
1255 1874 1294 1910 in
1313 1875 1462 1911 civitate
1482 1874 1598 1919 fieret,

157 1943 382 1979 omnemque
403 1933 605 1980 potentiam
627 1931 677 1967 ad
699 1943 739 1968 se
765 1936 925 1978 raperet.
974 1932 1153 1969 Omnibus
1173 1935 1296 1975 autem
1315 1935 1465 1978 praeter
1485 1942 1599 1968 sena-

157 1995 233 2026 tum
259 1994 333 2026 tam
364 1991 495 2025 insano
525 1988 648 2025 studio
675 1989 750 2036 legi
773 1990 1004 2035 faventibus,
1036 1993 1094 2034 ut,
1119 1990 1179 2035 qui
1202 1989 1234 2024 ei
1263 1985 1458 2025 adversari
1487 1987 1602 2024 aude·

157 2051 249 2091 rent,
271 2047 308 2083 in
326 2046 511 2082 summum
528 2046 626 2083 vitae
642 2045 849 2092 periculum
870 2046 1102 2082 incurrerent
1117 2047 1172 2090 (v.
1184 2045 1291 2081 Dion.
1310 2044 1416 2082 Cass.
1432 2044 1607 2090 XXXVI,

157 2106 192 2142 7.
213 2114 252 2150 p.
274 2106 332 2141 90.
355 2108 390 2139 et
412 2115 446 2139 c.
468 2106 524 2141 13.
546 2114 583 2149 p.
606 2105 664 2141 94.
683 2103 841 2148 Reim.),
872 2114 963 2139 sane
981 2103 1095 2139 bonus
1115 2102 1182 2138 suit
1202 2101 1372 2147 Catulus,
1393 2098 1455 2149 qui
1475 2102 1513 2138 in
1535 2101 1599 2138 tali

158 2165 325 2206 tempore
348 2160 544 2207 intrepide,
575 2160 806 2207 currogatio
829 2159 1036 2197 reiicienda
1057 2162 1170 2203 esset,
1200 2158 1426 2195 ostenderet.
1468 2159 1596 2205 Neque

156 2216 440 2263 negligendum,
461 2216 571 2263 quod.
585 2216 784 2252 Sallustius
810 2216 899 2252 dicit
919 2226 963 2252 ea
983 2219 1201 2262 tempestate,
1229 2215 1367 2262 quippe
1389 2226 1461 2262 quo
1482 2215 1598 2262 signi-

156 2273 244 2310 ficet
265 2271 454 2318 Catulum,
486 2273 548 2319 qui
571 2283 666 2308 unus
687 2277 788 2309 esset
816 2283 863 2308 ex
891 2273 1022 2320 paucis
1043 2273 1254 2319 potentibus
1279 2268 1348 2308 sibi
1371 2270 1481 2310 valde
1498 2271 1599 2308 invi-

158 2330 224 2375 sis,
245 2329 339 2366 alias
362 2329 466 2365 haud
487 2339 578 2364 sane
606 2331 744 2365 bonum
766 2329 898 2366 fuisse.
1030 2354 1033 2356 -

270 2385 332 2423 Fr.
355 2390 412 2424 20.
454 2384 569 2431 [Cort.
588 2396 626 2431 p.
649 2387 730 2424 997.
773 2386 873 2422 Gerl.
896 2385 958 2421 ed.
980 2385 1068 2421 mai.
1099 2385 1144 2430 V,
1167 2389 1202 2423 8.
1233 2384 1295 2421 ed.
1325 2384 1414 2420 min.
1434 2383 1480 2429 V,
1501 2383 1534 2421 7.
1555 2394 1594 2430 p.

157 2445 238 2489 235,
261 2447 316 2481 10.
347 2443 457 2479 Debr.
478 2442 525 2488 V,
546 2443 621 2486 53.]
681 2442 793 2477 Arus.
822 2453 857 2478 v.
881 2442 1006 2486 evenit,
1037 2453 1074 2488 p.
1098 2445 1179 2480 228.
1202 2441 1369 2477 Lindem.
1419 2439 1468 2476 In
1486 2450 1595 2487 prae-

157 2500 399 2546 positionem,
434 2510 530 2546 quae
562 2499 599 2534 in
624 2499 785 2545 vulgatis
817 2497 904 2535 Sall.
926 2497 1028 2543 edd„
1051 2502 1208 2545 excepta
1230 2497 1478 2534 Gerlachiana
1499 2500 1595 2532 utra-

159 2567 244 2603 que,
268 2556 393 2600 deest,
421 2556 597 2593 Arusiani
623 2556 805 2602 praebent
833 2555 944 2591 codd.
974 2555 1146 2592 Ambros.
1177 2559 1213 2591 et
1241 2553 1355 2599 Gud.,
1383 2556 1594 2599 certamque

155 2617 321 2660 praestat
343 2614 479 2649 lemma
496 2613 653 2655 articuli.
692 2612 746 2648 De
767 2613 848 2648 eius
878 2613 915 2648 vi
938 2612 975 2647 in
995 2612 1203 2648 enunciatis
1225 2610 1497 2647 intransitivum
1512 2618 1595 2644 ver-

158 2671 245 2706 bum
269 2669 491 2706 habentibus
519 2681 557 2706 v.
588 2672 762 2706 annotata
791 2668 839 2704 ad
868 2667 973 2704 Catil.
1003 2680 1037 2704 c.
1058 2669 1113 2713 LI,
1135 2670 1196 2706 35.
1223 2679 1262 2715 p.
1286 2669 1369 2706 256.
1403 2664 1524 2702 Hand.
1547 2664 1593 2701 de

159 2726 314 2763 Particc.
339 2727 414 2762 Lat.
439 2726 523 2762 Vol.
548 2726 606 2763 111.
640 2737 676 2773 p.
696 2727 779 2764 269.
800 2728 833 2767 §.
854 2727 914 2763 34.
974 2725 1016 2762 Si
1039 2725 1127 2772 quid
1151 2724 1304 2761 humani
1328 2723 1502 2759 evenisset
1526 2732 1594 2768 per

160 2783 456 2831 euphemismum
486 2783 625 2821 dictum
644 2794 712 2831 pro
733 2783 767 2818 si
783 2783 981 2829 occidisset,
1005 2781 1105 2829 quod
1128 2781 1191 2818 alii
1214 2780 1414 2827 scriptores
1435 2778 1595 2815 eandem
