1774 3002
467 150 533 187 An
563 147 824 187 ERNESTUM
854 145 1285 186 WUESTEMANNUM.
1527 146 1629 181 xvn

126 274 243 314 bellis
266 274 353 314 sere
381 271 500 313 simul
530 271 799 321 flagrantibus
831 280 956 320 quum
986 279 1068 308 non
1100 268 1226 308 modo
1258 267 1368 306 vires
1401 265 1560 317 imperii
1588 265 1628 306 in

126 340 431 381 diversissimas
469 344 607 389 partes
637 338 979 383 distraherentur,
1014 336 1090 375 sed
1125 335 1245 375 etiam
1275 334 1477 374 aerarium
1504 333 1629 373 tantis

126 409 359 458 sumptibus
380 408 448 447 vix
481 407 617 457 aliqua
643 417 696 446 ex
723 410 841 456 parte
869 404 1100 452 sufficeret,
1133 403 1376 454 praesertim
1405 413 1531 453 quum
1559 413 1630 442 ve-

126 474 287 526 ctigalia
323 475 489 525 parcius
522 474 722 522 redirent,
758 473 798 513 in
826 473 927 513 urbe
959 483 1059 511 vero
1089 470 1182 522 ipsa
1208 470 1431 522 gliscerent
1462 474 1631 510 conten-

126 542 260 582 tiones
290 543 347 583 de
372 541 668 594 recuperandis
701 541 858 581 iuribus
890 551 915 580 a
955 540 1070 580 Sulla
1104 537 1215 590 plebi
1247 538 1423 590 ereptis,
1464 538 1628 586 nemini,

127 609 197 660 qui
230 609 334 650 haec
365 610 639 662 reputaverit,
678 609 845 650 dubium
880 619 976 649 esse
1011 611 1170 658 potest,
1208 606 1306 657 quin
1343 606 1410 647 illo
1442 610 1631 656 tempore

125 680 257 717 status
285 677 534 728 reipublicae
562 680 774 718 Romanae
799 678 921 716 valde
951 674 1132 716 afflictus
1160 674 1282 714 suerit
1313 685 1363 714 ac
1391 685 1525 726 prope
1564 674 1632 713 de-

125 749 329 794 speratus.
395 747 513 786 Nulla
546 747 669 797 igitur
706 757 843 786 rerum
876 745 1153 784 Romanarum
1178 753 1277 793 pars
1313 754 1440 793 quum
1466 741 1631 783 uberio-

125 800 213 851 rem
243 813 461 863 praeberet
495 814 704 854 materiem
740 811 1004 852 historiarum
1034 810 1213 859 auctori,
1241 822 1324 851 non
1354 810 1451 851 mihi
1489 810 1633 850 videor

126 891 151 919 a
174 890 276 921 vero
305 881 517 932 aberrare,
553 882 589 923 si
615 887 815 934 statuam,
854 880 960 919 hanc
998 879 1131 930 ipsam
1160 878 1357 919 habuisse
1392 878 1631 919 Sallustium

127 957 335 996 caussam,
366 959 440 989 cur
468 950 566 990 illud
584 948 846 1000 potissimum
874 952 1039 997 tempus
1069 946 1186 996 operi
1214 957 1292 986 suo
1318 946 1534 996 deligeret,
1562 957 1632 986 ne-

126 1026 207 1064 que
242 1015 442 1057 minorem
484 1029 578 1057 eum
613 1018 694 1058 hoc
733 1015 884 1056 iudicio
922 1014 1106 1055 historici
1145 1014 1300 1065 egregii
1337 1015 1501 1054 laudem
1547 1025 1630 1054 me-

123 1082 278 1132 ruisse,
318 1096 443 1134 quam
476 1084 626 1136 insigni
663 1088 771 1133 arte,
811 1094 893 1134 qua
929 1082 974 1122 in
1005 1082 1221 1122 tractando
1251 1088 1495 1133 argumento
1525 1094 1630 1123 usus

125 1156 204 1191 est.
261 1152 374 1192 Haec
403 1153 441 1193 si
464 1152 571 1202 Tibi,
601 1151 655 1191 mi
683 1152 1030 1199 Wuestemanne,
1070 1155 1118 1191 ut
1145 1161 1291 1201 spero,
1331 1151 1630 1202 probabuntur,

125 1230 208 1260 non
239 1232 348 1271 opus
377 1221 472 1270 erit,
501 1226 547 1262 ut
575 1220 711 1261 multis
741 1221 924 1260 refellam
950 1217 1152 1260 Gerlachii
1172 1217 1409 1268 opinionem
1437 1221 1533 1260 Vol.
1564 1221 1630 1260 111.

125 1300 167 1338 p.
198 1287 267 1328 48.
295 1289 572 1341 propositam,
601 1289 839 1330 Sallustium
868 1288 910 1328 id
938 1287 1114 1328 maxime
1145 1286 1361 1327 consilium
1390 1288 1431 1328 in
1462 1299 1630 1340 compo·

126 1356 273 1397 nendis
299 1356 500 1398 nistoriis
534 1363 722 1398 secutum
750 1369 868 1407 esse,
910 1362 956 1413 ut
987 1357 1190 1397 Sisennae
1227 1367 1334 1407 opus
1372 1356 1467 1396 belli
1500 1356 1629 1397 civilis

126 1424 383 1476 Sullanique,
434 1427 783 1475 quemadmodum
823 1426 1007 1467 Velleius
1043 1426 1095 1472 11,
1137 1423 1184 1472 9,
1212 1425 1253 1463 5.
1296 1425 1497 1475 loquitur,
1536 1425 1562 1465 i.
1590 1436 1628 1465 e.

126 1495 179 1533 de
212 1494 321 1534 bello
360 1493 504 1534 sociali
543 1499 668 1544 atque
705 1494 843 1534 Sullae
882 1493 1007 1541 civili,
1053 1492 1329 1543 continuaret,
1366 1505 1542 1545 eamque
1575 1493 1631 1534 ob

127 1572 319 1602 caussam
362 1562 414 1601 ab
451 1572 560 1601 anno
601 1560 688 1610 78„
732 1562 771 1601 in
816 1574 899 1612 quo
943 1561 1056 1602 illum
1108 1561 1314 1602 desivisse
1364 1563 1470 1612 vult,
1524 1574 1631 1613 opus

126 1641 247 1670 suum
283 1629 510 1670 inchoaret.
581 1631 693 1680 Quae
724 1630 863 1682 opinio
890 1642 1014 1681 quam
1047 1641 1156 1670 vana
1185 1630 1262 1680 sit,
1296 1630 1545 1681 quantisque
1574 1630 1630 1670 ni-

124 1701 235 1738 tatur
263 1690 493 1747 erroribus,
533 1710 710 1749 prorsus
742 1698 981 1738 incredibile
1012 1698 1123 1738 dictu
1162 1703 1240 1738 est.
1298 1699 1399 1738 Nam
1425 1698 1540 1748 quod
1567 1697 1632 1737 vir

126 1765 389 1806 acutissimffi
425 1767 451 1806 l.
488 1768 515 1806 l.
549 1767 647 1807 dicit
678 1766 776 1808 nulli
800 1767 997 1808 historico
1024 1767 1261 1807 Sallustium
1294 1767 1388 1818 plus
1422 1777 1546 1817 quam
1570 1765 1631 1806 Si-

125 1844 282 1874 sennae
309 1834 516 1885 tribuisse,
547 1835 701 1887 quippe
731 1846 853 1886 quem
881 1835 922 1874 in
951 1836 1039 1885 lug.
1062 1846 1098 1874 c.
1114 1835 1235 1884 XCV,
1252 1834 1293 1875 2.
1310 1835 1464 1881 referat
1478 1839 1634 1884 optume

126 1906 166 1941 et
193 1903 499 1953 diliyemaezesume
523 1907 695 1944 omnium
713 1903 852 1943 Sullae
874 1915 940 1943 res
962 1910 1212 1953 persecutum
1237 1916 1339 1952 esse,
1366 1903 1435 1941 vel
1463 1912 1548 1941 non
1574 1899 1632 1939 vi—

128 1968 188 2008 dit
214 1975 426 2010 auctorem
456 1967 668 2011 addidisse
701 1973 813 2011 illum
834 1983 986 2021 parum
1012 1973 1089 2011 sibi
1114 1973 1237 2011 libero
1265 1983 1335 2011 ore
1361 1973 1533 2010 locutum
1563 1971 1630 2008 vi·-

127 2037 238 2085 deri,
269 2038 339 2076 vel
372 2049 456 2077 non
494 2038 693 2078 intellexit
729 2037 951 2077 maximum
988 2038 1361 2089 gravissimumque
1397 2036 1462 2077 his
1490 2035 1631 2076 verbis

129 2103 332 2144 contineri
364 2104 625 2156 vituperium.
691 2107 758 2145 An
794 2104 1010 2155 probabile
1047 2111 1113 2147 est
1147 2106 1405 2154 Sallustium,
1445 2104 1631 2145 veritatis

129 2171 496 2221 studiosissimum,
537 2172 607 2223 qui
644 2183 691 2213 se
722 2172 990 2222 profiteretur
1022 2186 1143 2224 quam
1178 2177 1389 2215 verissume
1421 2178 1553 2223 posset
1578 2172 1632 2212 de

130 2239 323 2279 Catilinae
355 2239 636 2281 coniuratione
662 2240 947 2280 absoluturum
985 2244 1040 2288 (c.
1072 2243 1141 2290 IV,
1169 2241 1247 2291 3.),
1282 2241 1435 2292 quique
1467 2240 1509 2280 in
1535 2239 1630 2290 ipso

127 2305 400 2348 Historiarum
433 2307 647 2360 prooemio
688 2308 772 2357 (Fr.
803 2309 842 2357 1,
877 2308 936 2357 6.)
981 2313 1203 2350 testaretur
1235 2321 1314 2350 non
1346 2321 1389 2349 se
1432 2309 1633 2348 divor-sam

125 2381 283 2426 partem
318 2378 361 2415 in
394 2377 572 2417 civm‘bus
607 2379 732 2417 armis
770 2379 931 2417 movisse
965 2388 991 2415 α
1026 2389 1135 2426 vero,
1172 2377 1390 2424 Sisennae,
1431 2373 1632 2416 nobilitati

131 2446 256 2493 atque
289 2443 427 2483 Sullae
464 2443 521 2483 ita
545 2443 750 2498 obnoxio,
781 2449 827 2484 ut
868 2455 1011 2485 eorum
1040 2445 1236 2495 pestifera
1273 2442 1425 2484 civitati
1459 2441 1633 2483 consilia

132 2521 216 2550 non
245 2511 487 2561 castigaret,
518 2509 723 2561 flagitiosa
753 2513 861 2552 facta
890 2511 970 2551 leni
1007 2512 1194 2553 oratione
1231 2513 1464 2562 obtegeret,
1501 2509 1632 2549 bono-

130 2588 222 2617 rum
253 2579 457 2618 adversae
487 2579 615 2630 partis
643 2576 808 2630 egregia
841 2580 980 2620 sileret
1006 2584 1064 2627 (v.
1092 2581 1145 2619 ad
1169 2580 1233 2618 Fr.
1266 2581 1302 2628 l,
1335 2579 1445 2631 57.),
1476 2582 1632 2618 tantum

133 2643 343 2693 tribuisse,
373 2650 420 2686 ut
446 2647 535 2687 eius
568 2647 789 2688 Historiam
816 2647 911 2686 belli
940 2647 1106 2688 socialis
1137 2658 1186 2686 ac
1215 2645 1371 2687 Sullani
1401 2645 1551 2693 civilis,
1588 2644 1631 2683 il-

132 2712 213 2751 lam
237 2713 402 2762 quidem
431 2726 576 2765 parum
605 2712 734 2755 lihero
766 2726 840 2755 ore
865 2715 1080 2765 scriptam,
1118 2714 1357 2755 continuare
1381 2714 1422 2753 in
1451 2713 1631 2754 animum

134 2778 372 2821 induceret?
430 2782 534 2831 Quin
570 2782 692 2823 valde
729 2783 767 2824 ei
795 2785 1077 2836 displicuisse,
1116 2794 1222 2832 quae
1252 2783 1447 2829 Sisenna,
1492 2780 1632 2820 Sullae

189 2862 355 2888 smusn
384 2864 521 2889 rnAca.
1332 2851 1359 2889 b
