1774 3002
130 128 212 172 114
633 134 674 172 C.
705 134 935 175 SALLUSTI
966 136 1117 175 CRISPI

265 262 333 305 91.
392 256 578 305 Obviam
614 259 677 306 ire
714 263 757 306 et
798 261 1006 308 commori
1042 261 1257 309 hostibus.
1383 313 1385 315 ¹

264 345 333 388 92.
387 341 444 388 Ut
473 343 517 388 in
555 359 631 389 ore
662 344 870 405 gentibus
893 360 1056 406 agenS,
1085 346 1276 405 populo,
1307 345 1482 392 civitati.

264 429 333 471 93.
386 425 588 472 Prudens
615 426 825 484 omnium,
853 443 966 490 quae
990 432 1170 474 senatus
1197 432 1441 475 censuerat.

127 527 345 578 Augustus,
373 533 514 573 retento
536 533 665 567 vetere
695 530 861 566 muneris
891 530 1061 577 nomine,
1090 533 1365 583 praefecturam
1386 532 1487 568 urbis
1509 543 1574 568 no-

127 595 215 620 vam
237 586 349 632 plane
380 597 537 633 eamque
567 586 795 623 ordinariam
823 598 865 622 ac
894 588 1106 624 continuam
1127 594 1350 636 potestatem
1372 589 1572 634 constituit,

128 653 313 678 summum
351 643 497 690 imperii
539 653 672 679 recens
713 643 810 691 parti
847 644 1019 680 columen
1055 645 1362 693 praesidiumque
1399 645 1436 681 in
1474 656 1573 684 novo

127 709 281 734 munere
303 703 339 735 et
359 709 544 746 quaerens
578 703 614 734 et
642 704 891 751 consecutus,
922 700 1022 748 quod
1052 701 1138 738 inde
1166 713 1235 750 per
1263 702 1389 738 omnia
1423 702 1573 737 saecula

129 755 274 803 imperii
304 755 448 792 romani
469 755 702 804 perduravit.
749 777 793 781 —
834 755 956 794 Feriis
987 758 1109 794 latinis
1129 769 1241 805 quum
1262 769 1393 794 omnes
1422 758 1573 794 omnino

128 812 367 859 magistratus
399 813 437 848 In
460 812 648 849 Albanum
669 816 832 849 montem
861 812 1187 860 proficiscerentur
1220 825 1413 851 sacrorum
1438 814 1574 850 facien-

129 867 261 905 dorum
283 880 433 914 caussa,
457 880 503 906 ne
523 870 612 906 urbs
641 881 709 917 per
731 869 893 906 triduum
924 871 984 907 vel
1008 871 1244 918 quatriduum
1273 874 1344 917 (tot
1372 871 1470 907 enim
1493 870 1573 907 dies

129 926 263 962 festum
297 926 572 971 celebrabatur)
607 937 764 974 prorsus
795 927 875 962 sine
900 927 1179 974 magistratibus
1202 932 1323 972 esset,
1355 926 1574 975 praefectus

126 982 230 1031 urbis
261 981 446 1030 feriarum
474 983 674 1019 latinarum
707 984 923 1028 creabatur,
973 984 1056 1030 qui,
1109 985 1140 1020 si
1168 984 1258 1031 quid
1292 984 1574 1031 magistratuum

129 1032 283 1087 operam
321 1044 518 1087 posceret,
556 1040 740 1076 vicarium
772 1039 937 1076 officium
962 1044 1191 1089 praestaret,
1231 1051 1456 1088 quamquam
1487 1051 1574 1077 con-

129 1099 419 1143 sentaneumest
438 1097 616 1143 graviora
634 1096 708 1132 illis
731 1096 862 1132 diebus
888 1097 1038 1143 negotia
1057 1108 1249 1144 perpauca
1267 1098 1383 1134 luisse
1406 1100 1572 1133 tractata.

128 1153 258 1200 Neque
280 1153 374 1190 viris
391 1156 511 1190 aetate
533 1157 596 1189 aut
611 1154 828 1190 auctoritate
853 1154 1033 1200 gravibus
1056 1153 1094 1190 id
1115 1165 1250 1190 munus
1264 1152 1574 1200 demandabatur‚

129 1209 199 1247 sed
219 1210 448 1258 iunioribus,
477 1210 539 1257 qui
567 1211 786 1257 plerumque
814 1209 999 1245 honorum
1019 1211 1244 1248 curriculum
1267 1211 1313 1246 ab
1334 1221 1378 1246 eo
1403 1210 1574 1256 auspica-

127 1267 261 1303 bantur
272 1277 282 1312 ;
307 1267 356 1303 cs.
377 1266 470 1303 Gell.
491 1266 591 1311 XIV,
614 1269 650 1305 8.
709 1265 947 1313 Praefectum
966 1266 1051 1303 urbi
1064 1267 1261 1304 latinarum
1276 1276 1391 1304 causa
1407 1267 1573 1303 relictum

126 1328 293 1362 senatum
322 1323 459 1361 habere
489 1322 621 1360 Iunius
648 1327 774 1373 πεῖραί,
800 1324 970 1370 quoniam
996 1317 1042 1359 ne
1069 1327 1219 1360 senator
1249 1323 1391 1371 quidem
1419 1324 1485 1369 sil,
1512 1332 1575 1358 ne-

128 1393 197 1430 que
225 1384 283 1418 ius
309 1381 444 1417 habeat
470 1381 668 1428 sententiae
692 1379 887 1426 dicendae,
925 1392 1056 1428 quum
1082 1390 1142 1418 ecc
1168 1390 1220 1416 ea
1244 1383 1404 1417 aetate
1426 1389 1575 1426 prae-

126 1437 420 1487 fectusfiat,
448 1446 564 1485 quae
590 1447 681 1473 non
708 1438 769 1473 sit
799 1438 1058 1473 senatoria.
1101 1436 1249 1475 Strabo.
1270 1437 1318 1474 V.
1347 1447 1387 1483 p.
1417 1439 1501 1474 350.
1533 1434 1573 1472 C.

128 1497 265 1532 Almel.
297 1496 507 1531 Mommsen
537 1494 670 1529 Inscrr.
699 1494 815 1540 Neap.
849 1504 885 1528 n.
915 1496 1018 1532 5491.
1060 1492 1113 1529 De
1142 1494 1376 1541 praefectura
1405 1493 1508 1529 urbis
1534 1503 1573 1529 v.

128 1552 244 1589 Tacit.
277 1552 375 1588 Ann.
404 1552 475 1596 VI,
511 1554 590 1595 ll.;
621 1550 779 1586 eandem
812 1561 890 1586 rem
930 1550 1040 1586 docta
1071 1550 1382 1589 commentatione
1417 1550 1574 1586 illustra-

132 1610 184 1647 vit
212 1608 294 1645 Car.
326 1608 532 1651 Frankius,
568 1607 693 1643 Berol.
733 1610 834 1645 1850.
874 1610 908 1645 4.
950 1611 986 1642 et
1026 1607 1130 1644 Gust.
1168 1607 1352 1646 Linkerus
1392 1606 1430 1642 in
1467 1605 1572 1642 Actis

129 1665 250 1705 Acad.
284 1664 424 1702 Scient.
451 1663 667 1700 Vindobon.
698 1676 733 1699 a.
763 1666 866 1702 1853.
898 1663 984 1698 Vol.
1019 1662 1066 1699 X.
1100 1675 1139 1711 p.
1175 1664 1196 1700 7
1231 1674 1314 1710 sqq.
1347 1682 1402 1689 —-
1429 1662 1487 1698 Ex
1515 1662 1572 1708 iis,

130 1733 225 1771 quae
275 1721 387 1758 modo
432 1720 724 1767 disputavimus,
764 1723 864 1766 patet
910 1718 1012 1766 apud
1060 1718 1151 1756 Sall.
1191 1718 1427 1767 praefectum
1472 1717 1574 1755 urbis

131 1790 218 1818 esse
243 1778 430 1826 feriarum
453 1778 666 1813 latinarum.
727 1776 797 1821 Qui
819 1787 932 1822 quum
952 1777 1141 1822 legeretur
1162 1786 1184 1811 a
1204 1775 1434 1819 consulibus,
1457 1775 1571 1812 verba

129 1837 360 1883 utrimque
401 1833 685 1870 contendebatur
733 1831 944 1880 significant
982 1832 1077 1868 inter
1125 1836 1322 1879 utrumque
1378 1832 1571 1868 consulem

130 1903 306 1941 magnam
329 1891 602 1928 contentionem
634 1882 751 1926 fuisse
780 1890 825 1926 de
851 1887 1047 1936 praefecto
1071 1888 1240 1935 leyendo,
1277 1891 1434 1934 utroque
1458 1888 1571 1930 alium

131 1951 294 1994 fovente,
315 1959 360 1985 ac
380 1951 510 1984 neutro
535 1946 583 1984 ad
605 1946 815 1984 cedendum
838 1949 981 1993 parato.
1043 1944 1227 1989 Quoniam
1248 1948 1371 1981 autem
1396 1955 1442 1981 ea
1464 1955 1571 1991 prae-

131 2008 273 2043 sectura
311 2015 517 2052 paucorum
558 2007 700 2041 tantum
739 2003 885 2039 dierum
926 2005 1005 2037 erat
1040 2001 1196 2048 eiusque
1226 2001 1353 2037 munia
1390 2011 1571 2048 perquam

131 2063 282 2110 exigua,
311 2060 509 2099 Sallustius
532 2060 582 2098 ad
602 2059 799 2099 ridendam
820 2062 943 2096 tantae
975 2058 1222 2095 contentionis
1244 2057 1291 2093 de
1311 2068 1351 2093 re
1372 2068 1490 2104 parva
1510 2057 1571 2095 vel

129 2119 372 2168 pertinaciam
392 2119 455 2153 vel
481 2118 686 2154 vanitatem
715 2116 821 2153 addit
847 2116 956 2163 quasi
973 2123 1189 2162 possessore
1215 2113 1454 2161 reipublicae,
1485 2113 1508 2149 i.
1538 2124 1570 2151 e.

131 2177 239 2224 quasi
263 2175 309 2219 is,
328 2174 390 2221 qui
415 2174 608 2217 obtineret,
627 2183 829 2220 possessor
860 2176 961 2208 esset
978 2171 1217 2217 reipublicae.
1276 2169 1396 2215 Quum
1418 2173 1573 2206 tantum-

128 2232 243 2272 modo
266 2231 313 2267 de
334 2229 550 2267 consulibus
572 2231 657 2265 anni
682 2231 740 2268 78.
753 2230 814 2266 vel
834 2227 1062 2274 77.cogitari
1080 2227 1212 2273 possit,
1234 2237 1309 2262 non
1329 2226 1479 2270 dubium
1502 2229 1570 2270 est,

131 2290 220 2337 quin
241 2287 392 2326 Catulus
414 2290 451 2322 et
473 2285 651 2332 Lepidus,
673 2286 745 2322 sibi
765 2283 1019 2328 infensissimi,
1041 2283 1272 2331 intelligendi
1297 2283 1381 2320 sint.
1439 2278 1569 2319 Feriae

131 2346 267 2384 latinae
291 2348 414 2381 autem
437 2353 550 2390 quum
570 2343 789 2388 plerumque
807 2341 929 2377 statim
949 2343 1036 2387 post
1064 2339 1195 2376 initum
1215 2351 1237 2376 a
1256 2339 1472 2378 consulibus
1495 2349 1571 2375 ma-

131 2404 325 2451 gistratum
358 2400 652 2443 celebrarentur,
683 2394 746 2434 illa
779 2397 966 2434 contentio
996 2395 1126 2432 Incidit
1155 2397 1192 2432 in
1222 2396 1365 2433 initium
1394 2394 1479 2432 anni
1511 2395 1568 2433 78.

131 2470 167 2496 a.
193 2458 278 2496 Chr.
308 2469 345 2493 n.
404 2456 528 2502 Quare
565 2455 786 2502 Fragmento
826 2454 931 2490 locus
969 2452 1222 2500 assignandus
1260 2456 1317 2491 est
1355 2452 1392 2487 in
1431 2462 1464 2486 e.
1505 2450 1567 2486 IV.

130 2520 217 2553 ante
245 2515 307 2552 Fr.
326 2517 387 2552 45.

244 2571 304 2608 Fr.
330 2574 390 2610 91.
435 2567 550 2618 [Cort.
573 2580 611 2616 p.
631 2571 713 2608 953.
755 2567 853 2603 Gerl.
874 2565 934 2602 ed.
953 2566 1042 2602 mai.
1069 2565 1098 2613 Ι,
1126 2567 1186 2605 22.
1216 2564 1277 2600 ed.
1299 2564 1387 2602 min.
1410 2563 1486 2599 Inc.
1508 2563 1567 2600 80.

131 2639 170 2676 p.
190 2630 274 2675 239,
291 2630 349 2666 25.
372 2626 482 2662 Debr.
502 2625 565 2671 IV,
585 2625 663 2669 83.]
691 2623 818 2660 Verba
837 2634 885 2658 ex
904 2623 1028 2670 primo
1047 2621 1176 2658 laudat
1192 2621 1304 2658 Arus.
1326 2630 1363 2658 v.
1384 2619 1569 2663 commori,

131 2696 171 2731 p.
196 2687 276 2723 220.
315 2682 377 2719 ed.
399 2682 529 2727 Lind.;
561 2691 674 2728 quare
699 2680 799 2716 nulla
821 2690 959 2716 caussa
987 2678 1230 2726 perspicitur,
1260 2687 1325 2712 cur
1348 2673 1568 2712 Gerlaehius

133 2741 172 2777 in
198 2740 259 2776 ed.
287 2740 377 2775 min.
409 2738 457 2774 ad
489 2736 640 2774 Incerta
667 2737 861 2774 remiserit.
921 2736 1005 2773 Non
1035 2734 1156 2781 magis
1186 2731 1409 2770 Debrossius
1438 2740 1569 2767 verum
