1774 3002
493 158 559 195 Al)
586 152 847 194 RRNESTUM
875 147 1307 188 WUESTEMANNUM.
1589 148 1655 181 xv

153 292 191 322 a.
218 281 313 322 chr.
341 292 404 329 n.‚
440 279 585 320 editas.
652 276 729 317 Rei
756 286 832 326 per
861 285 908 314 se
934 284 1019 313 non
1049 269 1273 311 admodum
1298 266 1480 306 incertae
1509 265 1653 305 Linke-

152 359 225 391 r'us
255 351 309 389 de
332 349 507 390 Historr.
562 344 781 388 Prooemio
818 355 858 393 p.
888 341 957 381 82.
996 339 1097 380 satis
1129 335 1334 387 sagaciter
1367 338 1654 384 argumentum

154 418 277 458 etiam
304 418 384 458 hoc
410 428 506 457 esse
530 414 785 465 suspicatur,
815 411 929 461 quod
945 406 1164 449 Sallustius
1189 405 1246 444 M.
1265 402 1490 443 Antonium
1516 401 1639 442 trium

154 485 231 526 viri
267 489 425 535 patrem
461 485 584 525 valde
627 478 902 532 ignominiose
938 475 1098 517 notavit
1133 473 1216 522 (Fr.
1251 473 1325 520 ΠΙ,
1364 471 1464 521 65.).
1535 471 1654 521 Quod

156 564 285 606 quum
314 552 496 593 Antonio
529 549 743 591 triumviro
784 548 825 587 in
860 546 963 587 urbe
1003 552 1205 584 summam
1234 540 1318 579 vim
1347 539 1560 580 obtinente
1583 540 1656 579 vix

154 621 322 672 irnpune
345 619 437 660 fleri
463 618 689 670 potuisset,
718 617 841 655 valde
870 613 1084 666 probabile
1111 614 1178 651 est
1204 609 1441 649 Sallustium
1480 609 1584 649 haec
1615 612 1657 648 et

153 689 251 729 talia
284 687 525 739 scripsisse,
573 696 699 736 quum
734 684 800 724 ille
828 684 916 739 'iam
952 693 999 723 se
1035 681 1092 720 ita
1124 679 1165 718 in
1202 677 1367 718 Oriente
1395 682 1579 728 gereret,
1612 682 1659 716 ut

154 758 328 797 Romam
364 767 449 796 non
487 754 695 795 rediturus
734 752 952 792 videretur.
1027 750 1118 789 Non
1150 746 1248 786 abiit
1283 751 1421 786 autem
1457 756 1511 785 ex
1545 745 1657 784 ltalia
1704 740 1707 741 ⁷

157 829 253 865 ante
281 836 435 865 annum
461 823 528 863 39.
560 835 598 862 a.
628 822 718 862 Chr.
748 834 809 869 n.;
846 830 975 870 quare
1013 817 1078 857 vel
1115 816 1195 856 hoc
1234 816 1300 854 vel
1331 813 1522 864 proximo
1548 824 1657 853 anno

157 892 376 932 Sallustius
406 902 512 942 opus
543 889 836 940 composuerit.
883 888 943 927 De
970 898 1052 937 quo
1079 883 1286 925 scribendi
1314 888 1502 933 tempore
1531 893 1657 933 quum

157 960 233 1000 vix
257 959 433 1000 dubitari
459 958 614 1008 possit,
644 969 701 998 exv
726 968 777 997 eo
807 959 922 1006 patet
943 954 1085 1001 etiam,
1121 953 1269 992 falsum
1300 961 1419 999 esse,
1451 949 1565 1000 quod
1590 960 1659 989 ne-

157 1027 246 1068 scio
283 1038 367 1078 quo
405 1031 577 1067 auctore
616 1027 823 1075 vulgatum
854 1021 979 1061 etiam
1008 1031 1033 1060 a
1060 1021 1235 1060 Baehrio
1265 1019 1306 1059 in
1333 1018 1489 1058 Histor.
1520 1018 1658 1058 Litter.

156 1095 276 1136 Rom.
304 1095 399 1136 Vol.
428 1096 477 1135 11.
504 1106 545 1145 p.
574 1095 644 1134 70.
673 1094 759 1142 (ed.
778 1092 863 1140 ΠΙ.)
887 1090 1106 1140 repetitum
1135 1093 1215 1142 est,
1242 1088 1427 1135 Lucullo,
1455 1086 1559 1136 eius,
1590 1086 1660 1137 qui
1739 1108 1743 1110 v

157 1162 429 1203 Mithridatem
456 1163 573 1211 vicit,
612 1162 716 1212 filio,
757 1161 970 1201 dedicatas
986 1159 1128 1199 'ruisse
1156 1168 1182 1196 a
1217 1155 1414 1197 Sallustio
1441 1155 1659 1196 Historias.

156 1231 280 1271 Periit
305 1231 414 1271 enim
436 1231 503 1270 ille
525 1230 701 1271 testibus
728 1229 887 1270 Velleio
916 1230 964 1277 ll,
991 1228 1058 1276 71,
1088 1225 1127 1266 2.
1159 1231 1202 1266 et
1222 1226 1362 1265 Valer.
1391 1224 1501 1264 Max.
1526 1224 1595 1272 Ν,
1620 1225 1660 1272 7,

158 1301 199 1339 4.
254 1298 507 1351 Philippensi
543 1298 723 1349 proelio,
759 1309 869 1338 anno
902 1297 971 1336 42.
1009 1309 1045 1336 a.
1080 1295 1171 1335 Chr.
1207 1306 1248 1334 n.
1286 1291 1533 1340 commisso,
1577 1302 1660 1341 quo

159 1367 379 1409 Sallustius
404 1369 458 1407 de
491 1366 683 1407 Historiis
713 1366 942 1406 scribendis
970 1365 1154 1404 nondum
1183 1361 1391 1412 cogitavit.

272 1436 427 1488 Quibus
460 1436 621 1477 caussis
651 1440 796 1475 auctor
826 1435 880 1474 ad
903 1432 1107 1473 Historias
1139 1430 1454 1481 componendas
1482 1427 1661 1469 animum

160 1505 382 1556 appulerit,
412 1505 448 1545 si
477 1509 716 1555 quaeratur,
746 1502 1085 1552 respondendum
1106 1505 1191 1549 est,
1220 1511 1305 1540 non
1331 1498 1433 1538 alias
1451 1497 1663 1547 habuisse,

162 1584 285 1624 quam
324 1573 474 1624 quibus
511 1578 742 1613 commotus
779 1569 871 1618 ruit,
909 1574 955 1609 ut
986 1569 1195 1609 Catilinam
1224 1573 1266 1608 et
1293 1568 1529 1618 Iugurtham
1567 1566 1662 1606 ede-

160 1646 236 1681 ret.
294 1642 396 1681 Nam
433 1652 559 1692 quum
595 1651 755 1682 summo
792 1637 986 1688 flagraret
1014 1637 1213 1678 libertatis
1242 1648 1385 1677 amore
1420 1646 1470 1675 ac
1495 1646 1574 1686 per
1598 1639 1661 1674 to-

159 1714 244 1749 tam
267 1709 413 1758 vitam,
444 1720 497 1749 ex
526 1721 610 1760 quo
635 1710 690 1749 ad
713 1707 1007 1758 rempublicam
1036 1706 1236 1755 accessit,
1273 1704 1470 1746 nobilium
1498 1703 1665 1744 factioni

160 1777 388 1828 paucisque
418 1777 654 1828 potentibus
686 1778 995 1824 adversaretur,
1038 1786 1088 1814 ac
1118 1775 1251 1825 plebis
1289 1783 1501 1821 caussam,
1540 1782 1664 1822 quam

161 1846 213 1884 ab
239 1844 319 1885 illis
341 1848 594 1895 *oppressam
622 1857 747 1897 aegre
776 1845 951 1893 ferebat,
979 1845 1189 1884 meliorem
1218 1844 1408 1892 haberet,
1438 1847 1663 1893 postquam

163 1914 341 1953 Caesare
366 1913 580 1955 interfecto
607 1915 745 1955 omnia
776 1913 939 1952 misceri
970 1912 1212 1963 imperiique
1240 1912 1431 1962 cupidine
1459 1911 1500 1949 in
1527 1910 1665 1950 inson-

162 1985 228 2020 tes
258 1981 372 2021 cives
405 1982 554 2021 saeviri
581 1987 775 2032 coeptum
809 1986 894 2028 est,
935 1985 1092 2020 tantum
1121 1993 1214 2020 eum
1242 1981 1455 2020 turbarum
1486 1978 1664 2019 civilium

164 2047 343 2087 taedium
377 2049 505 2098 cepit,
541 2055 588 2090 ut
616 2050 810 2090 relicuam
837 2053 1013 2088 aetatem
1046 2051 1193 2099 procul
1221 2060 1247 2088 a
1273 2048 1486 2100 republica
1513 2047 1665 2087 haben-

165 2115 259 2154 dam
285 2116 528 2156 decerneret
557 2122 599 2158 et
635 2118 689 2158 ad
726 2117 854 2158 otium
887 2117 1108 2157 litteratum
1137 2129 1185 2157 se
1207 2118 1436 2165 conferret3
1473 2117 1525 2156 cf.
1552 2115 1665 2156 Catil.

166 2193 203 2222 c.
233 2183 303 2222 lv.
343 2188 431 2234 lug.
462 2195 497 2223 c.
530 2185 595 2224 ΙΙΙ.
627 2190 669 2225 et
694 2185 764 2226 IV.
832 2187 901 2226 Ad
931 2197 999 2226 res
1036 2185 1279 2226 scribendas
1306 2184 1431 2235 igitur
1459 2196 1587 2236 quum
1619 2195 1666 2224 se

165 2250 377 2305 dedisset,
399 2257 622 2302 postquam
648 2253 690 2293 in
721 2254 880 2296 minore
905 2258 1168 2305 argumento,
1209 2254 1324 2304 quod
1356 2252 1553 2304 singulari
1580 2257 1666 2292 tan-

164 2323 252 2359 tum
278 2320 367 2359 sive
396 2320 597 2369 facinore,
625 2321 717 2362 sive
748 2323 856 2380 bello
887 2327 1116 2371 constaret,
1148 2321 1398 2370 elaboravit,
1429 2321 1483 2360 ad
1510 2320 1669 2360 maiora

164 2395 417 2438 progressus
437 2394 522 2437 est,
549 2389 765 2432 universas
792 2393 937 2443 populi
954 2391 1130 2433 Romani
1152 2403 1222 2431 res
1248 2402 1326 2441 per
1347 2389 1569 2429 duodecim
1598 2400 1667 2428 an·

165 2466 246 2496 nos
279 2455 501 2505 (78—67)
536 2457 631 2497 belli
668 2459 862 2511 domique
896 2466 1038 2510 gestas
1069 2464 1264 2499 accurata
1300 2457 1536 2498 narratione
1576 2468 1667 2508 per·

166 2528 349 2564 secutus.
408 2526 489 2565 Cur
520 2530 657 2565 autem
693 2527 771 2567 hos
809 2527 1072 2578 potissimum
1114 2536 1246 2566 annos
1281 2526 1549 2566 illustrandos
1589 2524 1668 2565 sibi

167 2592 389 2642 sumpserit
404 2623 414 2640 ‚
441 2603 525 2633 non
552 2598 618 2633 est
636 2594 798 2635 difficile
826 2596 881 2634 ad
905 2595 1144 2635 videndum.
1202 2595 1320 2634 Nullo
1351 2593 1459 2633 enim
1487 2605 1671 2643 unquam

166 2662 356 2708 tempore
388 2667 488 2710 post
522 2661 842 2711 magnitudinem
871 2663 1050 2704 nominis
1075 2662 1251 2702 Romani
1280 2661 1516 2711 respublica
1545 2660 1669 2700 maio·

166 2725 278 2766 ribus
308 2727 545 2769 domesticis
574 2725 699 2780 atque
725 2731 908 2771 externis
945 2730 1148 2771 laboravit
1183 2729 1376 2779 perieulis
1390 2760 1400 2778 ,
1439 2733 1499 2768 tot
1527 2728 1669 2768 tantis-

170 2803 252 2842 que
274 2794 458 2845 undique
488 2795 609 2836 simul
639 2797 828 2840 hostibus
855 2798 1144 2850 ingruentibus
1157 2829 1167 2846 ,
1204 2802 1251 2837 ut
1279 2797 1494 2847 imperium
1523 2797 1673 2836 Roma-
