1774 3002
149 165 232 209 276
636 171 674 209 C.
708 172 938 210 SALLUSTI
967 173 1118 211 CRISPI

150 310 280 356 quam
308 310 461 341 omnes
488 295 558 341 alii
598 297 730 342 creati
762 313 842 357 pro
881 298 974 343 iure
1006 300 1160 344 vostro
1193 298 1280 343 vim
1318 300 1534 344 cunctam<
1557 302 1601 344 et

148 379 330 439 imperia
360 394 441 424 sua
467 380 610 440 gratia
636 382 712 425 aut
745 395 824 440 spe
861 383 937 426 aut
971 382 1177 442 praemiis
1205 382 1248 427 in
1273 397 1358 428 vos
1399 397 1597 428 convor-

147 465 262 519 tere,
306 463 550 524 meliusque
590 464 750 509 habent
786 465 985 510 mercede
1023 466 1276 527 delinquere
1314 479 1443 526 quam
1486 480 1598 526 gra-

148 546 204 592 tis
243 550 360 592 recte
398 547 555 592 facere.
630 548 780 609 Itaque
810 563 962 594 omnes
999 564 1261 596 concessere
1294 548 1379 593 iam
1411 549 1455 593 in
1482 563 1638 608 pau-6

149 645 301 676 corum
339 630 698 686 dominationem,
736 632 809 693 qui
845 647 925 692 per
945 633 1143 679 militare
1180 648 1338 679 nomen
1366 633 1596 689 aerarium,

151 714 396 771 exercitus,
438 729 600 776 regna,
638 715 890 775 provincias
928 731 1225 778 occupavere,
1261 720 1304 762 et
1332 732 1477 763 arcem
1512 717 1598 762 ha-

150 797 253 843 bent
297 813 355 843 ex
401 798 556 858 spoliis
600 800 788 857 vostriS,
836 816 971 862 quum
1012 800 1182 855 interim
1222 815 1344 847 more
1390 814 1596 862 pecorum

150 962 228 997 sine
247 960 434 1006 mercede,
454 962 533 996 sine
557 963 742 998 commodo
756 991 764 1007 ‚
788 973 860 1009 quo
884 973 1000 998 sensu
1017 961 1121 998 Catil.
1139 973 1171 998 c.
1191 962 1290 1007 XVI,
1311 966 1347 1001 3.
1370 962 1599 1009 yraeuitote-

152 1018 270 1065 gitur,
296 1017 358 1053 ubi
381 1028 417 1053 v.
441 1022 565 1053 annot.

268 1077 303 1116 S.
324 1075 360 1111 6.
381 1084 596 1110 concessere
615 1076 653 1110 in
668 1094 724 1100 --
742 1075 1037 1120 dominationem)
1057 1074 1111 1110 De
1133 1075 1204 1112 hac
1226 1076 1388 1111 dictione
1412 1085 1447 1110 v.
1469 1074 1519 1110 ad
1539 1074 1596 1111 Fr.

152 1132 187 1177 I,
213 1135 266 1169 11.
289 1150 343 1155 ——
365 1129 441 1166 Per
460 1132 616 1167 militare
642 1142 773 1167 nomen
793 1143 866 1167 non
894 1131 1097 1179 significat,
1120 1136 1158 1168 ut
1183 1132 1362 1168 Wassius
1387 1131 1485 1175 vult,
1513 1133 1598 1178 quia

153 1189 376 1224 dicuntur
396 1189 639 1234 imperatores
650 1203 662 1229 ‚-
687 1188 757 1224 sed
782 1200 894 1236 quum
917 1198 1047 1224 nomen
1064 1199 1189 1235 saepe
1210 1190 1267 1224 rei
1286 1190 1360 1236 ipsi
1385 1187 1598 1234 oppositum

151 1246 287 1292 speciei
306 1244 382 1280 vim
402 1244 574 1291 accipiat,
597 1256 734 1281 sensus
755 1247 956 1282 verborum
977 1250 1035 1282 est
1054 1246 1216 1281 militiam
1236 1246 1318 1282 sive
1339 1245 1467 1281 bellum
1478 1254 1592 1291 prae-

153 1302 355 1346 tendentes,
386 1302 468 1346 vel,
506 1306 543 1337 ut
579 1301 723 1338 Cortius
764 1314 838 1338 non
871 1303 969 1338 male
1003 1303 1282 1348 interpretatur,
1313 1312 1354 1338 eo
1385 1304 1600 1348 praetextu,

153 1359 251 1406 quod
270 1358 399 1393 bellum
422 1362 577 1405 qeratur
594 1363 735 1395 «contra
756 1359 877 1395 hostes
903 1359 1137 1406 reipublicae.
1179 1358 1348 1395 Eandem
1377 1357 1598 1394 sententiam

154 1415 375 1459 Sallustius,
398 1415 468 1450 sed
489 1419 527 1451 ut
550 1427 688 1460 suam,
706 1416 859 1463 protulit
886 1416 965 1463 Iug.
994 1427 1026 1451 c.
1057 1415 1159 1460 XLI,
1188 1416 1222 1453 7.
1263 1415 1476 1452 Paucorum
1498 1413 1598 1450 arbi-

154 1474 223 1508 trio
242 1472 325 1507 belli
343 1472 509 1519 domique
528 1472 726 1519 emebatur,-
743 1482 862 1520 penes
877 1473 1020 1509 eosdem
1039 1473 1249 1516 aerarium,
1264 1472 1498 1519 provinciae,
1519 1481 1598 1506 ma-

151 1531 345 1577 qistratus,
366 1529 508 1576 qloriae
526 1529 770 1576 triumphique
789 1534 907 1566 erant.
931 1548 987 1554 —
1006 1529 1141 1564 Arcem
1161 1529 1295 1565 habent
1319 1538 1370 1565 ex
1390 1528 1517 1575 spoliis
1539 1537 1599 1563 vo-

153 1587 259 1631 stris,
281 1586 306 1620 ἰ.
329 1597 362 1620 e.
382 1585 530 1621 firmum
551 1586 740 1632 potentiae
762 1597 853 1622 suae
871 1585 1104 1633 praesidium
1130 1585 1268 1622 habent
1288 1586 1334 1622 iis
1357 1585 1450 1632 ipsis
1474 1585 1600 1627 rebus,

156 1653 250 1689 quas
267 1642 376 1677 vobis
397 1642 891 1688 eripuerunt—Multitudo
911 1654 1023 1689 quum
1043 1643 1229 1689 appositio
1249 1643 1296 1679 sit
1317 1640 1486 1691 subiecti,
1499 1639 1601 1687 quod

157 1700 272 1736 verbo
294 1698 485 1745 praebetis
516 1700 745 1744 continetur,
776 1700 921 1745 plenior
949 1699 1067 1735 oratio
1099 1699 1153 1734 sic
1182 1709 1222 1735 se
1251 1699 1385 1735 habet:
1418 1708 1507 1742 vos,
1537 1696 1599 1744 qui

155 1755 378 1791 multitudine
402 1756 483 1792 sive
500 1766 655 1791 numero
674 1756 894 1802 praestatis,
917 1754 1112 1792 habendos
1132 1755 1387 1801 fruendosque
1408 1765 1476 1790 vos
1491 1763 1600 1800 prae-

154 1812 251 1850 betis
269 1813 432 1864 sinqulis.
457 1822 516 1839 ·-—-
540 1812 740 1849 Habendos
758 1812 946 1849 invidiose
969 1811 1107 1848 dictum
1136 1811 1324 1859 significat
1345 1810 1513 1860 plebeios
1535 1820 1599 1844 no-

156 1869 284 1906 bilitati
310 1880 350 1905 se
373 1869 408 1904 in
435 1870 652 1906 servitutem
671 1869 820 1906 tradere
852 1869 960 1916 quasi
985 1878 1087 1916 rem,
1116 1879 1211 1915 quae
1240 1869 1285 1904 ab
1307 1868 1380 1903 illis
1400 1865 1600 1917 possidea-

158 1931 229 1963 tur.
249 1946 306 1953 —-
324 1927 452 1962 Verba
472 1927 544 1962 nisi
560 1928 647 1973 quia
665 1926 835 1962 vobismet
852 1927 941 1973 ipsis
962 1945 1020 1951 --
1038 1925 1210 1961 dominos
1228 1924 1416 1961 destinatis
1434 1923 1486 1959 ita
1516 1933 1601 1970 spe-

158 1987 259 2019 ctant
277 1983 327 2018 ad
346 1983 611 2029 praecedentia
630 1993 692 2019 vos
713 1983 900 2019 habendos
923 1982 1175 2030 fruendosque
1187 1981 1390 2029 praebetis,
1419 1983 1459 2016 ut
1485 1979 1602 2016 domi-

159 2051 289 2076 norum
326 2039 524 2076 destinatio
559 2041 640 2076 sola
670 2040 852 2076 eximatur
881 2050 929 2075 ex
962 2039 1092 2075 servili
1124 2038 1357 2082 obedientia;
1385 2037 1435 2074 cl'.
1463 2035 1599 2072 Handii

159 2097 319 2132 Turseli.
335 2097 420 2132 Vol.
444 2098 508 2133 IV.
532 2108 567 2143 p.
589 2099 671 2135 235.
689 2099 723 2139 §-
746 2099 802 2136 17.
823 2097 886 2143 qui
906 2098 1002 2132 bene
1025 2095 1075 2131 ita
1095 2094 1293 2132 disseruit:
1315 2094 1408 2139 „His
1422 2091 1601 2140 loquendi

159 2154 326 2188 formulis
350 2154 440 2198 (nisi
463 2154 579 2200 quod,
605 2155 678 2189 nisi
704 2154 808 2201 quia)
832 2157 982 2189 utuntur
1005 2152 1125 2188 Latini
1150 2152 1199 2188 ad
1229 2149 1517 2199 significandam
1538 2155 1602 2185 ex-

158 2210 389 2258 ceptionem,
412 2221 485 2256 qua
505 2209 571 2254 id,
585 2210 686 2256 quod
708 2214 819 2246 antea
839 2209 994 2251 dictum,
1023 2218 1098 2244 non
1124 2212 1238 2246 totum
1266 2207 1422 2251 tollitur,
1443 2205 1511 2243 sed
1532 2206 1600 2242 ali-

159 2266 254 2313 quidv
269 2267 485 2312 apponitur,
508 2266 608 2313 quod
627 2258 842 2312 primariam
864 2265 1083 2302 sententiam
1105 2265 1228 2312 aliquo
1253 2263 1367 2301 modo
1388 2262 1602 2299 moderetur

160 2327 222 2359 aut
241 2324 451 2358 coerceatf‘
483 2321 575 2359 Cum
595 2334 732 2369 magna
754 2323 954 2359 acerbitate
975 2325 1098 2357 autem
1116 2322 1244 2358 Macer
1267 2331 1379 2368 quem
1401 2320 1523 2357 sotum
1542 2329 1602 2357 ,re-

159 2381 297 2416 licuum
319 2378 408 2415 dicit
436 2379 614 2415 libertatis
637 2386 745 2415 usum
774 2380 811 2414 in
840 2378 1015 2415 creandis
1041 2378 1339 2425 magistratibus,
1360 2375 1522 2413 eundem
1545 2384 1603 2411 ar-

160 2437 239 2484 guit
261 2447 283 2472 a
302 2436 411 2483 plebe
433 2435 483 2472 ad
499 2436 691 2471 servitium
716 2447 824 2472 suum
852 2434 1116 2472 stabiliendum
1136 2435 1317 2471 converti.
1337 2453 1394 2459 —-
1427 2432 1603 2470 Vobismet

158 2494 250 2539 ipsis
270 2497 446 2529 constans
466 2496 523 2529 est
542 2491 656 2528 codd.
678 2493 809 2538 lectio,
830 2503 940 2538 quam
963 2491 1109 2528 Cortius
1130 2503 1177 2527 ex
1197 2490 1258 2527 ed.
1287 2491 1422 2526 Venet.
1446 2487 1601 2525 mutavit

161 2550 199 2584 in
220 2549 389 2585 vobismet
416 2550 498 2597 ipsi.
549 2547 591 2584 Id
620 2547 840 2585 Gerlachius
862 2549 946 2584 Vol.
972 2548 1034 2584 III.
1053 2560 1092 2595 p.
1117 2550 1178 2586 93.
1204 2548 1474 2584 unice‘verum
1499 2543 1600 2587 dicit,

162 2610 198 2641 et
219 2610 341 2641 tamen
362 2607 544 2651 titubans,
571 2610 610 2642 ut
633 2606 746 2649 solet,
769 2605 806 2640 in
837 2604 897 2640 ed.
929 2606 1018 2641 min.
1048 2605 1215 2640 dativum
1237 2603 1415 2651 reposuit.
1457 2600 1602 2637 Utrum-

162 2673 234 2709 que
259 2661 321 2697 hic
358 2662 555 2698 commode
591 2661 665 2698 dici
696 2665 841 2708 potest3
872 2672 956 2697 nam
990 2662 1022 2697 si
1051 2662 1126 2708 ipsi
1160 2660 1316 2704 dicitur,
1349 2668 1484 2694 sensus
1522 2660 1600 2692 est:

162 2719 325 2754 dominos
354 2719 452 2754 vobis
484 2730 572 2755 non
595 2719 682 2754 alii
708 2718 908 2761 destinant,
937 2718 1004 2754 sed
1027 2719 1122 2764 ipsi
1145 2717 1214 2753 hoc
1238 2716 1383 2763 faciti&-
1412 2714 1448 2749 in
1478 2713 1604 2749 dativo

163 2786 254 2811 vero
276 2774 349 2810 hoc
372 2776 488 2811 inest:
518 2776 681 2811 dominos
699 2786 771 2810 non
799 2775 880 2810 aliis
900 2774 1104 2818 destinatis,
1134 2773 1201 2809 sed
1219 2772 1315 2808 vobis
1339 2772 1440 2818 ipsis.
1482 2769 1605 2815 Quare
