1774 3002
142 114 227 158 392
552 111 554 113 ’
604 121 644 158 C.
677 121 907 160 SALLUSTI
938 123 1090 163 CRISPI

281 248 350 289 92.
408 243 613 290 Visuros.

282 331 351 372 93.
406 326 515 372 Duci
547 329 748 387 probare.

277 412 346 454 94.
405 409 501 455 Alis
528 411 628 456 alibi
660 413 826 457 stantes
848 427 1000 458 omnes
1027 414 1171 458 tamen
1200 414 1404 461 advorsis
1429 415 1588 462 volne-

144 491 264 538 ribus
294 491 588 539 conciderunt.

144 630 221 665 tivo
251 628 438 665 interdum
468 642 552 667 eum
576 634 700 680 potior
730 635 844 670 verbo
877 636 1073 672 coniuncto
1099 646 1136 671 v.
1168 624 1343 672 annotata
1370 636 1419 672 ad
1451 637 1530 684 lug.
1554 650 1587 674 e.

142 685 260 730 XXV,
284 689 338 723 10.
361 697 400 732 p.
418 689 496 725 153.

255 741 316 778 Fr.
339 745 398 781 92.
421 741 550 792 [Deest
571 755 632 791 ap.
659 743 771 790 Cori„
796 746 893 783 Gerl.
916 747 977 784 ed.
1000 747 1101 792 mai„
1123 748 1211 784 min.
1235 753 1270 784 et
1286 749 1410 794 Debr.]
1437 749 1587 794 Quintil.

142 799 204 845 IX,
227 802 263 843 3,
284 802 342 836 12.
363 800 425 846 qui
450 799 667 838 Sallustium
689 803 800 839 tradit
820 804 962 841 m'suros
983 804 1124 841 dixisse
1143 816 1211 851 pro
1233 805 1284 841 ad
1297 805 1488 846 videndum
1507 807 1589 842 mis-

141 867 214 903 soS,
232 866 366 903 parum
387 861 560 894 accurate
583 860 748 895 mittendi
765 860 953 896 notionem
976 862 1101 898 videre
1121 863 1236 898 verbo
1260 862 1380 898 infert.
1433 863 1589 899 Partici-

142 914 205 961 pio
230 912 339 948 futuri
362 913 475 949 activi
497 925 609 961 quum
631 926 706 951 non
739 918 859 952 solum
881 918 1114 965 significetur
1136 919 1190 964 is,
1221 919 1284 965 qui
1313 918 1455 965 aliquid
1475 929 1588 966 agere

143 971 226 1016 vult,
245 967 316 1005 sed
341 970 451 1006 etiam
472 971 531 1007 cui
554 972 695 1019 aliquid
716 973 906 1021 agendum
923 979 991 1020 est,
1011 976 1127 1012 visuri
1142 975 1368 1022 significant,
1389 976 1451 1022 qui
1467 976 1591 1012 videre

142 1026 322 1071 deberent,
341 1026 443 1073 quod
467 1038 583 1064 sensu
605 1040 697 1065 sane
719 1041 794 1066 non
813 1032 967 1067 multum
989 1032 1179 1079 discrepat
1200 1043 1222 1068 a
1243 1031 1459 1077 Quintiliani
1479 1032 1588 1068 inter·

87 1104 91 1106 v
141 1083 363 1132 pretatione.

253 1139 317 1175 Fr.
336 1141 394 1178 93.
418 1139 549 1185 [Deest
567 1141 669 1188 apud
692 1142 803 1188 Cort.‚
825 1143 921 1180 Gerl.
950 1143 1133 1190 ed.··mai.,
1155 1144 1243 1182 min.
1264 1148 1300 1180 et
1320 1143 1445 1189 Debr.]
1472 1144 1588 1194 ¹Quin-

140 1198 192 1235 til.
213 1195 276 1241 IX,
297 1199 333 1241 3,
358 1200 410 1234 12.

252 1253 313 1290 Fr.
334 1255 392 1291 94.
415 1252 545 1298 [Deest
565 1254 667 1300 apud
689 1253 800 1300 Cort.,
825 1255 923 1292 Gerl.
945 1255 1006 1293 ed.
1026 1257 1112 1294 mai.
1137 1261 1174 1293 et
1194 1257 1306 1294 Debr.
1330 1273 1383 1280 -·
1405 1255 1503 1293 Gerl.
1525 1255 1585 1292 ed.

139 1310 228 1347 min.
252 1309 329 1346 Ine.
353 1311 411 1347 56.
434 1319 473 1356 p.
489 1311 572 1355 238,
593 1309 668 1360 21.]
727 1312 897 1348 Diomed.
927 1324 965 1359 p.
994 1315 1076 1352 323.
1106 1313 1257 1350 Putseh.
1273 1342 1282 1358 ,
1313 1323 1362 1349 ex
1384 1323 1457 1359 quo
1489 1312 1589 1348 hunc

139 1367 265 1403 locum
294 1366 442 1412 repetiit
476 1365 619 1403 Charis.
654 1368 706 1413 ΙΙ,
736 1371 771 1414 3,
797 1373 831 1406 5.
860 1381 898 1416 p.
927 1372 984 1409 92.
1008 1370 1174 1406 Lindem.
1205 1371 1259 1417 (p.
1290 1371 1372 1408 133.
1401 1366 1587 1418 Ρυῑεοῑι.)

140 1422 262 1459 Valde
285 1426 408 1458 tamen
428 1422 581 1459 dubium
602 1429 671 1470 est,
692 1436 780 1461 num
800 1427 917 1462 verba
937 1437 984 1462 ex
1014 1426 1188 1463 Historiis
1217 1427 1302 1463 sint.
1361 1425 1456 1462 Nam
1477 1436 1590 1472 quum

140 1479 179 1516 in
201 1478 307 1516 Catil.
330 1489 363 1515 c.
376 1479 466 1524 LXI,
483 1481 516 1517 3.
538 1479 632 1517 haee
657 1482 849 1529 legantur:
862 1484 991 1529 pauci,
1016 1493 1106 1530 quos
1129 1483 1265 1520 medios
1284 1481 1417 1519 cohors
1434 1485 1588 1528 praeco-

140 1538 199 1575 ria
220 1536 426 1582 disiecerat,
439 1537 570 1583 paullo
589 1537 780 1584 diversius,
800 1539 867 1575 sed
885 1551 905 1575 o
918 1550 988 1575 mn
1001 1549 1048 1576 es
1079 1543 1233 1576 tamen
1255 1539 1474 1576 advorsis
1501 1539 1586 1575 nol-

139 1592 339 1629 neribus
366 1593 701 1642 conciderant,
724 1606 799 1630 non
821 1597 941 1631 solum
963 1596 1126 1643 quinque
1142 1591 1333 1643 postrema
1348 1596 1465 1631 verba
1484 1605 1589 1646 pror·

139 1661 206 1686 sus
229 1654 452 1696 congruunt,
473 1649 544 1686 sed
563 1651 633 1686 tria
655 1662 803 1698 quoque
821 1654 948 1698 priora
971 1653 1073 1699 apud
1093 1652 1312 1689 Diomedem
1333 1650 1495 1688 eundem
1511 1651 1588 1686 sere

140 1717 294 1742 sensum
317 1705 468 1752 habent,
489 1707 552 1752 qui
574 1707 612 1742 in
631 1707 786 1744 Catilina
806 1709 903 1744 inest
923 1709 960 1744 in
980 1709 1104 1745 verbis
1115 1710 1234 1756 pauci
1243 1708 1373 1755 paullo
1394 1708 1587 1747 diversius.

140 1762 366 1810 Scrupulum
396 1767 517 1799 tamen
551 1764 668 1800 inlicit
696 1765 765 1800 alis
793 1777 1023 1812 pronomen,
1063 1770 1215 1814 propter
1248 1764 1351 1812 quod
1383 1764 1585 1800 Diomedes

139 1814 239 1856 hune
259 1820 381 1856 locum
401 1815 531 1866 attulit,
549 1819 868 1877 demonstraturus
886 1820 1103 1860 Sallustium
1124 1832 1271 1870 quoque
1289 1821 1340 1857 ita
1360 1819 1502 1857 dixisse
1516 1832 1585 1868 pro

139 1877 247 1923 alius,
269 1877 316 1914 de
343 1889 416 1926 qua
435 1878 563 1926 prisca
584 1873 817 1926 pronominis
850 1877 980 1924 forma,
1009 1891 1032 1916 a
1055 1879 1225 1916 Lucretio
1240 1876 1450 1925 aliquoties
1481 1876 1586 1914 adhi-

138 1936 226 1979 bita,
248 1947 285 1971 v.
307 1935 499 1982 Forbiger.
523 1935 571 1971 ad
592 1936 739 1971 Lucret.
760 1936 786 1982 I,
805 1939 888 1975 264.
904 1948 940 1983 p.
964 1939 1044 1975 184.
1092 1935 1173 1972 Nisi
1206 1935 1316 1983 igitur
1341 1932 1482 1970 st'atuas
1500 1933 1586 1970 Dio-

139 1991 287 2029 medem
307 1992 436 2028 nescio
458 2004 531 2039 quo
552 1996 661 2041 paeto
696 1993 734 2028 in
764 1993 972 2029 mirabilem
1001 2002 1166 2029 errorem
1197 1992 1243 2033 de
1267 1985 1338 2027 alis
1360 2002 1455 2029 voce
1481 1989 1584 2028 indu-

140 2050 238 2087 ctum
260 2056 308 2084 ex
329 2047 499 2086 Catilina·
520 2050 582 2086 illa
599 2051 730 2086 'verba
767 2053 907 2086 mutata
928 2050 1143 2098 protulisse,
1174 2049 1265 2086 nihil
1287 2046 1389 2085 aliud
1410 2047 1584 2095 relinqui-

142 2111 211 2154 tur,
235 2098 346 2154 quam
368 2110 406 2142 ut
425 2105 624 2143 credamus
655 2106 870 2143 Sallustium
899 2107 938 2143 in
963 2106 1136 2142 Historiis
1167 2105 1214 2142 de
1241 2104 1351 2143 simili
1383 2115 1424 2140 re
1451 2100 1586 2140 iisdem

142 2163 266 2202 verbis
289 2173 399 2199 usum
425 2175 526 2207 esse,
549 2164 740 2212 quaeiam
763 2164 801 2199 in
824 2163 980 2200 Catilina
997 2167 1188 2211 posuerat.
