1774 3002
75 147 81 150 ’
128 129 210 173 158
576 135 578 137 ’
612 136 649 174 C.
679 137 909 176 SALLUSTI
941 139 1091 178 CRISPI

125 259 282 305 ductos
322 275 419 305 cum
453 275 618 321 magno
647 262 835 308 tumultu
866 263 1055 321 invadit,
1090 266 1390 328 fugientisque
1421 270 1573 314 secuta

127 342 182 388 ad
218 341 373 389 Octavi
406 344 603 401 domum,
643 361 755 406 quae
786 347 969 407 propior
998 353 1111 405 erat,
1153 350 1196 395 in
1234 385 1455 396 ..........
1482 351 1571 396 lum

121 426 334 486 pervenit.

125 585 375 622 MINUADlT.
397 607 452 612 —
477 587 682 624 Tumultum
703 589 791 635 quin
814 590 947 625 calami
969 591 1079 637 lapsu
1107 591 1246 627 librarii
1267 591 1464 637 debeatur,
1494 603 1570 628 non

121 646 179 678 est
199 642 365 679 dubium.
412 643 582 680 Ceterum
600 655 673 680 non
696 645 937 692 cogitandum
958 651 1015 683 est
1038 647 1085 683 de
1111 647 1306 684 invasione
1327 650 1454 693 armis,
1478 650 1569 696 lapi-

123 698 254 742 dibus,
285 701 422 747 tegulis
443 701 560 745 facta;
589 701 658 737 sed
679 703 787 748 plebs
807 703 982 739 consules
1008 715 1092 740 cum
1114 705 1249 742 ceteris
1274 706 1323 742 ita
1343 706 1498 751 invasit,
1528 710 1567 742 ut

122 767 188 792 eos
210 756 514 803 circumveniret,
545 758 656 805 globo
681 759 777 794 tacto
798 764 1000 806 premeret,
1032 761 1215 798 conviciis
1234 763 1344 799 minis
1364 766 1473 810 atque
1505 773 1568 799 ex·

122 813 394 850 sectationibus
435 815 699 863 insectaretur,
739 817 823 852 aliis
857 817 1028 852 omnibus
1061 821 1233 863 terreret,
1272 830 1368 866 quae
1409 819 1464 856 ira
1485 819 1566 856 fieri

120 874 232 914 amat,
255 882 462 917 parumque
484 873 651 917 abesset,
683 873 771 918 quin
791 884 924 909 manus
948 874 1020 909 illis
1042 874 1230 921 iniiceret;
1261 877 1310 911 cl‘.
1328 875 1375 912 de
1393 876 1504 912 simili
1528 887 1567 912 re

119 926 200 973 lug.
222 938 253 963 c.
276 927 445 973 XXXIV,
467 933 500 966 1.
549 928 734 964 Invadere
754 930 866 976 igitur
889 941 999 976 quum
1025 932 1192 967 absolute
1208 933 1370 978 positum
1391 933 1450 977 sit,
1471 934 1567 969 male

119 983 335 1019 Huschkius
367 985 468 1031 apud
499 986 620 1032 Kreys
616 987 698 1032 sig.
720 986 837 1032 Epist.
860 998 895 1033 p.
917 990 987 1030 18
1020 987 1197 1024 seductus
1227 989 1264 1024 Μ
1288 989 1407 1025 littera
1429 988 1566 1025 librarii

120 1040 349 1087 negligentia
364 1043 514 1078 tumultu
535 1043 618 1077 voci
644 1042 803 1087 adiecta,
826 1043 1064 1109 scribendum
1083 1045 1241 1081 coniecit
1259 1046 1411 1082 tumultu
1428 1047 1566 1082 minis
1618 1093 1623 1096 ἢ

115 1096 264 1134 invadit.

231 1154 494 1202 fuyientisque)
525 1155 565 1189 In
589 1154 763 1201 Palimps.
783 1159 841 1190 est
858 1156 885 1191 Γ
889 1156 1030 1192 UGlEN
1055 1182 1065 1191 .
1095 1182 1104 1191 .
1129 1183 1138 1191 .
1161 1158 1202 1201 Q.
1244 1158 1376 1194 Pertzii
1398 1169 1563 1194 errorem

116 1208 386 1258 fugientemque
416 1211 624 1258 supplentis
657 1212 819 1247 correxit
841 1212 1108 1259 Kreyssigius;
1146 1214 1284 1260 pariter
1312 1215 1410 1251 enim
1440 1219 1478 1251 ut
1498 1216 1563 1251 de—

117 1266 244 1303 ductos
263 1267 336 1304 hoc
358 1279 506 1315 quoque
526 1267 763 1314 participium
783 1268 832 1304 ad
853 1280 1004 1312 omnes,
1035 1270 1096 1316 qui
1120 1281 1234 1316 supra
1264 1271 1443 1308 nominati
1465 1276 1562 1315 sunt,

116 1325 291 1370 pertinet.
311 1345 364 1350 —
389 1325 515 1361 Octavi
536 1325 680 1360 domum
700 1325 816 1361 fuisse
837 1336 933 1370 eam,
955 1337 1051 1372 quae
1070 1330 1204 1372 postea
1228 1326 1361 1364 Scauri
1383 1328 1462 1372 ruit,
1483 1337 1565 1364 ma·-

118 1380 332 1428 gnificentia
349 1392 417 1417 sua
440 1382 606 1426 illustris,
632 1381 877 1428 Kreyssigius
898 1381 934 1417 in
957 1381 1200 1419 commentat.
1221 1394 1258 1429 p,
1274 1386 1335 1422 28.
1367 1385 1458 1421 satis
1479 1396 1563 1431 pro-

115 1438 286 1474 babiliter
325 1439 548 1485 suspicatur.
607 1438 660 1474 De
682 1438 763 1474 eius
794 1438 864 1474 situ
884 1439 932 1474 cs.
955 1439 1096 1477 Ascon.
1118 1440 1167 1476 ad
1188 1439 1265 1477 Cic.
1289 1452 1345 1476 or.
1367 1452 1406 1488 p.
1429 1440 1563 1478 Scaur.

115 1496 223 1540 p.27.
246 1495 359 1532 Orell.
390 1495 672 1532 Demonstrasse
695 1495 793 1531 vobis
811 1496 958 1531 memini
971 1506 1039 1541 me,
1059 1495 1158 1532 hanc
1171 1497 1316 1533 domum
1334 1499 1372 1534 in
1392 1508 1437 1534 ea
1448 1501 1564 1545 parte

116 1550 253 1587 Palatii
269 1561 369 1596 esse,
399 1562 514 1598 quae,
550 1563 683 1598 quum
709 1552 763 1587 ab
781 1562 930 1587 sacra
959 1553 1031 1588 via
1055 1553 1384 1600 descenderis,
1415 1559 1563 1602 etper

110 1610 382 1654 promimum
414 1610 586 1653 vicum,
620 1609 790 1654 quiest
813 1609 867 1644 ab
887 1609 1116 1654 sinistra,
1137 1610 1409 1657 prodieris,
1435 1612 1560 1658 posita

115 1668 181 1700 est.
241 1664 452 1700 Aedificata
482 1676 504 1700 a
527 1663 589 1700 Cn.
620 1663 797 1709 Octavio,
829 1675 926 1700 anno
949 1668 1027 1703 165.
1049 1677 1081 1701 a.
1113 1665 1196 1702 Chr.
1223 1677 1258 1703 n.
1283 1678 1384 1711 cos.,
1414 1667 1461 1703 de
1486 1678 1559 1714 quo

117 1732 152 1757 v.
174 1721 381 1757 Drumanni
400 1721 490 1757 Hist.
513 1721 618 1756 Rom.
638 1720 721 1756 Vol.
740 1721 806 1756 lV.
827 1733 864 1767 p.
880 1725 948 1759 221
976 1732 1068 1767 sqq„
1098 1721 1201 1758 haud
1223 1722 1334 1759 dubie
1350 1723 1558 1759 hereditate

114 1782 340 1824 pervenerat
371 1777 422 1813 ad
443 1778 482 1813 L.
503 1776 698 1813 Octavium
720 1781 795 1813 tum
817 1778 1023 1813 consulem.

227 1845 322 1883 quae
353 1835 513 1881 propior
548 1834 647 1878 erat)
675 1834 851 1881 Palimps.
881 1838 1053 1881 corrupte
1092 1834 1558 1880 Q.PROPRIOREER.AT;

113 1891 183 1928 sed
204 1902 279 1927 non
296 1886 427 1927 melior
447 1891 644 1937 scriptura,
669 1901 780 1937 quarn
805 1891 969 1927 Pertzius
989 1891 1077 1927 inde
1093 1891 1220 1927 elicuit
1237 1893 1300 1938 qui
1312 1896 1560 1938 propraetore

111 1953 205 1994 erat,
225 1952 327 1984 ratus
353 1949 403 1983 ita
424 1947 570 1984 Octavii
590 1957 791 1994 personam
813 1947 1024 1984 accuratius
1050 1947 1208 1984 definiri.
1239 1948 1333 1984 Nam
1353 1952 1392 1984 ut
1412 1953 1557 1990 taceam

112 2006 297 2052 praetoris
317 2005 542 2041 vocabulum
569 2015 759 2050 nunquam
780 2003 1004 2051 compendio
1028 2004 1120 2040 PRT
1138 2005 1270 2049 scribi,
1292 2005 1376 2052 quis
1393 2015 1556 2053 unquam

112 2062 368 2109 propraetoris
393 2062 429 2096 in
449 2062 540 2097 urbe
557 2060 676 2096 Roma
698 2064 824 2107 partes
846 2061 963 2098 fuisse
987 2059 1158 2098 audivit?
1184 2061 1249 2097 His
1269 2062 1402 2098 Pertzii
1420 2063 1557 2099 errori-

111 2120 182 2154 bus
213 2118 406 2165 castigatis
426 2118 672 2164 Kreyssigius
702 2118 740 2153 in
761 2116 966 2154 Comment.
997 2129 1035 2163 p.
1057 2120 1114 2155 29.
1150 2118 1315 2154 feliciore
1341 2120 1557 2156 coniectura

112 2176 235 2210 locum
255 2175 415 2219 sanavit,
426 2178 524 2210 recte
538 2178 734 2210 assecutus
745 2173 787 2218 Q.
797 2184 872 2209 non
881 2176 946 2221 qui
963 2173 1032 2209 sed
1051 2174 1158 2220 quei.
1173 2184 1309 2221 equae
1329 2175 1556 2223 significare,

103 2231 310 2279 propriore
334 2234 456 2266 autem
478 2230 620 2280 duplici
641 2230 874 2266 dormitantis
894 2231 1039 2266 scribae
1059 2231 1176 2266 errori
1190 2230 1330 2276 deberi,
1351 2232 1445 2268 alias
1466 2243 1557 2279 quo-

114 2298 186 2335 que
199 2287 334 2332 obvi03
357 2287 407 2322 ita
421 2287 519 2322 enim
539 2297 723 2332 peccasse
745 2286 929 2322 interdum
948 2287 1132 2330 librarios,
1150 2291 1189 2322 ut
1205 2287 1383 2325 initialem
1393 2289 1553 2335 proximi

112 2344 288 2381 vocabuli
329 2343 486 2378 litteram
515 2342 756 2388 praecedenti
779 2342 1005 2387 adiicerent,
1028 2343 1151 2379 multis
1171 2345 1353 2391 exemplis
1381 2345 1554 2392 probavit

79 2390 82 2394 ¹
111 2399 394 2437 Drakenborch.
425 2399 473 2435 ad
493 2398 574 2435 Liv.
601 2397 683 2443 XL,
708 2400 741 2442 7,
764 2401 807 2443 8;
831 2400 992 2446 propior
1023 2411 1112 2435 vero
1139 2404 1250 2447 atque
1272 2403 1434 2449 μωρίας
1451 2400 1554 2438 haud

112 2468 198 2494 raro
216 2461 431 2503 corruptum
455 2465 542 2496 esse
572 2455 608 2490 in
629 2457 812 2502 proprior
834 2460 871 2491 et
890 2457 1074 2502 proprius
1096 2456 1341 2504 Kreyssigius
1375 2460 1401 2494 l.
1435 2459 1459 2493 l.
1488 2457 1553 2492 de-

112 2513 334 2550 monstravit
363 2513 503 2559 aliquot
527 2512 710 2558 exemplis
732 2522 780 2547 ex
795 2511 890 2548 Livii
911 2511 1022 2548 codd.
1041 2514 1179 2558 petitis.
1226 2513 1476 2560 Comparativi
1496 2524 1554 2549 ra·

113 2570 182 2614 tio,
213 2569 252 2606 id
283 2569 384 2616 quod
414 2568 710 2615 Heerwagenius
740 2572 839 2604 recte
866 2567 958 2604 vidit
986 2570 1024 2604 in
1051 2569 1264 2617 Kreyssigii
1287 2570 1405 2616 Epist.
1426 2581 1465 2616 p.
1492 2573 1551 2614 20,

112 2638 158 2663 eo
178 2629 337 2669 constat,
360 2625 458 2671 quod
477 2624 621 2662 Octavii
643 2624 776 2661 domus
797 2636 881 2661 cum
899 2624 1023 2661 Cottae
1043 2630 1292 2672 eomparatur,
1312 2637 1409 2672 quae
1429 2627 1552 2661 minus

110 2687 190 2719 erat
206 2682 416 2730 propinqua
438 2681 674 2728 fugientibus.

224 2739 262 2775 in
300 2762 515 2774 .....
555 2738 628 2774 lum
651 2737 838 2784 pervenit)
873 2737 994 2782 Quum
1020 2742 1169 2784 praeter
1197 2737 1266 2774 has
1292 2738 1432 2774 litteras
1462 2738 1552 2774 nihil
