1774 3002
0 0 23 217 ἑ
482 151 811 190 HISTORIARUM
838 152 1151 191 FRAGMENTA-
1210 155 1298 191 LlB.
1330 155 1357 190 1.
1584 151 1643 194 61

196 273 443 336 pransfflio,
467 277 619 340 tamen
631 290 728 336 3non
758 276 841 323 fuit
862 276 1094 324 eonsilium
1115 275 1313 337 privatas
1344 291 1456 338 opes
1480 280 1639 335 facere,

142 358 433 420 npotiorque
447 357 548 405 visa
563 361 633 405 est
651 359 902 419 periculosa
916 361 1095 408 libertas
1114 359 1263 422 quieto
1281 361 1477 408 servitio.
1517 361 1643 419 Quae

198 441 237 488 si
255 442 464 502 probatis,
488 442 654 499 adeste,
675 442 881 499 Quirites,
906 445 953 489 et
973 442 1084 490 bene
1106 443 1357 491 iuvantibus
1376 445 1445 492 dis
1467 445 1524 492 M.
1542 446 1643 492 Ae-

198 524 364 571 milium
388 524 614 572 consulem
639 525 794 573 ducem
820 530 864 573 et
889 530 1113 577 auctorem
1137 527 1368 590 sequimini
1391 529 1447 575 ad
1478 528 1642 589 recipi-

173 655 175 657 .
198 608 361 655 undam
385 608 652 656 libertatem!
1242 604 1247 607 ’

198 767 330 815 telligit
342 768 560 815 mercedem,
579 779 690 815 quam
713 770 875 816 populus
899 771 1078 818 acceptat,
1108 782 1184 808 non
1205 772 1284 813 den,-
1303 771 1373 808 sed
1396 772 1479 820 ipsa
1502 773 1556 826 rei
1578 783 1642 808 na-

198 829 280 860 tura
300 828 337 860 et
365 826 548 861 sententia
571 826 684 861 multo
708 827 884 862 acerbior
896 831 1062 863 nostram
1090 830 1378 875 explicationem
1405 828 1643 871 suadere‚vi-

199 880 347 918 dentur.
366 900 424 906 —
437 880 492 917 ne
510 883 640 918 suam
657 892 753 918 voce
775 893 813 918 v.
827 882 878 918 ad
891 882 998 919 Catil.
1017 895 1054 920 c.
1073 884 1203 929 XXIII,
1223 889 1261 924 2.
1283 897 1320 932 p.
1337 888 1420 925 113.

311 939 349 980 s.
378 939 572 977 26—27.
620 937 735 983 Μϋή,
757 949 978 986 quamquam
1001 942 1094 985 etc.)
1163 941 1384 978 Gerlachius
1413 946 1451 977 et
1478 941 1640 978 Orellius

197 992 296 1039 usti,
312 998 494 1031 eommate
514 995 671 1038 sublato,
689 995 855 1030 resenmt
873 994 924 1031 ad
945 997 1148 1042 quaestam
1165 1002 1259 1043 erat,
1281 1009 1356 1044 quo
1374 998 1642 1034 sententiarum

197 1050 292 1090 ratio
311 1048 424 1085 valde
450 1050 670 1089 obscuratur
686 1054 768 1087 -aut
788 1056 897 1087 certe
910 1050 1134 1099 debilitatur.
1194 1054 1363 1102 Lepidus
1389 1055 1491 1090 enim
1511 1055 1646 1101 populi

197 1105 359 1152 ignavae
378 1107 585 1143 sententiae
607 1116 714 1143 suam
735 1107 902 1154 opponit,
923 1108 1028 1155 quod
1048 1110 1098 1146 ita
1115 1110 1165 1154 fit,
1185 1116 1225 1147 nt
1244 1112 1372 1149 verbis
1394 1120 1492 1158 quae
1508 1112 1544 1146 n·
1561 1121 1613 1147 vo
1626 1131 1641 1135 -

196 1161 375 1210 bispax
404 1163 670 1211 iaoeueyunmr,
699 1164 907 1211 probate
934 1184 991 1191 -—
1023 1169 1232 1205 annuite
1261 1187 1319 1194 --
1351 1168 1642 1214 accipite—

197 1211 384 1256 tradite
401 1229 450 1255 ex
464 1220 581 1255 altera
595 1224 702 1266 parte
718 1220 947 1267 respondeat
959 1222 1072 1258 milti
1090 1243 1149 1250 —
1167 1235 1242 1261 nan
1269 1223 1346 1272 fucit
1361 1224 1552 1260 consiliam
1570 1228 1642 1262 ete.

198 1272 369 1316 Ceterum
388 1285 435 1311 ne
450 1280 559 1323 putes
582 1287 650 1323 pro
670 1278 872 1324 quaesitum
890 1283 999 1314 erut
1023 1284 1060 1315 et
1080 1290 1156 1317 non
1175 1281 1275 1328 fuit
1292 1282 1494 1326 confilium,
1514 1281 1643 1316 dicen-

198 1330 287 1367 dtun
307 1331 444 1377 luisse,
474 1331 576 1379 quod
596 1343 688 1368 sane
717 1333 792 1369 diei
811 1338 976 1381 poterat,
1004 1346 1133 1382 quaes.
1156 1342 1230 1374 est
1256 1357 1313 1363 —
1338 1348 1412 1374 non
1433 1341 1508 1373 est
1527 1347 1642 1382 cons„

199 1390 343 1434 spectat
358 1387 523 1435 Lepidus
546 1399 623 1424 non
642 1389 692 1424 ad
706 1389 747 1424 id
763 1393 908 1437 tempus
922 1419 932 1434 ,
957 1393 1151 1439 quagerit
1170 1394 1417 1437 consulatum,
1433 1393 1509 1429 sed
1530 1394 1580 1430 ad
1596 1394 1638 1430 il-

197 1443 283 1488 lud,
314 1455 385 1490 quo
404 1454 488 1481 enan
505 1443 661 1491 adeptus
689 1450 763 1490 est,
793 1457 914 1493 eoque
935 1447 1088 1484 dicendi
1110 1449 1223 1485 modo
1244 1450 1296 1485 uti
1316 1450 1465 1494 maluit,
1500 1454 1539 1486 ut
1556 1462 1642 1497 pro-

197 1500 307 1541 baret
329 1499 403 1535 iam
428 1504 506 1536 tum
537 1501 607 1537 sibi
630 1502 828 1538 eonsilium
847 1504 964 1539 ruisse
984 1505 1163 1542 libertatis
1190 1505 1476 1551 detendendae;
1508 1507 1560 1543 el'.
1589 1506 1639 1542 ad

197 1555 280 1603 lug.
297 1554 412 1601 XCV,
433 1560 468 1594 2.
490 1568 529 1603 p.
546 1560 629 1595 506.
655 1576 712 1583 —
732 1558 829 1605 Opes
849 1559 1023 1606 facere
1042 1561 1069 1597 i.
1083 1573 1120 1598 e.
1135 1573 1379 1609 comparare,
1401 1563 1642 1610 quemadmo-

198 1610 287 1659 dum
306 1610 453 1648 Seneca
478 1613 576 1660 Epp.
591 1612 720 1649 CXIV.
736 1616 849 1651 refert
865 1614 1083 1653 Sallustium
1106 1617 1250 1655 dixisse
1273 1619 1443 1667 (Fragm.
1466 1619 1545 1656 Ine.
1559 1622 1640 1664 33.)

197 1669 467 1704 exercitum
487 1673 639 1716 amomo
658 1669 795 1716 fecit.
816 1692 875 1698 —
897 1672 976 1716 Due
1002 1683 1079 1710 non
1100 1675 1315 1722 explicandi
1335 1680 1518 1723 potestate
1540 1677 1640 1713 valet

196 1734 297 1770 nau,
321 1719 495 1769 utI-'aber
516 1730 658 1770 censet,
691 1726 762 1763 sed
776 1727 1007 1766 adversandi
1031 1731 1071 1767 vi
1090 1732 1255 1779 positum
1274 1743 1344 1779 pro
1365 1733 1444 1778 sed,
1463 1737 1505 1768 ut
1523 1744 1638 1780 saepe

197 1779 340 1828 litpost
351 1781 567 1828 negativam
592 1784 839 1829 sententiam
869 1786 917 1822 cl'.
942 1791 1117 1824 annotata
1137 1788 1188 1824 ad
1201 1788 1280 1835 lug.
1302 1787 1419 1833 GVH,
1443 1792 1481 1828 3.
1498 1801 1539 1836 p.
1555 1791 1637 1828 5¹18.

199 1835 383 1885 Goerenz.
400 1837 451 1873 ad
466 1837 545 1875 Cic.
565 1838 613 1875 de
633 1839 810 1885 rium-11,
826 1844 873 1886 9,
894 1843 954 1880 27.
975 1855 1012 1891 p.
1030 1846 1111 1882 161.
1149 1844 1311 1892 Herzog.
1329 1845 1380 1881 ad
1400 1844 1510 1882 Caes.
1530 1845 1575 1881 Β.
1595 1844 1638 1881 C.

198 1891 306 1936 1,-32.
333 1904 374 1940 p.
390 1898 471 1933 100.
497 1914 556 1920 —
574 1896 646 1931 Pro
665 1896 722 1932 dis
741 1897 778 1932 in
794 1898 879 1933 Vat.
903 1903 939 1937 1.
959 1904 1017 1936 est
1038 1900 1140 1945 ὥοὶε,
1163 1905 1292 1936 contra
1314 1912 1425 1937 usum
1448 1900 1637 1945 Sallustii;

198 1949 351 1996 ersing.
381 1960 416 1985 c.
438 1949 620 1996 LXXXV,
641 1954 703 1990 48.
760 1953 845 1989 Dis
883 1955 1088 1991 &evantibus
1126 1958 1248 1992 omnia
1279 1961 1427 1993 mantra
1451 1961 1550 1994 swa.
1580 1977 1639 1984 ·—

199 2004 327 2040 Verba
354 2006 541 2041 consulem
558 2006 687 2042 ducem
707 2012 744 2044 et
768 2013 955 2046 auctorem
980 2013 1172 2058 sequimim
1187 2013 1240 2047 ad
1256 2013 1512 2059 recipiundam
1531 2013 1639 2051 uber-

199 2062 309 2095 tatem
337 2059 387 2095 ad
418 2061 651 2098 evocationis
670 2063 866 2102 formulam
890 2067 1099 2114 composita
1131 2078 1238 2113 esse,
1283 2069 1357 2105 iam
1376 2069 1553 2106 Wassius
1572 2072 1638 2108 ob-

200 2116 378 2153 servavit.
424 2117 474 2153 el'.
495 2116 682 2163 Servium,
697 2120 760 2166 qui
780 2120 831 2156 ad
849 2121 957 2169 Virg.
973 2123 1070 2159 Aen.
1088 2124 1184 2168 vm,
1202 2129 1237 2163 1.
1295 2125 1365 2170 ,,8ἰ
1389 2131 1492 2162 esset
1505 2127 1638 2163 tumul-

199 2176 272 2215 tus,
288 2171 415 2218 inquit,
433 2174 521 2220 quia
534 2174 704 2221 singulos
719 2176 952 2225 interrogare
967 2190 1043 2215 non
1057 2182 1227 2226 vacabat,
1243 2182 1306 2228 qui
1322 2182 1443 2218 fuerat
1456 2182 1635 2220 ducturus

200 2227 415 2273 exereitum,
434 2229 511 2265 ibat
524 2230 579 2266 ad
594 2229 826 2278 Capitolium,
848 2239 886 2270 et
912 2235 1049 2272 exinde
1066 2238 1264 2283 proterens
1284 2237 1360 2274 duo
1375 2240 1514 2275 vexilla
1534 2240 1636 2276 dice-

198 2284 280 2319 bat:
315 2282 389 2327 Qm·
406 2286 664 2333 rempublicam
681 2290 822 2326 salvam
834 2291 920 2336 vult,
938 2301 997 2330 me
1013 2294 1228 2340 sequana-fl
1262 2294 1396 2331 Donat.
1422 2296 1472 2332 ad
1487 2296 1634 2334 Terent.

198 2339 294 2375 Eun.
308 2339 371 2384 IV,
393 2341 428 2386 7,
441 2345 479 2380 2.
535 2342 782 2391 „Huiusmodi
807 2347 936 2384 militia
949 2359 1019 2395 per
1039 2351 1233 2386 tumultum
1259 2350 1412 2398 repente
1435 2353 1636 2400 suscipitur

201 2399 238 2431 et
253 2395 387 2434 dicitur
394 2399 571 2444 emoneo,
590 2401 651 2436 ubi
675 2401 752 2438 dux
770 2404 967 2450 alloquitur
986 2406 1113 2442 cives:
1133 2408 1199 2454 qui
1215 2408 1475 2455 rempublicam
1493 2411 1634 2446 salvam

198 2451 316 2497 nubib,
343 2462 401 2489 me
414 2455 640 2500 sequiminif‘

311 2523 405 2559 Huic
433 2523 654 2571 Fragments»
680 2529 979 2578 subiungendum
996 2543 1103 2578 esse,
1134 2534 1236 2581 quod
1259 2536 1396 2583 legitur
1419 2537 1553 2574 Incert.
1573 2540 1631 2586 52,

199 2580 287 2614 sero
316 2579 481 2616 intellexi
510 2591 559 2617 ex
586 2582 738 2621 Linkeri
771 2585 975 2625 Comment.
1011 2589 1059 2625 de
1088 2591 1280 2627 Praefecto
1308 2594 1413 2637 urbis
1437 2594 1629 2631 Feriarum

197 2634 261 2671 lat.
274 2646 312 2683 p.
332 2637 369 2674 7.
628 2671 631 2672 γ
756 2656 778 2666 »⁷

307 2691 369 2728 Fr.
396 2695 455 2731 46.
504 2693 618 2738 [cort.
647 2707 686 2742 p.
710 2699 794 2737 936.
822 2699 919 2736 Gerl.
949 2701 1011 2737 ed.
1035 2697 1127 2738 mai.
1155 2702 1184 2748 1,
1215 2706 1272 2743 13.
1304 2704 1367 2740 ed.
1397 2706 1486 2742 min.
1516 2707 1543 2751 Ι,
1569 2710 1629 2745 62.

196 2757 236 2793 p-
256 2750 335 2792 19⁰,
356 2750 413 2787 19.
442 2749 552 2786 Debr.
573 2750 601 2796 1,
619 2753 678 2790 ⁷2.
698 2752 758 2798 ΠΙ,
776 2756 853 2799 92]
905 2757 1030 2794 Verba
1055 2763 1202 2796 exstant
1228 2760 1330 2808 apud
1361 2762 1457 2798 Non.
1478 2762 1541 2806 IV,
1561 2765 1630 2807 623
