1774 3002
533 131 599 170 AD
626 130 890 170 ERNESTUM
904 126 1337 167 WUESTEMANNUM.
1559 131 1676 162 xxm

178 254 417 307 planissima
453 252 495 294 in
516 252 720 293 vordinem
759 249 936 302 recepit,
974 248 1071 297 alia,
1113 258 1191 298 per
1226 256 1272 286 se
1311 245 1445 286 minus
1482 246 1675 299 obscura,

178 323 362 374 pessime
399 321 664 371 intelligendo
709 319 750 359 in
794 318 972 358 alienum
1017 318 1155 357 locum
1193 313 1385 361 detorsit,
1428 313 1526 362 alia,
1569 325 1675 364 quae

178 394 352 440 propter
379 389 599 430 verborum
633 386 938 439 ambiguitatem
966 389 1036 424 aut
1070 385 1151 423 late
1186 386 1393 432 patentem
1427 392 1596 422 sensum
1621 381 1675 420 ad

180 457 346 498 multas*
370 467 441 496 res
468 455 573 497 trahi
603 459 804 506 possunt,
842 453 930 501 bis,
965 458 1052 500 ter,
1083 454 1247 501 quater,
1282 449 1475 499 adeoque
1506 447 1674 498 saepius

180 522 340 574 posuit,
377 525 526 573 quovis
562 526 656 564 loco
693 521 872 573 Sallustii
905 531 1068 560 manum
1103 530 1150 560 se
1185 516 1417 557 restituisse
1451 515 1677 556 incredibili

181 589 350 631 stultitia
377 591 581 642 opinatus.
642 591 708 631 Ad
726 602 829 640 quas
854 587 1149 640 perversitates
1173 597 1298 638 quum
1324 583 1436 624 haud
1465 588 1677 634 postrema

180 657 285 701 haec
318 659 559 712 accederet,
600 659 714 710 quod
756 658 944 707 neglecta
978 653 1339 705 grammaticorum
1377 651 1419 691 in
1458 651 1675 692 laudandis

181 723 296 764 libris
331 726 574 766 auctoritate
605 726 766 776 singula
788 726 1032 774 Fragmenta
1064 734 1147 762 non
1186 733 1237 762 eo
1266 720 1369 760 libro
1400 720 1554 767 retulit,
1592 731 1675 770 quo

182 792 294 842 apud
326 789 565 835 Sallustium
601 795 864 844 legebantur,
898 791 975 831 sed
1001 802 1160 831 summa
1189 788 1356 828 libidine
1395 799 1442 828 ea
1473 788 1598 828 modo
1636 787 1676 826 in

182 859 305 908 hunc,
338 861 463 900 modo
494 861 535 902 in
556 862 667 903 illum
698 859 973 911 transposuit,
997 859 1074 898 hac
1096 869 1179 898 una
1207 868 1253 896 re
1283 855 1416 897 omnis
1442 855 1593 895 veritas
1611 855 1676 895 vel

184 926 339 969 ordinis
365 927 538 970 instituti
565 932 633 971 vel
670 927 955 980 explicationis
984 926 1107 979 initae
1146 925 1314 965 tollitur.
1372 923 1559 974 Denique
1587 922 1679 973 ipsa

184 994 454 1036 Historiarum
490 998 618 1037 verba
656 998 739 1036 tam
766 994 916 1035 vitiose
950 993 1153 1041 exhibuit,
1189 991 1398 1032 veteribus
1433 989 1677 1042 corruptelis

183 1075 265 1104 non
283 1063 423 1119 *modo
450 1076 532 1105 non
565 1064 734 1115 amotis,
771 1063 847 1103 sed
875 1060 1061 1117 plurimis
1092 1066 1134 1101 et
1162 1059 1355 1111 pessimis
1388 1059 1508 1100 novis
1534 1060 1679 1109 depra-

183 1131 417 1176 vationibus
456 1132 599 1181 illatis,
646 1137 692 1172 ut
735 1131 815 1171 hoc
855 1142 1023 1181 quoque
1064 1130 1230 1170 nomine
1271 1128 1360 1168 eius
1394 1137 1524 1179 opera
1557 1126 1678 1175 Frag-

185 1199 332 1240 mentis
377 1199 633 1241 Sallustianis
681 1199 886 1250 impertita
931 1198 1072 1238 infelix
1115 1203 1158 1238 et
1204 1208 1379 1248 prorsus
1421 1195 1680 1234 infructuosa

185 1267 367 1318 putanda
394 1267 459 1308 sit.
519 1269 653 1318 Opus-
673 1267 761 1308 eius
804 1267 949 1317 gallice
994 1266 1192 1317 scriptum
1231 1265 1288 1305 ita
1324 1262 1576 1304 inscribitur:
1614 1261 1683 1300 Hi-

184 1336 314 1376 stoire
341 1336 394 1380 de
420 1337 460 1376 la
488 1335 730 1392 republique
759 1335 964 1384 romaine‚
1003 1336 1107 1374 dans
1144 1336 1183 1374 le
1224 1345 1348 1374 cours
1388 1333 1445 1372 du
1480 1329 1680 1382 septieme

187 1402 335 1453 siecle,
367 1415 445 1454 par
470 1403 669 1444 Salluste:
700 1414 750 1442 en
780 1402 911 1453 partie
938 1402 1112 1442 traduite
1144 1403 1201 1442 du
1231 1402 1326 1441 latin
1358 1413 1431 1441 sur
1459 1397 1679 1449 l'original;

186 1483 239 1512 en
265 1471 397 1522 partie
423 1470 592 1511 retablie
622 1475 663 1509 et
688 1469 913 1521 compose'e
941 1482 1014 1510 sur
1043 1471 1105 1509 les
1134 1472 1362 1521 fragmens‚
1397 1467 1467 1520 qui
1499 1471 1598 1507 sont
1621 1477 1682 1506 re-

187 1538 275 1579 stes
312 1539 364 1578 de
408 1551 478 1580 ses
514 1539 638 1579 livres
669 1539 846 1589 perdus,
889 1537 1012 1582 remis
1045 1549 1098 1577 en
1133 1539 1256 1579 ordre
1293 1538 1397 1578 dans
1434 1538 1524 1576 leur
1561 1536 1679 1585 place

188 1605 384 1652 vei-itabie
422 1619 479 1648 ou
520 1609 559 1647 le
598 1608 693 1658 plus
734 1605 1061 1645 vraisemblable.
1108 1607 1175 1646 ΠΙ.
1204 1607 1333 1646 Τοῐω
1374 1606 1415 1645 4.
1468 1602 1493 1645 a
1543 1602 1680 1652 Dijon,

192 1674 312 1714 1777.
370 1675 516 1715 Tribus
558 1674 677 1714 annis
719 1678 838 1723 post,
875 1673 1102 1714 Debrossio
1139 1674 1220 1713 iam
1262 1678 1447 1721 mortuo,
1486 1682 1548 1727 ex
1591 1670 1681 1710 eius

188 1742 353 1783 schedis
387 1743 559 1784 Divione
587 1742 831 1794 prodierunt
859 1742 951 1793 ipsa
976 1743 1221 1793 Fragmenta
1243 1741 1385 1791 latina,
1416 1739 1561 1788 ordine
1589 1749 1680 1778 cum

189 1810 343 1858 maiore
366 1823 492 1863 opere
517 1816 708 1851 accurate
737 1810 1026 1861 congruentia,
1054 1810 1250 1850 brevibus
1272 1808 1441 1850 scholiis
1470 1808 1681 1856 illustrata,

189 1882 235 1917 et
268 1879 477 1930 locorum,
511 1880 582 1920 ubi
608 1880 722 1931 apud
746 1879 1034 1929 grammaticos
1072 1880 1279 1928 leguntur,
1307 1877 1442 1916 indice
1469 1875 1683 1915 instructa.

191 1945 320 1994 Quem
356 1946 524 1995 librum,
557 1957 610 1993 ex
635 1958 717 1996 quo
759 1946 953 1985 universa
982 1946 1196 1985 Debrossii
1230 1945 1334 1984 ratio
1382 1944 1408 1983 i.
1452 1955 1490 1983 e.
1523 1954 1683 1983 summa

192 2013 442 2062 perversitas
467 2013 704 2063 planissime
731 2024 779 2052 ac
807 2015 934 2052 multo
956 2013 1114 2052 facilius
1144 2024 1267 2062 quam
1300 2023 1352 2051 ex
1380 2010 1527 2060 gallico
1555 2020 1683 2060 opere

194 2080 477 2130 cognoscitur,
525 2093 650 2131 quum
694 2079 736 2119 in
782 2079 998 2132 Germania
1044 2079 1281 2120 rarissimus
1328 2084 1463 2128 esset,
1515 2079 1683 2130 ignotus

195 2147 360 2197 quidam
396 2148 655 2198 germanicus
674 2148 845 2196 editor,
875 2148 997 2198 isque
1032 2147 1157 2188 homo
1197 2148 1346 2187 doctus
1378 2147 1565 2198 quidem,
1606 2146 1683 2185 sed

195 2220 330 2255 tamen
358 2216 580 2256 admodum
611 2217 766 2265 fatuus,
799 2215 957 2256 scilicet
983 2227 1170 2265 maynum
1183 2218 1185 2220 ’
1199 2217 1292 2255 inde
1319 2217 1361 2255 in
1389 2216 1577 2255 historiae
1603 2216 1686 2253 cul-

194 2288 297 2323 tores
318 2282 498 2331 fructum
518 2285 834 2324 redundaturum
860 2296 944 2324 esse
970 2286 1160 2333 confisus,
1197 2293 1235 2321 a.
1271 2281 1390 2322 1828.
1415 2281 1684 2333 repetendum

196 2349 366 2390 curavit.

306 2417 454 2457 Venio*
473 2429 582 2461 nunc
618 2418 671 2457 ad
699 2422 956 2468 postremum
987 2417 1188 2466 omnium,
1227 2418 1297 2468 qui
1322 2419 1567 2467 Fragmenta
1602 2415 1685 2456 edi-

196 2485 364 2532 derunt,
392 2483 648 2523 Gerlachium
665 2484 957 2524 Basileensem.
1018 2484 1093 2534 Qui
1113 2497 1239 2535 quum
1268 2485 1308 2525 in
1336 2484 1491 2525 maiore
1514 2496 1684 2535 operum

198 2550 540 2592 Sallustianorum
565 2551 763 2601 editione,
785 2551 903 2593 cuius
923 2554 1018 2593 Vol.
1035 2554 1064 2592 Ι.
1088 2540 1197 2593 anno
1224 2552 1343 2593 1823.
1365 2553 1533 2604 prodiit,
1554 2552 1686 2592 Praei.

196 2632 239 2670 p.
270 2620 338 2659 IX.
371 2619 453 2659 hoc
487 2619 704 2668 professus
740 2625 876 2674 esset,
898 2610 1113 2671 'imprimis
1151 2620 1231 2660 sibi
1275 2631 1400 2671 curae
1440 2619 1592 2668 fuisse,
1640 2623 1686 2658 ut

196 2687 440 2737 Fragmenta
465 2685 721 2727 emendatius
743 2689 985 2736 ederentur,
1021 2688 1075 2741 ad
1113 2699 1202 2728 eam
1233 2700 1321 2728 rem
1351 2687 1545 2728 sufficere
1571 2690 1685 2725 ratus

197 2757 282 2802 est,
323 2753 359 2793 si
402 2753 606 2795 Carrionis
645 2753 788 2795 ordine
828 2760 988 2796 retento
1036 2756 1154 2796 locos
1189 2755 1565 2806 grammaticorum,
1616 2751 1686 2792 ubi
