1774 3002
427 189 759 230 HISTORIARUM
787 190 1100 230 FRAGMENTA.
1158 192 1246 228 LIB.
1276 193 1304 230 1.
1534 187 1589 232 37

278 321 349 368 44.
386 316 433 364 Id
451 315 613 362 bellum
633 313 850 382 excitabat
870 317 1013 363 metus
1029 314 1211 378 Pompei
1232 314 1411 364 victoris
1429 315 1586 364 Hiem-

146 401 312 464 psalem
335 399 380 450 in
402 413 590 464 regnum
614 397 897 448 restituentis.

147 538 259 577 modo
277 534 435 576 'formam
456 550 542 576 esse
571 538 700 576 Ucubis
726 539 849 583 urbis,
880 539 945 576 vel
976 537 1140 575 incuriae
1168 537 1307 573 librarii
1327 537 1467 574 illatam
1494 550 1517 574 r
1536 540 1592 575 lit—

149 601 265 634 teram
286 595 434 642 deberi,
460 596 575 632 satius
594 595 768 631 duximus
791 596 982 642 vulgatam
1011 594 1119 630 tueri.
1179 593 1334 630 Curubis
1353 596 1472 639 enim,
1500 595 1592 632 Zeu-

150 654 299 701 ginnas
318 654 407 691 urbs
427 653 484 698 (v.
507 652 601 688 Ptin.
623 652 717 699 Hist.
737 651 820 687 Nat.
842 652 889 695 V,
909 653 979 696 3.),
1001 651 1108 687 sacile
1129 651 1249 697 potuit
1280 649 1317 686 in
1335 651 1502 698 Pompeii
1529 663 1594 688 ex·

145 709 334 758 peditione
345 709 522 745 AIricana
540 708 876 747 contraDomitium
886 707 954 753 (de
966 718 1088 754 quav.
1100 706 1149 742 ad
1159 707 1186 742 F
1190 717 1217 741 r
1229 709 1289 744 41.
1300 704 1401 745 ‹et-122
1406 708 1595 751 )c0mme-

150 766 309 812 morari,
332 772 556 812 quamquam
578 765 673 801 salsa
694 769 752 800 est
771 763 963 800 Debrossii
986 763 1169 800 sententia
1189 762 1407 810 Pompeium
1426 764 1475 800 ad
1496 764 1594 801 hanc

152 823 281 859 urbem
298 822 460 859 classem
481 822 696 868 appulisse,
725 825 764 856 ut
801 824 902 883 patet
932 832 979 856 ex
1001 821 1096 856 Plut.
1127 820 1165 854 in
1189 819 1318 866 Pomp.
1342 831 1375 855 c.
1401 824 1464 864 11,
1492 822 1594 857 med.

151 869 393 941 Κατασχόντι
417 871 460 914 δὲ
478 870 586 929 αὐτῷ
609 876 694 922 ταῖς
711 871 784 925 μὲν
802 873 856 920 εἰς
874 867 907 912 Ι
913 888 967 913 τυ
980 888 1004 912 κ
1016 888 1074 924 ην
1094 869 1233 921 ναυσὶ,
1254 876 1339 920 ταῖς
1355 871 1398 913 δὲ
1417 873 1471 921 εἰς
1485 875 1595 927 Καρ-

152 926 320 984 χηδόνα,
342 945 380 970 κ.
401 945 434 970 τ.
455 933 491 970 λ
549 933 767 970 Gerlachius
793 933 831 969 in
864 933 984 979 primo
1017 933 1110 968 libro
1139 931 1314 968 Curubis
1324 932 1507 969 exhibens
1542 935 1598 970 in

152 990 320 1027 credibili
354 990 586 1038 negligentia
612 1000 742 1025 rursus
775 990 814 1025 in
841 989 996 1025 Incertis
1022 1000 1061 1035 p.
1083 991 1172 1032 240,
1198 990 1234 1025 4.
1273 988 1426 1025 Ucurbis
1457 991 1596 1036 posuit,

153 1046 254 1094 qusod
273 1046 376 1094 apud
394 1045 631 1098 EutycluH,
652 1049 711 1084 14.
733 1057 771 1092 p.
794 1047 875 1084 192.
900 1056 942 1080 se
963 1045 1152 1091 reperisse
1173 1044 1336 1081 simulat.

263 1102 324 1139 Fr.
347 1105 407 1141 44.
447 1100 562 1150 [Cort.
583 1113 622 1148 p.
665 1104 724 1141 36.
757 1101 856 1138 Gerl.
878 1101 940 1136 ed.
964 1101 1050 1137 mai.
1073 1102 1110 1145 1,
1139 1104 1195 1139 ll.
1222 1100 1283 1137 ed.
1306 1102 1394 1138 min.
1417 1102 1453 1147 Ι,
1469 1104 1530 1141 30.
1559 1116 1598 1151 p.

154 1163 241 1205 184,
260 1161 318 1198 23.
349 1158 458 1197 Debr.
480 1159 517 1205 Ι,
532 1155 607 1206 43.]
669 1158 773 1195 'erba
796 1162 945 1194 exstant
974 1157 1075 1204 apud
1102 1157 1194 1193 Gell.
1218 1157 1296 1193 NN.
1319 1158 1402 1201 ΑΑ.
1432 1157 1503 1203 ΙΧ,
1534 1164 1599 1204 12;

152 1214 425 1253 eaden1.habet
457 1215 599 1251 Nonius
630 1214 682 1259 11,
709 1217 791 1253 554.
830 1225 880 1261 p„
899 1217 987 1259 140,
1020 1217 1079 1252 28.
1110 1214 1281 1259 Mercer.,
1321 1214 1391 1250 sed
1430 1220 1602 1262 quattuor

151 1272 353 1320 postremis
372 1271 538 1308 vocibus
547 1270 723 1307 destituta
735 1282 745 1315 ;
776 1275 930 1318 uterque
953 1275 1076 1306 autem
1099 1269 1267 1306 laudavit
1286 1281 1351 1316 ea,
1369 1275 1407 1307 ut
1428 1273 1603 1319 probaret

154 1333 284 1368 meacm
302 1327 457 1375 Pompei
481 1327 636 1374 passivo
673 1339 794 1364 sensu·
816 1327 955 1364 dictum
986 1326 1200 1374 significare
1227 1330 1359 1363 metum
1382 1339 1407 1363 a
1426 1328 1602 1376 Pompeio

153 1386 442 1429 αέὥὰιίεοᾱιηι,
466 1383 514 1420 de
535 1395 608 1431 quo
630 1383 780 1419 dicendi
809 1383 921 1419 modo
957 1395 993 1419 v.
1024 1383 1073 1419 ad
1100 1384 1181 1430 lug.
1211 1382 1364 1429 XXXV,
1384 1388 1420 1422 2
1450 1396 1489 1432 p.
1518 1389 1602 1424 205.

154 1441 216 1478 Ad
244 1452 324 1477 rem
354 1441 474 1488 ipsam
498 1441 684 1487 pertinent
711 1440 807 1476 haec
827 1439 992 1485 Appiani
1006 1439 1060 1475 de
1083 1439 1127 1475 B.
1157 1438 1197 1475 C.
1218 1439 1253 1483 1,
1271 1442 1331 1478 80.
1361 1451 1399 1487 p.
1426 1444 1507 1479 112.
1538 1441 1601 1477 ed.

155 1497 372 1544 Schweigh.
397 1489 621 1558 Λήγοντος
645 1490 688 1532 δὲ
710 1494 779 1532 τοῦ
797 1491 969 1543 πολέμου
992 1490 1059 1532 καὶ
1080 1490 1119 1539 ἐς
1125 1487 1299 1555 Λιβυην
1323 1491 1499 1545 ἔπεμψεν
1525 1499 1602 1543 (sc.

154 1545 176 1590 ὃ
195 1545 350 1615 Σύλλας
370 1543 440 1589 τὸν
452 1545 684 1613 Πομπήϊον)
703 1546 890 1613 ἐξελάσαι
899 1563 939 1588 τε
960 1542 1050 1612 τούς
1070 1543 1288 1613 Κάρβωνος
1315 1549 1478 1601 φίλους,
1522 1548 1608 1590 καὶ

147 1601 430 1657 Ἱεμψάλαν,
455 1601 768 1646 ἐκπεσόντα*
746 1598 839 1644 υπὸ
858 1600 1128 1655 Νομάδων,
1156 1603 1201 1652 ἐς
1226 1599 1315 1656 τὴν
1343 1606 1607 1657 βασιλείαν

155 1664 475 1714 καταγαγεῖν.
533 1665 719 1704 Plutarch.
750 1665 788 1701 in
809 1665 939 1710 Pomp.
976 1676 1009 1700 c.
1047 1668 1104 1702 12.
1139 1665 1201 1700 ubi
1236 1664 1395 1701 Domitii.
1418 1666 1527 1704 clade
1562 1678 1605 1702 ac

156 1726 273 1758 morte
301 1724 451 1758 narrata
471 1721 521 1756 ita
538 1721 725 1768 pergitur:
758 1712 855 1757 Εἷλε
876 1715 920 1757 δὲ
939 1732 1008 1756 και
1028 1719 1109 1757 τῶν
1126 1716 1322 1784 βασιλέων
1334 1711 1508 1775 Ἰᾶρβαν,
1538 1713 1608 1759 τὸν

156 1769 464 1838 συμμαχήσαντα
497 1774 694 1829 Δομιτίῳ,
727 1768 819 1825 τὴν
857 1771 907 1813 δὲ
942 1773 1206 1838 βασιλείαν
1233 1768 1419 1830 Ιᾶμψα
1454 1775 1607 1828 παρέ-

156 1832 292 1871 δοκε.
351 1826 563 1894 Χρωμενος
583 1828 626 1870 δὲ
650 1831 698 1899 τῇ
718 1826 815 1884 τύχῃ
834 1828 903 1869 καὶ
932 1832 981 1899 τῇ
1008 1825 1114 1885 ῥύμῃ
1134 1831 1204 1869 τοῦ
1222 1826 1507 1897 στρατεύματος
1536 1831 1609 1879 εἰς

155 1882 246 1938 τεὴν
270 1879 575 1952 Νομαδικὴν
601 1884 861 1956 ἔνεβαλλε·
898 1884 965 1925 καὶ
991 1887 1149 1925 πολλῶν
1169 1880 1304 1926 ὁδὸν*
1283 1889 1446 1952 ημερῶν
1454 1884 1608 1953 ἐλάσας,

158 1941 243 1982 καὶ
265 1938 468 1982 πάντων
495 1938 766 2009 κρατήσας,
807 1937 885 1988 οἷς
920 1940 1139 1992 ἐνέτυχε,
1168 1941 1254 1981 καὶ
1283 1957 1334 1981 το
1358 1937 1482 2005 πρὸς
1499 1937 1607 2010 ἑ-Ρω

158 1998 338 2061 μαίους
359 1996 502 2044 δέος,
536 1994 633 2048 ἤδη
666 1999 761 2036 τῶν
788 1993 1065 2061 βαρβαρων
1098 1991 1423 2062 ἒξεῤῥυηκος,
1454 1990 1609 2047 αυθις

161 2045 1433 2119 ἶσχυρόνκαὶφοβερὸνκαταστήσαςοῦδὲτᾶθηρίαδεῖν
1448 2054 1610 2107 ἔφητῆς

161 2111 240 2150 τῶν
261 2104 461 2160 Ῥωμαίων
495 2103 639 2161 ἄπειρα
668 2103 801 2160 ῥώμης
829 2102 1049 2148 ἀπολιπεῖν.
1108 2111 1159 2148 Id
1184 2113 1315 2156 bellum
1346 2114 1480 2163 igitur,
1507 2115 1610 2162 quod

162 2170 271 2216 quale
294 2168 402 2204 l'uerit
427 2160 610 2206 incertum
640 2178 746 2204 esse
755 2167 844 2204 dicit
866 2168 1051 2204 Linkerus
1081 2168 1128 2204 de
1149 2168 1238 2207 Sall.
1259 2170 1415 2207 Historr.
1437 2172 1610 2208 Prooem.

162 2238 203 2274 p.
229 2227 332 2272 7o.,-
342 2222 622 2272 intelligendum
650 2224 699 2260 de
728 2225 930 2261 rebellione
959 2225 1225 2273 Numidarum,
1260 2231 1347 2274 post
1375 2228 1511 2264 victum
1537 2229 1612 2265 Do-

165 2281 304 2331 mitium
329 2285 430 2325 orta3
459 2291 563 2317 arma
583 2281 682 2317 enim
706 2285 956 2329 sumpserant,
986 2281 1074 2328 quia
1094 2284 1318 2331 metuebant,
1339 2295 1386 2319 ne
1408 2285 1610 2332 Pompeius

165 2337 323 2374 Domitio
348 2341 533 2383 superato.
552 2337 825 2384 Hiempsalem,
852 2349 964 2385 quem
983 2349 1102 2386 regno
1134 2340 1384 2387 expulerant‚'
1398 2341 1609 2378 reduceret.

163 2393 397 2431 Resumenas
431 2394 531 2429 enim
560 2393 745 2441 signifieat
770 2396 963 2431 restituere
984 2397 1238 2442 parantis,
1266 2395 1313 2431 de
1344 2408 1417 2443 quo
1448 2409 1519 2434 usu
1550 2410 1611 2434 co-

167 2454 290 2486 natum
323 2449 481 2490 actionis
508 2450 668 2496 simplici
695 2452 812 2488 verbo
840 2451 1075 2498 exprimendi
1102 2462 1140 2487 v.
1171 2452 1373 2488 Grammat.
1400 2455 1463 2490 lat.
1492 2459 1610 2491 nostr.

167 2509 200 2549 S.
231 2508 323 2549 116,
351 2508 387 2544 7.
411 2503 487 2541 not.¹
503 2509 561 2543 12.
582 2517 620 2552 p.
649 2510 720 2545 250
745 2518 803 2555 sq.
831 2508 982 2544 Praeter
1012 2508 1227 2555 Appianum
1255 2512 1292 2544 et
1319 2509 1557 2547 Plutarchum
1587 2513 1609 2546 l.

168 2563 195 2598 l.
212 2562 301 2598 belli
322 2562 514 2604 Africani,
541 2572 564 2596 a
584 2563 766 2610 Pompeio.
787 2576 824 2601 a.
853 2567 914 2602 81.
935 2575 972 2600 a.
997 2563 1080 2600 Chr.
1100 2575 1137 2600 n.
1168 2565 1263 2611 gesti
1277 2594 1286 2609 ,
1317 2566 1436 2602 obiter
1458 2569 1612 2603 mentio-

167 2629 252 2654 nem
273 2618 412 2654 faciunt
430 2618 521 2654 Hirt.
544 2617 591 2652 de
623 2617 668 2654 B.
693 2618 775 2667 Ast.
807 2624 874 2665 22,
903 2625 939 2659 2.
981 2619 1184 2668 Pompeius
1212 2620 1393 2669 Samiam,
1429 2623 1613 2670 Africam,

169 2674 388 2720 Numidiam,
406 2674 681 2711 Mauretaniam
697 2676 854 2722 mir-abdi
870 2678 1052 2713 celeritate
1071 2679 1188 2713 armis
1211 2680 1365 2726 recepit.
1414 2677 1493 2716 Cic.
1513 2692 1551 2727 p.
1572 2684 1607 2717 1.

169 2730 268 2766 Man.
288 2734 352 2775 10,
379 2734 438 2770 28.
468 2735 532 2773 11,
558 2733 621 2768 30-
647 2734 713 2776 21,
740 2735 798 2771 61.
844 2733 914 2769 Dio
946 2723 1052 2770 Cass.
1072 2733 1251 2779 XXXVI,
1279 2739 1315 2774 8.
1336 2747 1376 2783 p.
1399 2738 1458 2775 91.
1489 2736 1612 2773 Reim.

173 2786 411 2832 ZonarasX,
430 2792 475 2832 2,
506 2787 556 2822 in.
578 2787 665 2823 Vol.
685 2759 730 2823 11.
752 2800 789 2836 p.
815 2793 900 2829 301.
929 2789 990 2825 ed.
1011 2789 1161 2826 Pinder.
