1774 3002
462 168 791 208 HISTORIARUM
818 167 1129 206 FRAGMENTA.
1189 167 1277 203 LIB.
1308 167 1335 202 Ι.
1543 162 1623 205 111

815 345 906 380 Gn.
930 344 989 376 IX.

229 416 446 460 Fragmenta,
477 425 618 457 quorum
639 414 871 457 interpretatio
895 423 938 446 ne
962 412 1163 445 coniecturis
1189 411 1325 453 quidem
1350 411 1429 443 iniri
1454 415 1575 454 potest.

318 601 388 647 87.
446 597 565 645 Gens
603 613 703 645 raro
740 611 927 659 egressa
961 595 1063 642 finis
1101 609 1223 642 suos.

317 685 386 728 88.
438 680 512 727 Sic
534 693 642 727 vero
666 680 792 742 quasi
828 678 1059 726 formidine
1087 677 1297 724 attonitus
1315 691 1459 739 neque
1479 676 1625 723 animo

182 779 326 826 neque
350 763 529 811 auribus
567 765 643 809 aut
672 762 826 824 lingua
862 764 1124 823 competere.

190 901 411 949 saepissime
436 900 539 936 valet
562 901 632 936 iter
649 899 805 947 facere,-
825 900 873 936 οἱ.
894 899 1054 946 Herzog.
1076 897 1126 934 ad
1146 868 1254 934 Caes.
1276 896 1322 933 Β.
1343 897 1386 933 G.
1407 897 1487 942 VII,
1507 899 1567 936 35.
1585 908 1626 944 p.

184 961 268 996 440
291 957 353 994 ed.
370 957 423 1002 1.;
452 957 524 994 late
547 957 605 992 ire
624 960 682 992 est
701 956 813 1003 igitur
834 955 990 993 diducto
1013 959 1049 991 et
1070 957 1271 990 extenuato
1293 953 1444 1001 agmine
1463 954 1537 999 ire,
1567 953 1627 989 cui

185 1019 243 1051 est
270 1013 482 1061 oppositum
509 1013 598 1049 artis
626 1013 848 1059 stipatisque
875 1011 1071 1048 ordinibus
1098 1010 1295 1054 incedere,
1325 1011 1376 1046 es.
1404 1009 1453 1046 ad
1479 1009 1560 1056 lug.
1591 1021 1625 1045 c.

185 1069 352 1116 LXVIII,
370 1071 406 1106 4.
429 1080 467 1115 p.
487 1070 592 1113 369.,
612 1067 727 1116 idque
745 1070 844 1106 cauti
867 1068 975 1105 ducis
996 1078 1084 1104 esse
1105 1072 1142 1104 et
1160 1078 1228 1114 per
1250 1077 1292 1103 se
1315 1069 1450 1113 patet„
1465 1070 1502 1102 et
1521 1065 1627 1101 intel-

186 1126 323 1173 ligetur
341 1135 390 1161 ex
409 1125 594 1162 annotatis
613 1124 663 1161 ad
684 1125 765 1173 lug.
785 1137 819 1162 c.
851 1124 898 1172 C,
919 1129 953 1164 1.
972 1135 1008 1171 p.
1028 1126 1112 1163 530.
1151 1123 1271 1169 Quam
1293 1121 1536 1159 accomodate
1559 1122 1628 1169 igi-

184 1187 241 1218 tur
267 1181 428 1219 addatur
450 1185 516 1218 aul
541 1190 745 1219 securus
773 1182 882 1219 facile
910 1180 1059 1218 videbis
1084 1179 1325 1217 considerata
1342 1178 1495 1226 propria
1513 1177 1627 1214 huius

185 1239 293 1274 vocis
310 1241 508 1284 potestate,
530 1247 640 1284 quam
660 1238 931 1285 explicavimus
953 1236 1003 1273 ad
1023 1236 1103 1284 lug.
1124 1248 1158 1273 c.
1178 1232 1408 1280 LXXXVIII,
1427 1239 1462 1273 2.
1481 1245 1520 1282 p.
1541 1236 1626 1273 473.

183 1294 261 1330 Iam
281 1303 377 1340 quae
397 1297 601 1340 sequuntur
620 1295 758 1341 optime
780 1304 955 1332 caussam
970 1292 1131 1329 afferunt
1146 1291 1470 1335 antecedentium;
1492 1291 1628 1327 Roma-

184 1361 256 1386 nus
280 1350 380 1387 enim
400 1349 565 1387 duxnon
590 1350 662 1387 late
682 1355 748 1388 aut
770 1359 926 1388 securus
942 1349 1242 1396 ibatpropter
1262 1352 1429 1384 metum
1445 1348 1581 1394 yemis,
1603 1347 1627 1382 i.

186 1418 221 1442 e.
238 1408 349 1453 quia
361 1406 631 1453 prudenter
648 1407 847 1444 cavebat
864 1409 1017 1454 yentem,
1037 1405 1085 1441 de
1101 1415 1175 1451 qua
1190 1404 1296 1440 vocis
1311 1408 1426 1440 mem
1440 1407 1627 1450 potestate

186 1475 224 1500 v.
256 1462 319 1499 ad.
348 1461 428 1508 lug.
459 1474 494 1498 c.
514 1461 632 1506 LXX,
663 1466 700 1500 5.
719 1475 758 1510 p.
779 1464 862 1501 376.
903 1461 1022 1499 Simul
1050 1464 1173 1498 autem
1191 1464 1294 1507 patet
1315 1470 1426 1506 quam
1443 1469 1626 1507 perverse

187 1518 406 1556 Gerlachius
425 1519 543 1556 verba
559 1520 714 1555 securus
731 1530 756 1555 a
775 1522 871 1555 metae
888 1517 1141 1561 coniunxerit,
1161 1527 1282 1563 neque
1303 1520 1515 1561 assecutus,
1536 1526 1625 1562 quo-

189 1569 312 1611 minus
330 1575 543 1620 iungantur,
563 1574 754 1611 notionum
774 1578 944 1611 naturam
961 1575 1124 1618 obstare,
1138 1576 1175 1608 et
1192 1573 1265 1610 late
1285 1571 1466 1610 adverbio
1486 1571 1629 1608 nudum

187 1629 417 1677 respondere
434 1639 590 1667 securus
603 1629 842 1676 adiectivum,
865 1630 914 1666 de
928 1641 1002 1677 quo
1018 1633 1226 1666 structurae
1240 1639 1381 1677 genere
1395 1639 1434 1665 v.
1453 1631 1628 1665 annotata

187 1685 237 1723 ad
255 1687 335 1734 lug.
355 1697 391 1722 c.
409 1685 550 1732 XXXI,
577 1689 614 1724 2.
633 1697 673 1733 p.
694 1690 777 1727 175.
794 1704 853 1714 -
888 1686 1040 1724 Furta
1058 1685 1142 1722 belli
1165 1690 1251 1722 sunt
1268 1684 1433 1732 buxidae,
1455 1684 1627 1732 fraudes,

187 1743 308 1780 iustae
321 1752 474 1790 pugnae
489 1743 701 1789 apertisque
718 1743 832 1780 armis
847 1743 1044 1791 oppositae
1058 1753 1068 1788 ;
1085 1743 1135 1778 cs.
1147 1741 1244 1778 Curt.
1254 1742 1318 1786 IV,
1335 1744 1435 1789 13‚4.
1460 1742 1628 1787 Furto,

186 1809 262 1836 non
278 1798 424 1846 proelio
449 1808 543 1845 opus
563 1807 665 1840 eme,-
693 1800 906 1846 &tempesta
930 1803 1035 1836 nocte
1060 1799 1223 1846 opprimi
1245 1797 1367 1835 hostes
1387 1807 1513 1846 posse.
1559 1797 1626 1835 Sil.
1686 1817 1693 1820 ἡ

187 1854 310 1900 XVII,
338 1857 397 1893 91.
442 1854 550 1901 Virg.
578 1855 675 1892 Aen.
702 1855 758 1903 X,
786 1857 870 1894 734.
918 1854 988 1901 XI,
1013 1859 1096 1893 515.
1120 1855 1183 1891 ubi
1205 1854 1361 1891 Servius
1384 1865 1433 1890 ex
1450 1854 1522 1891 hoc
1543 1853 1627 1900 ipso

188 1910 270 1946 loco
292 1909 401 1948 affert
418 1919 509 1957 oens
528 1911 580 1946 ad
594 1910 701 1957 furta
720 1911 802 1947 belli
815 1911 1033 1957 per-idonea.
1074 1911 1151 1946 Iam
1171 1911 1203 1946 si
1225 1910 1377 1957 quaeris
1398 1910 1446 1946 de
1467 1920 1637 1956 quonam.

190 1964 286 2001 duee
301 1965 584 2012 intelligendum
598 1966 646 2002 sit
658 1967 934 2013 Fragmentum,
957 1966 1030 2003 hoc
1049 1976 1163 2001 unum
1178 1970 1320 2002 certum
1335 1970 1405 2011 est,
1424 1976 1500 2001 non
1513 1976 1628 2012 posse

191 2020 242 2057 ad
255 2021 421 2067 Pompeii
441 2031 504 2056 res
518 2021 556 2056 in
567 2020 750 2067 Hispania
766 2022 907 2067 reterri,
924 2021 1026 2068 quod
1040 2022 1265 2058 Debrossius
1281 2022 1382 2067 secia
1403 2021 1451 2058 de
1466 2022 1513 2059 iis
1529 2023 1628 2058 enim

191 2077 229 2112 in
241 2077 367 2123 primo
382 2076 474 2112 libro
494 2077 606 2122 plane
621 2087 696 2112 non
716 2076 854 2113 dictum
874 2082 944 2113 est.
983 2078 1066 2114 Non
1083 2078 1205 2124 magis
1220 2089 1313 2114 vera
1326 2082 1384 2115 est
1400 2077 1561 2115 eandem
1579 2080 1628 2118 ob

191 2142 365 2169 caussam
376 2131 563 2168 Gerlachii
574 2132 715 2178 opimo,
727 2133 789 2179 qui
798 2133 884 2169 Vol.
895 2133 956 2168 III.
970 2144 1007 2181 p.
1021 2136 1080 2173 73.
1099 2133 1147 2169 de
1161 2133 1320 2171 Curione
1333 2138 1396 2171 aut
1407 2133 1455 2170 de
1472 2135 1627 2171 Lucullo

191 2188 349 2234 eogitari
368 2198 484 2234 posse
502 2192 641 2224 censet.
663 2189 748 2225 Non
764 2190 983 2237 repugnabo
996 2194 1139 2236 autem,
1154 2190 1186 2226 si
1208 2192 1292 2238 quis
1312 2190 1360 2228 de
1379 2191 1529 2228 Metello
1549 2201 1628 2228 ser-

191 2254 340 2279 monem
359 2254 446 2280 esse
466 2247 619 2290 statuat,
639 2245 678 2280 in
696 2245 876 2292 Hispania
896 2244 1035 2283 bellum
1054 2250 1228 2293 gerente,
1250 2258 1473 2294 quamquam
1494 2259 1627 2285 conce-

194 2299 360 2336 dendum
382 2296 458 2345 est,
480 2300 595 2338 etiam·
612 2300 659 2337 de
681 2301 806 2348 Appio
827 2306 955 2338 contra
972 2302 1158 2348 Thraces,
1189 2307 1226 2339 et
1246 2303 1293 2340 de
1315 2303 1478 2341 Servilio
1498 2309 1628 2341 contra
1698 2295 1703 2298 ¹

191 2357 334 2404 piratas
355 2356 393 2392 In
411 2356 527 2402 Lycia
541 2357 792 2404 pugnantibus
810 2359 927 2395 verba
947 2359 1101 2406 intelligi
1121 2370 1250 2406 posse.

305 2412 367 2448 Fr.
385 2414 448 2452 87.
489 2409 610 2459 [Cart.
634 2425 672 2460 p.
697 2416 780 2453 954.
824 2414 922 2451 Gerl.
952 2414 1012 2451 ed.
1040 2415 1127 2451 mai.
1149 2416 1184 2460 Ι,
1211 2418 1270 2454 29.
1302 2416 1362 2454 ed.
1391 2417 1480 2453 min.
1502 2416 1537 2462 I,
1566 2419 1627 2457 96.

192 2480 232 2516 p-
252 2469 321 2508 19⁷
331 2496 341 2512 ‚
365 2471 422 2507 16.
461 2467 572 2504 Debr.
593 2469 629 2514 1,
657 2473 738 2508 100.
755 2470 826 2515 111,
856 2469 965 2520 159.]
1005 2470 1182 2508 Arusian.
1206 2483 1244 2507 v.
1266 2472 1454 2520 eqredior,
1483 2484 1521 2519 p.
1544 2475 1627 2513 227.

195 2524 258 2562 ed.
278 2524 448 2561 Lindem.
486 2523 627 2560 Eadem
652 2526 770 2563 verba
787 2525 901 2563 habet
924 2526 1052 2564 Schol.
1071 2527 1122 2564 ad
1147 2528 1288 2564 Lucani
1308 2528 1441 2565 Phars.
1460 2529 1516 2574 V,
1544 2533 1627 2568 510.

191 2580 269 2616 >sed
286 2591 354 2627 pro
371 2589 462 2628 qens
480 2580 530 2616 ibi
549 2580 682 2627 legitur
699 2585 751 2618 ut.
770 2581 825 2618 De
843 2581 1024 2620 Thraciae
1044 2583 1168 2630 aliqua
1189 2588 1299 2630 gente
1311 2584 1408 2622 haec
1426 2583 1525 2621 dicta
1539 2596 1626 2622 esse

197 2635 300 2672 haud
321 2637 418 2674 male
443 2635 651 2682 suspicatur
670 2636 907 2675 Debrossius.
942 2638 1106 2684 Quodsi
1125 2650 1257 2676 verum
1276 2645 1346 2687 est,
1366 2640 1417 2677 ad
1430 2641 1545 2689 Appii
1564 2653 1626 2678 res

199 2689 463 2740 Fragmentum
481 2692 662 2739 pertinet;
681 2692 730 2728 ct.
749 2692 808 2729 Fr.
823 2694 862 2738 1,
880 2697 942 2734 81.
960 2698 1021 2734 82.

308 2748 371 2784 Fr.
391 2751 451 2788 88.
492 2746 614 2793 [Cori.
633 2758 672 2795 p.
690 2750 774 2788 953.
794 2753 884 2796 etp.
905 2753 1007 2790 1004.
1047 2751 1146 2788 Gerl.
1169 2751 1229 2787 ed.
1252 2754 1341 2789 mai.
1362 2754 1390 2798 1,
1408 2757 1468 2792 24.
1488 2758 1524 2789 et
1548 2753 1625 2790 Inc.
