1774 3002
137 159 194 203 56
511 163 513 165 “
630 163 669 200 C.
701 163 934 201 SALLUSTI
963 163 1113 202 CRISPI

145 293 317 339 culatos
337 288 436 351 quis
457 288 611 334 eadem
634 289 764 335 volt?
792 292 869 336 aut
890 290 989 352 quis
1009 305 1099 336 non
1117 289 1263 336 omnia
1280 292 1447 338 mutata
1460 298 1598 351 prae-

145 377 213 421 ter
236 373 482 420 victorem?
518 372 695 419 Scilicet
721 374 904 431 milites,
940 389 1128 437 quorum
1161 374 1378 435 sanguine
1398 375 1598 423 ,Tarulae

148 459 411 520 Scyrtoque,
442 457 664 517 pessumis
689 472 935 514 servorum,
963 460 1140 505 divitiae
1160 461 1312 520 partae
1339 461 1467 505 sunt!
1513 460 1598 515 An,

151 541 311 605 quibus
329 542 555 602 praelatus
580 541 622 587 in
648 541 979 603 magistratibus
1004 542 1233 604 capiundis
1260 542 1481 599 Fufidius,
1516 557 1602 589 an-

148 681 301 718 tionem.
362 678 456 715 Nam
479 680 579 716 clare
599 683 701 727 patet
720 681 921 727 postremis
942 682 1070 718 verbis
1092 680 1207 724 alludi
1228 680 1276 718 ad
1299 684 1534 729 assumptum
1557 683 1602 718 ab

149 749 194 774 eo
217 747 429 785 cognomen
451 736 603 781 Felicis,
635 747 842 783 suppressa
862 738 939 774 sere
962 737 1034 775 hac
1064 738 1270 775 sententia:
1303 741 1344 775 ul
1361 738 1454 775 adeo
1473 748 1603 786 cayno-

149 796 245 831 mine
276 793 345 830 sibi
370 796 547 840 arroyato
581 793 745 829 declaret
762 795 920 830 omnium
951 804 991 831 se
1023 799 1188 832 votorum
1215 798 1412 842 compotem
1434 804 1513 832 esse
1543 794 1605 842 fa-

147 856 258 888 ctum.
318 848 491 886 Ceterum
514 850 626 886 totius
654 849 802 897 periodi
830 855 957 897 partes
989 851 1124 887 eodem
1158 851 1270 887 modo
1294 850 1514 898 parenthesi
1549 850 1605 887 di-

150 908 352 951 stinentur,
375 917 447 953 quo
469 910 504 950 §-
525 911 560 945 1.
590 905 841 944 disiunctivae
865 908 1045 944 orationis
1068 910 1236 946 membra
1263 908 1492 955 interpositis
1520 918 1605 944 ver-

147 966 206 1002 bis
226 964 354 1012 paullo
375 963 525 1010 longius
550 964 645 1000 iuter
665 975 707 1000 se
728 954 922 1001 recedunt.
994 1004 997 1005 ⁷

266 1023 301 1063 S.
322 1022 381 1057 21.
443 1020 539 1056 Nam
556 1025 714 1067 praeter
742 1022 834 1065 etc.)
891 1021 1115 1058 Enunciatio
1136 1033 1203 1069 per
1222 1032 1310 1058 nam
1334 1021 1436 1058 illata
1451 1012 1526 1070 non
1548 1032 1605 1057 re-

151 1079 267 1114 fertur
297 1076 346 1113 ad
368 1078 485 1117 verba
507 1078 678 1124 proxime
697 1077 984 1124 praecedentia
1020 1078 1089 1114 sed
1112 1077 1161 1114 ad
1183 1076 1435 1126 supplendam
1458 1068 1606 1114 senten-

150 1136 253 1179 tiam,
277 1145 374 1180 quae
399 1134 437 1169 in
461 1134 507 1170 iis
529 1135 629 1170 latet.
669 1134 794 1170 Mente
819 1135 917 1170 enim
939 1134 1105 1182 Lepidus
1127 1134 1227 1180 hanc
1248 1134 1474 1171 sententiam
1495 1145 1606 1181 prae-

150 1191 259 1240 cipit:
293 1190 526 1227 nikilominus
541 1191 611 1226 ista
631 1191 708 1227 eius
723 1191 883 1239 felicitas
899 1202 973 1228 non
990 1195 1094 1228 tanta
1113 1195 1184 1237 est,
1199 1195 1380 1241 quantam
1398 1192 1478 1238 ipse
1483 1195 1605 1239 putat.

150 1249 205 1286 De
224 1248 298 1285 hoc
318 1246 406 1283 riam
427 1248 635 1295 particulae
657 1259 730 1284 usu
755 1249 801 1286 cl.
823 1248 872 1284 ad
884 1248 964 1296 Iug.
985 1261 1018 1285 c.
1041 1247 1140 1294 XIX,
1161 1252 1196 1286 2.
1220 1248 1384 1284 Gramm.
1405 1249 1468 1284 lat.
1489 1251 1606 1285 nostr.

149 1310 185 1350 S.
206 1307 287 1349 142,
315 1308 352 1342 2.
378 1309 455 1341 not.
479 1309 514 1342 1.
538 1305 575 1340 b.
597 1316 635 1351 p.
656 1304 739 1343 472.
759 1308 795 1340 et
816 1307 905 1350 159,
927 1308 962 1344 6.
986 1317 1023 1352 p.
1051 1308 1133 1344 604.
1170 1325 1227 1330 —
1266 1304 1448 1358 Victerem
1477 1314 1497 1340 e
1519 1316 1606 1341 con-

151 1364 295 1399 iectura
316 1362 538 1409 scripsimus
570 1372 640 1408 pro
670 1362 879 1407 victoriam,
913 1362 1014 1409 quod
1044 1363 1082 1398 in
1113 1362 1284 1398 omnibus
1318 1361 1471 1409 quidem
1493 1361 1605 1397 codd.

151 1423 230 1464 est,
260 1417 330 1454 sed
364 1429 519 1454 sensum
547 1418 593 1454 ab
612 1417 686 1454 hoc
707 1419 791 1455 loco
813 1419 1085 1455 alienissimum
1106 1417 1233 1455 habet.
1292 1418 1387 1455 Nam
1412 1418 1607 1465 quumvi-

152 1475 271 1514 ctoria
289 1485 408 1522 penes
431 1474 574 1512 Sullam
595 1478 709 1519 esset,
732 1475 770 1520 ii,
792 1475 854 1522 qui
877 1476 1002 1512 omnia
1025 1478 1166 1511 mutata
1180 1476 1279 1512 velle
1302 1473 1475 1512 dicuntur
1489 1485 1606 1522 prae-

151 1537 208 1570 ter
223 1533 421 1578 victoriam,
444 1534 572 1579 optant
594 1531 791 1568 victoriam
820 1543 894 1569 non
914 1533 1063 1578 mutari,
1089 1531 1159 1568 sed
1171 1542 1375 1569 ⁴remanere
1403 1531 1505 1579 apud
1521 1530 1608 1568 Sul-

152 1591 246 1633 lam,
289 1587 390 1635 quod
416 1589 452 1624 in
482 1599 547 1624 ore
577 1587 708 1635 Lepidi
739 1589 942 1626 absurdum
977 1593 1047 1626 est.
1105 1588 1306 1626 Praeterea
1344 1587 1609 1636 praecedentis

153 1645 430 1682 enunciationis
444 1673 453 1690 ,
482 1644 572 1681 huic
594 1645 786 1692 aequalis,
821 1644 915 1682 ratio
943 1645 1054 1682 docet
1077 1656 1153 1681 non
1173 1655 1235 1682 res
1254 1645 1451 1683 mutandas
1469 1646 1610 1694 opponi

153 1703 264 1740 rebus
279 1712 354 1739 mm
368 1702 564 1746 mutandis,
586 1701 656 1737 sed
670 1701 845 1747 homines,
875 1703 937 1750 qui
958 1714 1020 1741 res
1043 1702 1175 1739 mutari
1197 1702 1361 1749 cupiant,
1383 1702 1524 1749 opponi
1544 1701 1608 1741 Ῐιο-

154 1759 311 1797 minibus
331 1759 414 1796 illas
441 1770 514 1794 non
539 1759 673 1794 mutari
704 1759 953 1805 cupientibus.
1008 1759 1131 1804 Quare
1156 1762 1193 1795 ut
1212 1759 1340 1806 paullo
1364 1762 1449 1795 ante
1471 1757 1611 1807 dictum

154 1817 222 1853 suit
246 1816 328 1863 quis
351 1820 511 1863 praeter
536 1815 800 1862 satellites,
840 1816 890 1852 ita
913 1816 951 1851 in
971 1816 1089 1852 altera
1118 1815 1380 1853 enunciatione
1405 1815 1481 1853 dici
1501 1814 1612 1852 debet

154 1869 254 1923 qais=
258 1876 418 1920 praeter
446 1874 690 1925 victorem.
718 1891 774 1897 —
812 1871 958 1909 Scilicet
975 1883 1059 1910 cum
1081 1872 1200 1909 ironia
1231 1871 1414 1917 affirmat,
1450 1871 1553 1919 quod
1571 1883 1612 1908 re

155 1932 241 1978 ipsa
261 1929 446 1978 negatur3'
477 1940 563 1965 nam
585 1940 721 1966 sensus
737 1933 794 1965 est
813 1930 943 1966 milites
963 1933 1075 1974 certe,
1096 1929 1158 1976 qui
1176 1929 1359 1976 sanguine
1377 1939 1446 1965 suo
1466 1939 1611 1976 paucos

158 1987 333 2032 ditarunt,
356 1987 427 2034 ipsi
448 1986 541 2023 nihil
572 1990 763 2034 ceperunt,
794 1986 922 2023 nolunt
933 1986 1154 2033 praesentia
1173 1996 1249 2022 non
1270 1986 1410 2030 mutari
1426 1986 1476 2022 cf.
1505 1988 1540 2029 §-
1554 1986 1612 2024 17.

157 2064 213 2069 -
245 2043 409 2080 Tarulae
429 2043 635 2091 Scyrlique,
666 2043 879 2090 ignotorum
910 2037 1160 2088 nebulonum,
1190 2042 1343 2079 nomina
1362 2041 1612 2087 exhibuimus,

157 2105 197 2138 ut
217 2101 255 2136 in
284 2100 397 2136 codd.
419 2100 615 2137 Vaticanis
648 2101 843 2147 leguntur3
882 2101 999 2147 vulgo
1030 2099 1151 2136 editur
1183 2099 1369 2136 Tar-rutae
1388 2095 1613 2147 Scyrroqtae.

161 2177 208 2183 —-
242 2157 414 2203 Fufidius
435 2160 663 2193 memoratur
694 2167 716 2191 a
734 2157 846 2193 Floro
872 2157 940 2202 111,
959 2160 1018 2201 21,
1037 2159 1095 2194 25.
1134 2152 1532 2203 Admonenle·Fufidio
1560 2156 1611 2192 vi-

156 2223 242 2250 vere
257 2213 400 2260 alt'quos
424 2212 566 2258 debere,
591 2218 631 2249 ul
650 2217 771 2249 essent
789 2213 918 2260 quibus
934 2206 1173 2260 imperarent,
1193 2212 1390 2259 proposita
1419 2215 1474 2248 est
1487 2213 1614 2259 ἔπρεπε

155 2271 220 2307 illa
256 2269 381 2306 tabula
415 2272 486 2305 etc.
530 2269 637 2308 Idem
676 2269 788 2305 tradit
818 2269 975 2306 Orosius
1005 2269 1053 2313 V,
1079 2271 1137 2306 21.
1205 2268 1310 2304 Tunc
1330 2261 1435 2305 Sulla
1462 2272 1614 2305 auctore

155 2327 201 2364 L.
225 2326 374 2374 Fufidio
389 2326 624 2373 primipilari
643 2325 791 2372 primus
819 2325 997 2372 infamem
1024 2325 1123 2361 illam
1150 2324 1310 2361 tabulam
1331 2326 1615 2372 prosmplionis

158 2383 308 2420 induxit
315 2398 326 2423 ,·
380 2382 449 2419 sed
487 2387 644 2430 utroque
684 2383 768 2418 loco
800 2393 935 2417 nomen
976 2385 1150 2428 corrupte
1187 2382 1359 2418 scribitur
1397 2377 1615 2430 Furfidiusi·

159 2441 208 2476 cs.
241 2440 351 2475 etiam
383 2439 571 2475 Plutarch.
602 2439 639 2474 in
667 2437 773 2476 Sulla
801 2451 833 2474 c.
865 2441 924 2476 31.
957 2438 1018 2474 ubi
1054 2439 1091 2474 in
1120 2438 1291 2474 eiusdem
1316 2439 1370 2475 rei
1400 2438 1613 2475 narratione

158 2508 227 2545 pro
252 2488 363 2544 Ἀφί
369 2493 482 2534 διον
506 2495 707 2544 legendum
736 2498 794 2531 est
822 2491 1071 2543 Φουφίδιον;
1099 2506 1220 2542 neque
1244 2495 1396 2532 dubium
1416 2499 1493 2540 est,
1523 2495 1612 2541 quin
1636 2527 1643 2531 r

160 2553 208 2589 de
241 2553 376 2590 eodem
397 2552 543 2589 Fufidio
575 2551 859 2600 intelligendum
882 2553 929 2587 sit
947 2552 1096 2598 Fragm.
1118 2552 1144 2598 Ι,
1174 2554 1234 2590 68.
1253 2552 1316 2588 ubi
1331 2562 1368 2589 v.
1392 2570 1448 2576 —
1468 2551 1614 2588 Ancilla

161 2611 282 2657 turpis
319 2609 475 2647 vocatur
512 2613 665 2658 propter
702 2609 895 2646 servilium
930 2607 1220 2646 ministeriorum
1254 2608 1496 2654 obsequium,
1537 2619 1611 2644 non

162 2666 274 2703 modo
292 2666 409 2703 libero
430 2666 595 2713 homine,
622 2665 691 2703 sed
705 2667 815 2702 etiam
837 2676 949 2702 servo
971 2664 1190 2713 indignum3
1212 2669 1296 2702 cum
1317 2664 1489 2701 irrisione
1511 2664 1612 2700 enim

160 2723 385 2759 seminarum
415 2724 600 2760 vocabula
619 2722 669 2759 ad
699 2723 803 2760 viros
825 2723 1115 2768 transferuntur,
1145 2726 1183 2759 ut
1205 2719 1437 2769 significetur
1467 2731 1535 2757 eos
1558 2721 1611 2756 in-
1654 2720 1665 2734 ⁹

161 2780 274 2834 genio
290 2790 333 2818 ac
354 2780 519 2821 moribus
541 2780 589 2817 ad
610 2779 808 2820 femineam
834 2772 1082 2818 infirmitatem
1111 2784 1146 2816 et
1175 2778 1427 2828 impotentiam
1449 2776 1612 2825 degene-
