1774 3002
150 177 205 220 28
634 179 673 216 C.
707 178 938 217 SALLUSTl
969 179 1119 219 CRISPI

286 311 354 352 29.
397 305 561 351 Marius
586 304 723 350 invita
758 309 895 352 matre
922 306 1029 352 Iulia
1061 307 1247 366 adeptus
1285 308 1352 353 est
1382 309 1596 356 consula-

147 392 261 447 tum,
289 390 381 452 [de
411 405 495 452 quo
527 389 760 435 Sallustius
791 389 1021 450 meminit]

290 479 357 520 30.
399 473 531 533 Apud
560 473 798 519 Praeneste
824 474 1008 519 locatus.

283 560 352 604 31.
397 556 451 603 Et
478 557 641 603 Marius
671 557 815 603 victus
842 557 1141 617 duplicaverat
1170 557 1343 603 bellum.

147 700 214 737 dit.
260 701 401 753 Marius
423 698 636 744 intelligitur
659 696 700 733 C.
721 697 829 733 Marii
855 697 993 744 septies
1021 709 1101 734 cos.
1118 698 1236 744 filius,
1260 711 1295 736 a.
1316 702 1374 739 82.
1402 699 1451 736 ad
1476 698 1597 737 Sacri-

145 760 294 805 portum
319 768 341 793 a
361 756 466 793 Sulla
489 755 611 791 victus
633 758 668 790 et
684 755 885 790 Praeneste
909 755 1139 801 compulsus.
1169 756 1261 793 Eam
1282 767 1362 792 rem
1378 767 1491 804 quum
1506 755 1597 794 Sall.

147 815 341 861 exposuit,
380 814 489 860 plura
520 811 630 848 simul
663 810 709 847 de
745 809 785 846 C.
819 810 939 846 Mario
973 810 1117 847 iuniore
1154 813 1289 858 attulit,
1330 815 1366 848 et
1402 812 1495 849 inter
1525 814 1599 850 alia

146 871 258 907 etiam
299 871 390 916 hoc,
432 873 587 905 matrem
629 869 710 904 eius
744 866 987 903 vehementer
1022 869 1211 905 obstitisse
1246 880 1291 904 ne
1318 871 1449 906 consul
1479 869 1598 906 fieret.

145 928 235 964 Eius
268 928 322 963 rei
352 928 455 963 solus
494 925 618 961 adhuc
654 925 820 961 meminit
853 924 946 960 Aur.
981 924 1110 960 Victor
1151 925 1202 962 de
1235 926 1306 962 vir.
1336 926 1388 962 ill.
1412 938 1446 962 c.
1476 929 1541 971 68,
1563 931 1598 966 1.

147 984 186 1021 G.
208 983 355 1022 Marius
370 984 469 1030 filius
487 980 655 1018 XXVII
670 992 853 1017 annorum
874 981 1100 1018 consulatum
1124 983 1273 1027 invasit,
1304 993 1431 1030 quem
1455 983 1598 1020 hono-

145 1051 243 1090 rem
270 1045 361 1077 tam
391 1041 694 1076 immaturum
718 1042 872 1074 mater
899 1037 1053 1085 flevit.
1113 1039 1161 1074 cs.
1182 1039 1334 1075 Linker.
1360 1039 1407 1075 de
1429 1039 1520 1077 Sall.
1537 1040 1598 1076 Hi-

145 1100 255 1134 storr.
282 1098 452 1134 Prooem.
476 1107 514 1143 p.
530 1097 589 1134 63.

260 1155 321 1190 Fr.
350 1157 406 1192 30.
459 1152 574 1198 [Cort.
597 1163 636 1198 p.
659 1153 757 1201 956.ι
788 1149 883 1186 Gerl.
913 1149 975 1185 ed.
1007 1150 1094 1186 mai.
1124 1151 1157 1196 Ι,
1182 1155 1241 1190 61.
1269 1151 1330 1188 ed.
1355 1153 1442 1188 min.
1473 1154 1507 1198 l,
1538 1159 1597 1194 23.

145 1223 183 1259 p
201 1214 289 1256 l84,
312 1212 368 1249 17.
401 1210 511 1246 Debr.
529 1208 564 1253 Ι,
586 1209 661 1253 34]
711 1208 860 1252 Verba,
891 1218 986 1254 quae
1015 1211 1162 1244 exstant
1188 1208 1289 1255 apud
1312 1210 1493 1246 Priscian.
1514 1210 1596 1256 XV,

144 1272 189 1313 2,
211 1271 246 1306 9.
277 1279 315 1315 p.
340 1270 422 1307 618.
451 1266 511 1303 ed.
530 1265 609 1310 Kr.,
640 1268 726 1301 sunt
747 1275 794 1300 ex
815 1275 859 1299 eo
882 1264 1128 1301 Historiarum
1146 1267 1249 1310 loco
1276 1277 1348 1314 quo
1365 1270 1494 1303 auctor
1516 1278 1599 1304 nar-

148 1325 245 1362 ravit
265 1324 445 1368 Marium,
462 1322 570 1359 clade
597 1319 646 1358 ad
673 1321 926 1374 Sacriportum
949 1326 1122 1368 accepta,
1142 1322 1343 1359 Praeneste
1365 1326 1597 1372 compulsum

147 1392 255 1426 esse,
279 1382 327 1417 cl'.
360 1380 618 1423 Ve11.11‚26‚
647 1382 680 1415 1.
739 1377 986 1414 Plutarch-in
1012 1376 1117 1414 Sulla
1137 1391 1169 1415 c.
1195 1382 1253 1417 28.
1314 1380 1442 1427 Neque
1473 1384 1597 1418 tamen

146 1439 285 1475 locatus
319 1437 368 1473 ad
402 1437 525 1485 ipsum
553 1435 711 1471 Marium
741 1434 978 1470 referendum
1006 1438 1116 1482 puto,
1157 1435 1227 1472 sed
1260 1435 1309 1472 ad
1335 1435 1461 1474 Sullae
1489 1447 1597 1474 exer-

146 1496 275 1540 citum,
304 1494 367 1542 qui
396 1492 565 1530 Lucretio
593 1490 728 1529 Offella
757 1491 853 1528 duce
879 1491 926 1527 ad
950 1487 1199 1528 obsiflendum
1228 1494 1597 1542 oppugnandumque

147 1552 307 1588 Marium
329 1554 413 1586 ante
438 1551 640 1586 Praeneste
667 1548 818 1585 relictus
845 1552 943 1593 erat3
975 1548 1022 1583 cs.
1051 1549 1309 1611 Ve11.11‚27‚
1339 1553 1374 1589 6.
1433 1551 1595 1614 Appian.

149 1608 196 1644 de
219 1608 261 1644 B.
287 1606 422 1649 Civ.1,
448 1610 508 1645 88.
534 1617 571 1652 p.
594 1609 674 1643 122.
704 1602 1042 1668 ed.Sehweigh.‚,¹
1046 1595 1067 1641 ὅ
1094 1600 1137 1641 δὲ
1159 1598 1316 1663 Σύλλας
1341 1597 1412 1643 τὸν
1429 1600 1599 1657 Μάριον

146 1660 186 1709 ἐς
200 1654 448 1715 Πραινεστὸν
472 1658 727 1706 κατακλείσας
755 1652 828 1709 τὴν
856 1652 973 1697 πόλιν
983 1650 1268 1724 ἀπετάφρευε
1271 1674 1338 1698 και
1367 1655 1599 1713 ἀπετείχιζεν

147 1716 190 1758 ἐκ
223 1719 377 1770 μακροῦ
405 1711 684 1783 διαστήματος,
723 1729 798 1754 και
826 1709 1080 1779 Λουκρήτιον
1106 1706 1319 1783 Ὀφέλλαν
1332 1713 1513 1768 ἐπέστησε
1542 1719 1598 1769 τῷ

146 1773 270 1831 εργω,
293 1771 345 1822 ὡς
371 1766 501 1813 οὐκέτι
519 1787 624 1827 μαχῃ
649 1766 991 1825 παραστησόμενος
1010 1768 1190 1824 Μάριον,
1225 1765 1325 1811 ἀλλὰ
1346 1774 1457 1827 λιμῷ.
1509 1777 1596 1822 Qui-

145 1845 292 1882 cunque
332 1838 389 1870 est
429 1836 551 1869 autem
575 1830 788 1878 Fragmenti
818 1841 973 1876 sensus,
1018 1841 1092 1866 non
1118 1831 1189 1867 nisi
1213 1834 1365 1880 cognito
1395 1835 1595 1870 verborum

145 1902 259 1927 nexu
267 1893 440 1927 accurate
467 1888 764 1934 constituendus,
795 1887 841 1923 de
862 1888 945 1923 loco
975 1891 1086 1933 e-‚erte
1117 1899 1189 1934 quo
1210 1888 1473 1936 Fragmentum
1493 1890 1597 1927 exhi-

144 1949 293 1984 buimus
305 1976 314 1992 ‚
333 1947 492 1983 dubitari
509 1957 584 1982 non
606 1948 740 1992 potest.

258 2005 318 2040 Fr.
341 2007 399 2042 31.
445 2001 559 2051 [Cort.
580 2014 618 2050 p.
643 2004 747 2040 1002.
785 2000 882 2038 Gerl.
905 1999 966 2035 ed.
987 2000 1074 2035 mai.
1101 2000 1176 2036 Ine.
1200 2005 1259 2039 21.
1283 2001 1343 2038 ed.
1367 2003 1455 2039 min.
1478 2003 1505 2049 I,
1534 2007 1593 2043 24.

144 2072 182 2107 p.
205 2063 294 2105 184,
318 2062 374 2098 17.
413 2060 523 2096 Debr.
555 2059 589 2104 Ι,
609 2059 685 2103 35.]
727 2058 853 2094 Verba
878 2056 958 2092 sine
981 2057 1062 2092 libri
1091 2061 1180 2093 nota
1209 2057 1337 2094 laudat
1360 2058 1516 2098 Servius
1547 2061 1595 2097 ad

144 2117 251 2163 Virg.
275 2117 353 2152 Ecl.
381 2116 428 2161 11,
459 2117 516 2161 67,
545 2119 584 2151 ut
612 2116 744 2161 probet
774 2116 812 2151 in
835 2124 950 2150 versu
977 2113 1188 2160 Virgiliano
1219 2115 1288 2160 „Et
1312 2117 1368 2151 sol
1388 2118 1594 2154 crescentis

145 2172 338 2209 decedens
365 2172 529 2219 duplicat
556 2173 732 2207 umbras“
761 2171 917 2208 verbum
947 2169 1138 2217 duplicare
1166 2170 1265 2207 idem
1291 2183 1376 2208 esse
1397 2176 1508 2220 atque
1529 2186 1596 2211 au-

141 2239 231 2278 gere
261 2230 342 2267 sive
373 2228 573 2264 intendere.
633 2227 850 2263 Sallustium
881 2229 1008 2272 aperte
1040 2226 1202 2263 imitatur
1232 2226 1508 2266 TacituS‘Hist.
1529 2231 1593 2275 IV,

143 2289 211 2331 54,
235 2289 270 2323 1.
330 2284 463 2322 Audita
488 2284 632 2320 interim
652 2294 728 2330 per
759 2283 898 2319 Gallias
927 2282 1215 2331 Germaniasque
1247 2295 1372 2322 mors
1412 2285 1597 2323 Vitellii

143 2343 490 2390 duplicaverat
522 2340 698 2377 bellum.
763 2340 968 2376 Verborum
997 2343 1120 2375 autem
1152 2351 1287 2377 sensus
1317 2341 1381 2378 hic
1408 2347 1486 2379 est:
1518 2343 1593 2379 cla-

143 2399 208 2436 des
227 2398 346 2435 Mario
376 2398 478 2434 illata
505 2406 638 2434 caussa
667 2396 758 2444 fuit,
800 2399 839 2432 ut
863 2396 1000 2431 bellum
1034 2400 1236 2443 augeretur
1269 2401 1306 2434 et
1340 2395 1592 2447 compluribus

143 2456 237 2492 locis
262 2454 550 2500 exardesceret,
586 2464 628 2489 ac
655 2452 779 2489 multis
807 2453 1032 2488 exercitibus
1055 2451 1287 2501 ducibusque
1308 2458 1512 2502 gereretur.
1551 2456 1594 2492 Id

143 2513 241 2550 bene
262 2512 440 2559 explicuit
455 2511 639 2548 Linkerus
662 2509 709 2545 de
727 2509 817 2546 Sall.
839 2509 995 2545 Historr.
1013 2509 1182 2545 Prooem.
1205 2522 1243 2558 p.
1267 2513 1324 2550 65.
1369 2509 1474 2548 Sulla
1494 2513 1591 2548 enim

145 2579 257 2616 quum
282 2572 368 2615 post
392 2568 588 2605 victoriam
613 2566 661 2602 ad
683 2565 936 2612 Sacriportum
959 2569 1089 2612 captos
1111 2566 1296 2603 Samnites
1317 2578 1449 2604 omnes
1471 2567 1593 2605 occidi

145 2625 320 2662 iussisset
356 2626 412 2670 (v.
443 2624 605 2672 Appian.
630 2623 672 2659 B.
702 2622 740 2659 C.
770 2623 803 2668 Ι,
826 2624 885 2660 87.
911 2622 1038 2666 extr.)‚
1068 2621 1139 2658 hac
1171 2624 1361 2673 atrocitate
1393 2625 1485 2660 iram
1522 2626 1594 2661 l'or-

143 2682 311 2719 tissimae
337 2681 459 2728 gentis
490 2682 540 2717 ita
563 2679 784 2725 concitavit,
816 2682 855 2714 ut
875 2679 920 2714 ab
941 2677 1013 2714 hoc
1033 2683 1198 2726 tempore
1222 2679 1257 2715 ei
1285 2689 1360 2716 non
1387 2681 1462 2717 iam
1491 2685 1594 2718 esset

145 2749 229 2776 cum
253 2738 445 2774 Marianae
468 2741 609 2773 tantum
629 2735 800 2772 factionis
825 2735 993 2781 reliquiis
1018 2747 1040 2772 a
1062 2735 1231 2772 Carbone
1250 2736 1417 2774 collectis
1441 2738 1498 2782 (v.
1515 2737 1592 2784 Ap-

142 2795 245 2845 pian.
269 2795 293 2831 l.
319 2795 343 2830 l.
365 2794 607 2839 c.89—-93.)‚
637 2792 705 2829 sed
734 2802 818 2829 cum
840 2792 971 2829 Pontio
1001 2803 1148 2839 quoque
1171 2793 1363 2838 Telesino,
1387 2794 1590 2842 Lamponio
