1774 3002
489 156 818 196 HISTORIARUM
848 157 1159 195 FRAGMENTA.
1219 159 1308 196 LlB.
1337 159 1400 195 IV.
1570 151 1653 198 ³11

350 285 417 329 17.
475 281 613 343 Equis
640 281 763 341 paria
797 280 1067 342 operimenta
1093 283 1239 337 erant,
1261 296 1376 344 quae
1403 281 1537 327 lintea
1560 281 1655 358 fer-

216 366 303 412 reis
331 364 502 411 laminis
530 364 572 410 in
609 364 786 410 modum
821 365 995 425 plumae
1022 368 1337 412 annexuerant.

353 453 420 495 18.
482 448 615 508 Apud
651 447 910 495 Corduenos
939 463 1158 495 amomum
1198 451 1244 497 et
1276 448 1348 495 alii
1378 447 1504 494 leves
1536 447 1653 494 odo-

216 546 290 579 ιω
318 531 576 593 gignuntur.

215 670 350 705 tectum
371 668 487 704 fuisse
503 660 725 715 planissime
744 673 848 715 patet
870 681 918 705 ex
938 669 1093 714 Servio,
1110 670 1173 716 qui
1195 668 1244 704 ad
1260 669 1365 716 Virg.
1377 668 1475 704 Aen.
1494 667 1558 711 XI,
1572 669 1653 706 770.

217 724 502 772 „camphi-aeti,
532 725 666 772 inquit,
688 726 834 772 equites
857 726 1050 769 dicuntur,
1078 726 1141 772 qui
1168 727 1239 773 ipsi
1271 726 1370 761 ferro
1396 725 1527 761 muniti
1555 728 1653 768 sunt,

210 784 253 821 ‚et
271 792 389 828 equos
410 781 577 818 similiter
600 783 762 818 munitos
788 782 946 827 habent,
976 782 1023 817 de
1052 784 1185 829 quibus
1214 782 1420 819 Salustius:
1441 781 1558 828 Eqm‘s
1581 792 1654 828 pa-

217 839 302 874 ria“
324 842 396 873 etc.
429 837 491 874 Ad
511 837 582 874 hoc
611 849 659 874 ex
688 839 780 886 ipsis
803 840 957 876 vocibus
982 841 1083 886 eqm's
1109 840 1258 886 paria
1285 839 1511 886 operimenta
1532 838 1653 874 elucet

218 898 327 931 antea
346 894 395 930 de
416 896 579 931 utrorum
598 901 742 932 armatu
763 895 900 932 dictum
918 897 1047 932 tuisse.
1084 895 1207 940 Quare
1229 895 1265 931 in
1284 899 1460 942 promptu
1481 898 1538 931 est
1556 893 1653 931 haee

217 953 333 987 verba
351 951 562 998 proximum
581 951 703 988 locum
724 953 1084 1000 postFragmentum
1108 953 1282 999 superius
1303 962 1527 998 occupasse.
1549 950 1654 987 Vidit

218 1006 257 1043 id
278 1007 388 1043 etiam
407 1006 652 1053 Debrossius,
673 1008 742 1044 sed
755 1019 954 1056 perperam
972 1008 1042 1045 has
1062 1009 1267 1055 particulas
1280 1008 1318 1044 in
1334 1018 1447 1044 unum
1464 1006 1654 1053 conflavit,

215 1064 276 1100 cui
293 1063 348 1099 rei
368 1063 584 1111 imperfecta
604 1065 724 1105 forma
742 1066 986 1112 grammatica
1002 1065 1140 1112 prioris
1157 1065 1371 1112 Fragmenti
1392 1065 1525 1101 obstat.
1565 1063 1654 1100 Ger-

218 1119 364 1156 lachius
382 1130 497 1169 vero,
523 1121 587 1167 qui
616 1121 703 1158 Vol.
725 1122 786 1158 ΙΙΙ.
808 1133 848 1169 p.
876 1125 959 1160 130.
980 1122 1042 1158 his
1074 1122 1202 1158 verbis
1231 1121 1277 1157 de
1306 1121 1479 1158 curribus
1503 1121 1654 1168 falcatis

217 1177 279 1223 agi
299 1176 491 1223 opinatur,
515 1178 552 1213 in
573 1177 633 1214 ed.
656 1178 744 1214 min.
768 1189 858 1214 vero
878 1189 925 1214 ea
949 1180 1103 1215 multum
1122 1188 1146 1214 a
1159 1178 1220 1215 Fr.
1241 1181 1296 1217 16.
1317 1178 1497 1223 removit,
1517 1181 1653 1224 etpost

216 1237 478 1269 meamet-ant
497 1233 633 1270 adiecit
662 1239 696 1270 et
722 1235 966 1282 sequebantur
993 1237 1131 1282 equites
1155 1234 1407 1282 cataphracti,
1429 1234 1496 1279 (de
1518 1234 1652 1281 quibus

218 1300 257 1325 v.
278 1289 329 1325 ad
346 1289 407 1326 Fr.
430 1292 497 1334 16,
523 1291 642 1335 init.)‚
668 1292 827 1338 ineptias
847 1292 1052 1327 cumulavit
1071 1301 1186 1338 supra
1206 1302 1319 1338 quam
1338 1291 1512 1337 cuiquam
1531 1290 1653 1327 eredi-

218 1346 291 1381 bile
311 1350 379 1382 est.
415 1345 555 1383 Tantus
575 1347 674 1382 enim
698 1348 767 1383 viri
789 1352 938 1394 stupor,
962 1352 1002 1383 ut
1021 1358 1096 1383 non
1117 1347 1252 1383 viderit
1275 1349 1392 1383 verba
1411 1348 1514 1394 equis
1534 1349 1653 1394 paria

217 1404 441 1449 operimenta
472 1407 582 1439 erant
606 1403 707 1439 hunc
736 1414 888 1440 sensum
918 1403 1078 1450 habere:
1109 1404 1236 1450 equis,
1265 1403 1394 1451 quibus
1420 1403 1656 1451 cataphracti

215 1458 427 1503 tuebamur,
455 1460 561 1506 paria
590 1462 821 1507 operimenta
848 1464 887 1496 ut
913 1460 1087 1507 equitibus
1111 1461 1202 1507 apsis
1228 1465 1344 1496 erant.
1395 1460 1538 1504 Quibus
1567 1460 1652 1507 quis

217 1526 311 1551 sana
325 1519 449 1551 mente
462 1517 663 1552 subiecerit
680 1520 715 1552 et
731 1517 977 1564 sequebantur
996 1518 1130 1564 equites
1148 1516 1406 1564 cataphracti?
1425 1515 1552 1552 —Ad
1569 1528 1652 1553 ver—

216 1573 347 1608 borum
366 1575 586 1608 structuram
604 1572 705 1620 quod
731 1575 859 1609 attinet
887 1573 1089 1609 insolenter
1113 1577 1150 1609 et
1179 1574 1340 1609 sortasse
1370 1573 1451 1609 sine
1478 1574 1652 1620 exemplo

218 1627 356 1664 dictum
376 1633 432 1664 est
455 1631 678 1676 operimenta
706 1634 902 1666 annectere
928 1631 1073 1666 laminis
1098 1641 1167 1677 pro
1194 1631 1427 1678 operimenta
1455 1634 1652 1666 annectere

215 1685 388 1727 hmines,
415 1685 455 1720 in
482 1696 555 1732 quo
577 1685 776 1723 Sallustius
805 1687 1018 1733 analogiam
1043 1688 1249 1726 verborum
1275 1687 1406 1731 mduo,
1433 1697 1551 1732 ατιιο,
1579 1688 1652 1722 cir-

215 1741 364 1786 cumdo,
384 1751 543 1790 asperqo
563 1748 653 1787 ete„
682 1743 729 1778 de
752 1743 883 1790 quibus
908 1754 947 1778 v.
969 1742 1132 1779 Gramm.
1153 1744 1215 1779 lat.
1242 1748 1362 1780 nostr.
1382 1745 1415 1786 §-
1443 1745 1523 1787 127,
1541 1745 1578 1781 3.
1601 1743 1649 1779 A.

214 1801 344 1833 annot.
360 1801 395 1835 2.
416 1795 453 1845 δ.
473 1810 509 1845 p.
528 1801 632 1843 348„
654 1804 805 1835 secutus
832 1799 993 1835 videtur.
1011 1818 1070 1824 —
1094 1799 1227 1836 Pluma
1242 1800 1304 1836 hic
1332 1804 1461 1847 aperte
1488 1799 1651 1836 collecti-

216 1864 304 1888 vum
325 1863 477 1890 sensum
497 1855 628 1900 habet,
648 1856 851 1891 vernacula
874 1857 943 1891 das
964 1856 1143 1902 Gefieder.

326 1909 388 1944 Fr.
409 1912 467 1947 18.
487 1909 602 1955 [Cort.
619 1923 655 1957 p.
678 1914 782 1949 1008.
803 1911 900 1947 Gerl.
924 1911 984 1946 ed.
1006 1912 1095 1947 mai.
1113 1912 1189 1947 Ine.
1212 1916 1291 1950 120.
1312 1911 1372 1947 ed.
1392 1912 1483 1948 min.
1502 1912 1566 1956 IV,
1587 1914 1648 1950 81.

196 1975 253 2011 -p.
276 1968 369 2008 230,
391 1967 450 2003 17.
474 1966 586 2002 Debr.
606 1967 663 2011 V,
685 1965 761 2015 20.]
780 1968 901 2003 Locus
923 1969 1004 2003 sine
1024 1968 1107 2003 libri
1126 1968 1265 2004 indicio
1294 1972 1417 2004 exstat
1443 1967 1546 2015 apud
1567 1967 1650 2017 Phi-

216 2022 357 2068 largyr.
381 2020 430 2056 ad
448 2022 554 2069 Virg.
571 2022 707 2070 Georg.
729 2023 779 2058 IV
793 2052 802 2067 ,
821 2026 879 2061 49.
901 2023 1085 2061 Cordueni
1104 2025 1160 2069 (v.
1181 2025 1277 2060 Plin.
1296 2024 1342 2059 N.
1368 2025 1413 2060 H.
1436 2025 1507 2070 VI,
1528 2024 1607 2069 17.)
1627 2035 1650 2059 a

217 2076 400 2113 Strabone
414 2077 477 2113 XI.
495 2089 534 2125 p.
554 2080 635 2118 812.
659 2079 705 2115 A.
725 2079 860 2115 Almel.
884 2077 1120 2130 Γορδυαῖοι,
1140 2092 1163 2117 a
1186 2080 1385 2117 Plutarcho
1405 2082 1443 2117 in
1465 2081 1595 2117 Lucul-
1616 2092 1649 2116 c.

213 2136 274 2173 29.
293 2130 518 2183 Γορδυηνοί
538 2134 644 2179 dicti,
664 2136 898 2180 Gor-dueum,
921 2137 1125 2173 Armeniae
1144 2138 1380 2184 provinciam
1396 2138 1490 2174 inter
1508 2136 1649 2185 Tigrim

217 2195 252 2226 et
274 2189 466 2226 Arsissam
486 2191 607 2227 lacum
634 2192 760 2236 sitam,
781 2193 1004 2230 incolebant.
1040 2194 1116 2230 Eos
1143 2193 1235 2230 adiit
1261 2194 1436 2231 Lucullus
1464 2198 1553 2242 post
1582 2206 1649 2241 pu·

216 2257 328 2294 gnam
347 2246 447 2292 apud
461 2246 747 2294 Tigranocerta,
768 2250 923 2296 regique
944 2250 1123 2286 Zarbieno
1132 2254 1313 2298 ,propter
1332 2251 1495 2287 animuin
1516 2251 1554 2286 in
1576 2250 1650 2286 Ro-

215 2312 346 2338 manos
366 2313 524 2364 pronum
540 2315 564 2340 a
581 2304 741 2352 Tigrane
761 2306 971 2352 interfecto,
992 2307 1090 2343 iusta
1107 2307 1300 2354 persolvit.
1313 2308 1361 2344 cf.
1379 2307 1605 2344 Plutarch.1.
1623 2307 1648 2342 l.

211 2349 469 2421 Ζαρβιηνὸς
453 2371 476 2396 o
495 2357 575 2396 τῶν
592 2358 835 2423 Γορδυηνῶν
856 2354 1108 2411 finalitas-,⁰
1078 2372 1207 2413 ωσπερ
1225 2359 1374 2412 εἴρηται
1392 2366 1446 2409 (c.
1469 2368 1527 2402 21
1531 2365 1563 2408 ),
1586 2359 1646 2399 δι’

211 2405 377 2451 Ἀππίου
395 2409 531 2464 κρύφα
538 2410 782 2470 Λουκούλλῳ
802 2415 986 2455 διείλεκτο
997 2415 1089 2483 περὶ
1110 2417 1340 2468 συμμαχίας,
1357 2412 1432 2468 τὴν
1449 2411 1649 2482 Τιγράνου

214 2467 428 2534 τυραννίδα
447 2464 730 2534 βαρυνόμενος·
757 2470 949 2537 μηνυθεις
968 2466 1009 2512 δ’
1031 2468 1267 2542 ἀπεσφάγη,
1282 2487 1351 2512 και
1369 2473 1506 2520 παῖδες
1524 2466 1647 2511 αὐτοῦ

214 2522 282 2563 καὶ
309 2519 413 2576 γυνὴ
431 2521 735 2591 συναπώλοντο,
759 2526 856 2596 πρὶν
877 2521 923 2597 ἢ
928 2523 1138 2580 Ῥωμαίους
1156 2529 1210 2576 είς
1227 2525 1435 2594 Ἀρμενίαν
1453 2528 1646 2598 ἐμβαλεῖν.

215 2575 376 2645 Τούτων
397 2574 473 2620 οὐκ
490 2573 766 2648 ἠμνημόνησεν
789 2598 811 2624 ο
831 2579 1107 2633 Λουκουλλος,
1134 2579 1258 2625 ἀλλὰ
1285 2587 1550 2638 παρελθων
1578 2583 1649 2630 εἰς

212 2629 300 2687 τὴν
331 2636 634 2689 Γορδυηνῶν
660 2633 789 2689 ταφὰς
821 2636 1019 2693 προυθετο
1035 2643 1115 2681 τοῦ
1140 2643 1385 2708 Ζαρβιηνοῦ,
1419 2640 1488 2681 καὶ
1512 2632 1650 2693 πυρὰν

213 2690 352 2757 ἐσθῆτι
371 2691 439 2732 καὶ
452 2695 611 2760 χρυσῷ
623 2695 814 2761 βαοιλικῷ
837 2695 906 2736 καὶ
931 2701 1013 2746 τοῖς
1033 2690 1113 2738 ἇπὸ
1135 2694 1336 2751 Τιγράνου
1358 2693 1557 2750 κοσμήσας
1574 2698 1644 2735 λα-

212 2743 354 2802 φύροις
371 2742 488 2798 αὐτὸς
504 2763 644 2804 παρων
663 2744 822 2804 ὑφῆψε,
843 2767 882 2792 κ.
901 2768 934 2793 τ.
961 2758 994 2794 λ.
1027 2758 1128 2794 Haec
1156 2758 1269 2806 igitur
1292 2758 1434 2794 Luculli
1453 2755 1644 2805 expeditio
