1774 3002
454 162 783 202 HISTORIARUM
812 161 1125 200 FRAGMENTA.
1174 161 1262 198 LlB.
1292 161 1356 198 IV.
1534 151 1620 197 313

178 304 338 352 agere3
365 288 487 344 dein,
518 287 637 350 quod
664 285 902 348 qmesitur,
932 285 1098 336 satisne
1132 284 1276 346 pium,
1315 287 1453 330 tutum
1467 321 1479 340 ,
1511 285 1620 346 glo-

140 386 165 420 2
184 354 371 430 riosum,
423 386 479 419 au
522 370 776 418 indecorum
820 370 890 416 sit.
944 411 948 414 .
981 369 1076 415 Tibi
1118 371 1332 429 perpetua
1379 383 1487 428 pace
1535 368 1619 414 frui

181 456 352 510 liceret,
396 453 503 500 nisi-
518 453 670 500 hostes
710 452 944 514 opportuni
1000 455 1045 498 et
1091 452 1430 510 scelestissumi3
1482 467 1621 513 egre-
1666 514 1671 518 Ι

181 538 257 599 gia
289 538 425 593 fama,
473 537 511 583 si
546 537 771 584 Romanos
808 536 1107 597 oppresseris,
1145 538 1293 582 futura
1324 538 1405 581 est.
1468 535 1620 596 Neque

181 674 418 712 saur-exstat
436 675 473 710 in
492 664 635 710 Vatssl.
652 704 661 719 ,
683 686 758 710 non
777 675 930 710 multum
954 674 1190 721 discrepante
1212 673 1298 708 Vat.
1319 677 1375 716 2,
1406 673 1442 708 in
1468 683 1542 719 quo
1564 676 1622 708 est

181 733 394 779 quaesitum.
426 730 476 766 De
496 730 608 767 huius
629 732 734 768 verbi
754 733 871 767 l'orrna
887 735 921 767 et
943 730 1217 778 significatione
1238 730 1287 765 cf.
1310 728 1358 765 ad
1374 729 1434 765 Fr.
1455 729 1482 773 1,
1507 733 1564 768 55.
1585 733 1622 765 et

182 789 217 831 l,
239 791 313 826 lm.
337 788 461 835 Vulgo
485 787 624 824 editum
645 790 850 836 quaeritur.

297 903 331 943 S.
351 904 389 938 2.
420 899 500 936 Tibi
523 904 709 947 perpetua
731 910 831 948 pace
855 899 940 947 frui
969 900 1095 936 liceret
1118 899 1210 943 etc.)
1229 897 1509 936 Revocavimus
1528 900 1622 936 anti—

183 968 295 1004 quam
314 956 428 996 huius
455 957 526 992 loci
556 957 800 1003 scripturam,
821 956 941 1003 qualis
973 960 1059 993 ante
1082 955 1297 992 Carrionem
1329 956 1415 1000 suit;
1434 956 1500 992 vix
1524 956 1623 992 enim

184 1014 277 1050 alias
307 1012 471 1051 editores
495 1024 594 1049 nexu
618 1015 883 1050 sententiarum
911 1023 955 1049 ac
985 1013 1215 1059 singularum
1242 1013 1542 1049 enunciationum
1566 1023 1625 1048 ra·

182 1070 281 1106 tione
303 1073 597 1116 nonperspecta
626 1070 790 1107 auctoris
819 1070 937 1105 verba
955 1069 1078 1116 magis
1109 1073 1366 1116 corruperunt.
1403 1069 1438 1105 A
1457 1069 1622 1117 generali

182 1126 365 1163 sementia
385 1126 579 1162 bimembri
597 1127 795 1172 epistolam
819 1136 979 1162 exorsus
999 1125 1234 1162 Mithridates
1262 1126 1434 1172 proxima
1466 1125 1623 1173 periodo

182 1182 338 1219 Arsacis
357 1181 619 1218 condicionem
641 1183 689 1219 ad
712 1183 814 1219 illam
833 1182 1034 1218 examinat.
1047 1182 1169 1230 igitur
1189 1183 1237 1218 ad
1255 1185 1369 1219 verba
1387 1183 1627 1219 considerare

181 1239 311 1275 debent
326 1239 478 1275 Hemone
497 1242 572 1275 tum
584 1249 720 1285 pacem
741 1248 852 1286 apere
873 1239 1083 1275 reseruntur
1103 1238 1220 1282 haec,
1246 1240 1309 1275 tibi
1328 1243 1513 1286 perpetua
1526 1248 1627 1286 pace

177 1295 262 1342 frui
280 1295 422 1342 liceret,
443 1296 516 1331 nisi
530 1295 650 1332 hostes
669 1307 758 1343 opp.
785 1300 820 1331 el
843 1296 956 1343 scel„
985 1306 1082 1342 quae
1110 1296 1159 1332 ita
1189 1295 1289 1332 dicta
1310 1300 1414 1340 sunt,
1435 1299 1475 1332 ut
1493 1297 1628 1343 probe-

180 1356 239 1388 tur
259 1351 395 1388 Arsaci
414 1362 505 1387 non
526 1352 677 1388 licere
699 1361 835 1399 pacem
862 1361 992 1399 were,
1023 1352 1091 1388 sed
1117 1351 1246 1388 bellum
1276 1354 1311 1388 ei
1337 1352 1626 1399 exspectandum·

180 1417 272 1450 esse.
311 1407 375 1444 Ad
400 1409 552 1444 alteram
581 1408 894 1445 considerationis
933 1412 1076 1455 partem
1104 1408 1221 1455 (quod
1253 1410 1463 1456 quaesitur,
1491 1410 1629 1445 same

173 1466 299 1512 piam,
319 1467 451 1509 intumi,
477 1464 699 1512 οἷονὼειιηι,
730 1476 781 1501 an
800 1465 1013 1501 indecorum
1039 1466 1124 1510 sit,)
1151 1466 1509 1511 spectantrelicua,
1530 1465 1628 1511 (aba)

181 1521 329 1568 cyr-eyia
346 1520 464 1568 fama,
484 1522 519 1556 si
531 1520 721 1558 Romanos
739 1522 981 1568 oppresseris,
1000 1521 1134 1569 futura
1149 1525 1222 1566 est,
1243 1523 1376 1568 quibus
1398 1522 1537 1568 pariter
1556 1532 1625 1558 ex-

180 1577 337 1613 hortatio
355 1577 408 1614 ad
421 1577 552 1613 bellum
570 1579 791 1617 continetur.
812 1578 878 1614 His
899 1578 1025 1615 verbis
1047 1579 1222 1624 quoniam
1245 1579 1531 1625 argumentatio,
1552 1589 1627 1625 qua

182 1632 415 1670 Mithridates
438 1634 590 1678 Arsaci,
613 1635 646 1670 si
668 1635 699 1670 is
721 1635 894 1681 proprias
915 1633 1029 1670 modo
1049 1645 1111 1671 res
1130 1635 1333 1680 respiciat,
1351 1635 1438 1683 belli
1461 1636 1627 1672 necessi-

181 1694 293 1726 tatem
309 1693 419 1736 atque
436 1690 627 1726 utilitatem
647 1693 807 1738 probare
827 1690 969 1735 studet,
989 1691 1100 1737 plane
1118 1692 1337 1735 absolvitur,
1358 1692 1522 1728 maxima
1541 1697 1627 1739 post

179 1745 311 1794 fiam-a
330 1750 385 1782 est
407 1747 654 1793 interpun‘ctio
675 1747 865 1794 ponenda.
888 1747 928 1782 In
947 1748 1130 1793 proximis
1151 1747 1385 1784 Mithridates
1410 1750 1455 1784 ab
1480 1749 1625 1786 Arsace

182 1801 234 1838 ad
257 1814 300 1839 se
321 1803 444 1849 ipsum
465 1803 515 1838 ita
537 1804 678 1848 transit,
698 1809 737 1840 ut
755 1815 829 1840 non
844 1804 1008 1848 reticeat,
1031 1814 1074 1839 se
1093 1805 1141 1840 ob
1162 1805 1298 1840 fractas
1321 1815 1414 1851 opes
1431 1805 1625 1852 indignum

181 1858 304 1895 videri
325 1860 515 1904 societate,
537 1859 606 1895 sed
628 1861 711 1906 ipsa
730 1860 839 1896 clade
855 1871 925 1896 sua
939 1859 1141 1906 Tigranem
1158 1860 1207 1896 ad
1229 1871 1336 1907 opem
1361 1861 1554 1897 terendam
1575 1861 1628 1897 in-

184 1914 288 1950 citari
312 1913 448 1950 debere
465 1915 650 1951 ostendat.
698 1916 800 1951 Hanc
821 1916 1078 1962 planissimam
1102 1918 1367 1953 sententiarum
1387 1918 1568 1954 rationem
1591 1922 1630 1954 ut

184 1981 260 2006 non
277 1971 537 2017 perspicerent
558 1970 741 2016 editores,
772 1973 909 2008 lactum
931 1975 988 2007 est
1009 1973 1141 2018 partim
1161 1974 1342 2010 brevitate
1363 1973 1525 2020 quadam
1545 1985 1629 2010 ora-

184 2026 314 2070 tionis,
339 2026 472 2072 partim
492 2026 699 2073 depravata
719 2029 902 2074 scriptura
923 2028 1182 2065 nonnullorum
1215 2029 1389 2066 codicum
1424 2030 1462 2066 in
1488 2034 1627 2067 textum

183 2083 298 2118 illata.
322 2082 417 2118 Nam
439 2093 551 2129 quum
572 2087 658 2119 ante
680 2083 897 2120 Carrionem
914 2088 1015 2120 recte
1036 2085 1223 2133 legeretur
1239 2085 1509 2133 tibi—liceret,
1526 2087 1627 2135 quod

183 2138 286 2175 haud
306 2138 417 2174 dubie
438 2149 486 2174 ex
501 2138 620 2175 codd.
642 2139 766 2185 fluxit,
790 2142 821 2177 is
841 2140 978 2185 edidit,
999 2145 1039 2177 ut
1059 2143 1098 2178 in
1118 2142 1202 2178 Vat.
1231 2146 1262 2179 1.
1288 2148 1323 2179 et
1341 2147 1378 2182 2.
1402 2148 1479 2188 est,
1500 2137 1563 2180 fibi
1587 2145 1630 2180 si

183 2195 385 2240 —-1icet,
404 2196 592 2242 ceterique
614 2208 745 2233 omnes
777 2197 817 2233 id
842 2198 1005 2244 amplexi
1033 2202 1139 2243 sunt,
1171 2209 1395 2246 quamquam
1424 2211 1534 2237 nemo
1563 2212 1627 2236 ex-

185 2250 352 2298 pedivit,
382 2251 568 2297 quomodo
604 2256 680 2290 tres
715 2254 997 2291 enunciationes
1026 2254 1310 2292 condicionales
1338 2257 1378 2292 si
1402 2257 1505 2304 licet,
1532 2259 1630 2293 nisi

183 2308 324 2353 hostes,
344 2308 386 2343 si
402 2310 633 2354 oppresseris
647 2309 685 2345 in
705 2321 818 2348 unam
843 2310 1039 2356 periodum
1059 2312 1160 2348 coire
1181 2313 1349 2358 possint,
1371 2317 1434 2349 aut
1454 2314 1629 2350 tolerabi-

186 2364 231 2400 lis
250 2367 351 2401 certe
363 2388 375 2410 ‚
397 2363 534 2399 nedum
551 2366 752 2409 commoda
771 2368 954 2407 sententia
974 2378 1022 2404 ex
1043 2372 1142 2404 tanta
1158 2369 1379 2405 confusione
1401 2369 1486 2406 elici
1506 2374 1628 2416 queat,

184 2420 407 2467 praesertim
430 2430 541 2466 quum
572 2421 817 2459 vitiosissima
842 2424 1138 2471 interpunctione
1161 2426 1278 2461 verba
1303 2425 1405 2473 apud
1436 2427 1627 2470 Orellium,

183 2477 343 2513 Fabrum
365 2479 403 2511 et
423 2475 656 2513 Gerlachium
673 2479 728 2515 sic
749 2481 939 2527 legantur:
961 2482 1051 2525 „tibi
1072 2483 1104 2518 si
1125 2485 1306 2528 perpetua
1320 2493 1415 2529 pace
1436 2484 1508 2519 frui
1530 2484 1629 2528 licet,

185 2533 259 2569 nisi
297 2532 425 2569 hostes
453 2534 649 2579 opportuni
679 2539 716 2570 et
751 2536 1041 2582 scelestissumi,
1081 2538 1236 2586 egregia
1272 2539 1391 2583 fama,
1420 2541 1452 2576 si
1493 2539 1628 2575 Roma-

184 2600 254 2625 nos
274 2589 531 2636 oppresseris,
552 2589 672 2626 rutum
698 2596 775 2637 est,
797 2603 919 2640 neque
933 2599 1061 2640 petere
1080 2615 1135 2620 —
1160 2596 1348 2640 sperem.“
1386 2595 1523 2632 Hostes
1550 2607 1630 2642 op-

177 2646 379 2692 portuni
399 2645 461 2681 hic
485 2655 558 2680 non
580 2650 666 2682 sunt
683 2649 723 2683 in
743 2658 834 2695 quos
860 2649 975 2696 facile
1002 2651 1156 2697 impetus
1178 2651 1267 2695 fieri
1284 2655 1429 2698 potest,
1451 2652 1632 2699 quemad-

183 2700 462 2738 modumFaber
485 2702 761 2748 interpretatur,
769 2705 966 2752 vulgarem
986 2718 1095 2742 usum
1118 2711 1295 2751 secutus;
1318 2707 1386 2744 sed
1400 2719 1499 2745 novo
1511 2708 1625 2744 modo

185 2760 366 2794 ettamen
394 2758 634 2806 proprietatis
663 2760 974 2798 retinentissimus
1004 2761 1204 2800 Sallustius
1236 2763 1463 2810 significavit
1482 2764 1626 2810 hostes,
