1774 3002
118 161 203 204 278
603 165 642 202 C.
678 166 909 205 SALLUSTI
940 166 1093 206 CRISPI

123 290 252 335 vobis
287 305 376 336 uno
407 291 552 336 animo
582 291 870 352 pergentibus
894 292 1056 352 possit,
1085 308 1199 354 quos
1232 291 1470 354 languidos
1490 306 1573 338 so—

125 374 371 436 cordesque
408 375 704 435 pertimuere?
758 375 848 422 Nisi
883 377 997 422 forte
1031 377 1077 423 C.
1110 377 1260 433 Cotta,
1292 392 1349 422 ex
1384 376 1573 422 factione

125 458 268 503 media
303 459 482 515 consul,
522 460 648 505 aliter
691 474 819 521 quam
853 463 971 506 metu
1006 461 1102 507 iura
1138 459 1353 522 quaedam
1388 459 1573 504 tribunis

123 542 267 602 plebei
304 542 515 601 restituit3
545 545 587 589 et
623 558 886 605 quamquam
914 545 962 591 L.
994 544 1182 591 Sicinius
1209 543 1376 604 primus
1403 543 1458 589 de
1485 557 1574 602 po-

126 627 284 671 testate
327 625 556 673 tribunicia
597 627 717 689 loqui
761 642 920 684 ausus,
960 628 1260 675 mussantibus
1300 617 1574 684 vobis,'cir—

126 711 387 755 cumventus
424 713 538 766 erat,
574 713 721 757 tamen
749 712 872 772 prius
894 712 955 760 illi
979 713 1186 758 invidiam
1210 712 1417 767 metuere,
1444 724 1574 771 quam

127 807 212 838 vos
255 792 438 839 iniuriae
481 797 733 854 pertaesum
782 799 862 843 est.
943 796 1072 853 Quod
1112 811 1200 858 ego
1249 809 1423 857 nequeo
1466 783 1575 840 satis

127 973 182 978 —
203 952 298 989 Iura
314 954 496 1001 quaedam
517 956 671 993 tribunis
683 957 804 1004 plebis
818 958 982 994 restituit.
1007 957 1108 993 Haec
1125 956 1353 992 illustrantur
1368 955 1450 991 loco
1472 952 1576 990 Cice-

129 1010 231 1045 ronis
251 1021 297 1046 ex
319 1022 373 1046 or.
387 1023 433 1058 p.
458 1011 618 1058 Cornel.‚
641 1014 726 1049 Vol.
750 1014 801 1058 Il,
821 1018 856 1052 2.
878 1026 916 1061 p.
936 1017 995 1054 78.
1017 1014 1130 1050 Orell.
1151 1011 1399 1050 Inimim'ssimi
1414 1012 1489 1056 (se.
1511 1021 1577 1045 no-

127 1066 241 1112 biles)
261 1067 301 1104 C.
326 1068 450 1105 Cottae
471 1069 646 1116 fuerunt,
667 1071 765 1118 quod
790 1073 822 1106 is
849 1072 978 1107 consul
996 1071 1154 1117 paulum
1185 1069 1339 1106 tribunis
1362 1067 1484 1116 plebis
1502 1078 1576 1103 non

119 1125 332 1170 potestatis,
353 1126 421 1161 sed
438 1126 621 1173 diynitatis
641 1128 798 1172 addidit,
825 1127 873 1163 ad
901 1138 996 1174 quae
1017 1121 1147 1163 verba'
1163 1126 1354 1162 Asconius
1377 1126 1400 1163 l.
1426 1126 1451 1160 l.
1479 1124 1574 1159 haec

126 1179 258 1216 habet:
283 1181 377 1226 „Hic
409 1182 535 1228 Cotta,
560 1187 599 1219 ut
627 1188 735 1230 puto,
765 1185 888 1231 legem
918 1185 1015 1228 tulit,
1043 1187 1083 1219 ut
1111 1183 1266 1219 tribunis
1295 1182 1416 1229 plebis
1448 1181 1577 1216 liceret

127 1241 261 1282 postea
291 1238 386 1275 alios
415 1239 654 1286 magistratus
681 1252 837 1288 capere,
871 1241 973 1287 quod
995 1242 1079 1288 lege
1111 1239 1238 1276 Sullae
1267 1239 1313 1275 iis
1343 1242 1422 1274 erat
1449 1237 1576 1273 adem-

126 1294 272 1340 ptum.“
292 1294 462 1332 Eandem
482 1307 560 1332 rem
585 1298 703 1344 tangit
721 1297 862 1334 Ascon.
884 1309 922 1344 p.
943 1301 1002 1336 66.
1027 1309 1064 1333 ν.
1085 1297 1236 1343 Fragin.
1255 1295 1348 1331 Hist.
1370 1294 1421 1341 Il,
1443 1297 1502 1331 51.
1523 1312 1576 1320 —-

128 1350 182 1385 De
202 1350 247 1387 L.
271 1350 407 1389 Sicinio
427 1364 462 1389 a.
484 1355 543 1392 76.
565 1356 611 1389 a.'
625 1353 709 1391 Chr.
732 1366 769 1390 n.
792 1355 937 1391 tribuno
958 1355 1080 1401 plebis
1101 1366 1136 1390 v.
1165 1352 1214 1388 ad
1233 1353 1382 1399 Fragm.
1401 1351 1445 1395 11,
1464 1353 1524 1389 42.
1541 1355 1577 1387 et

128 1410 189 1446 46.
209 1412 245 1443 et
266 1409 313 1445 cf.
337 1407 416 1446 Cic.
442 1410 603 1446 Divinat.
628 1411 666 1446 in
687 1411 730 1456 Q.
755 1411 865 1448 Caec.
886 1414 927 1456 3,
949 1414 985 1449 8.
1015 1410 1242 1447 Iudiciorum
1262 1408 1440 1445 desiderio
1462 1408 1575 1444 tn'bu-

126 1466 226 1500 nicia
241 1470 408 1512 potestas
432 1466 635 1515 efflayitata
655 1472 709 1504 est
716 1484 727 1509 ,-
748 1469 808 1505 ubi
830 1468 1019 1504 Asconius
1039 1479 1077 1514 p.
1102 1470 1184 1505 103.
1205 1466 1317 1502 Orell.
1338 1464 1499 1508 Primus,
1525 1465 1575 1500 in-

128 1521 224 1567 quit,
246 1522 404 1559 Sicinius
422 1524 588 1560 tribunus
613 1525 750 1572 plebis,
775 1535 843 1561 nec
869 1525 978 1561 multo
997 1527 1086 1572 post
1117 1523 1300 1568 Quintius,
1335 1526 1369 1558 el
1388 1523 1576 1568 postremo

127 1578 331 1615 Palicanus
352 1580 618 1627 perfecerant,
639 1586 680 1617 ut
698 1582 927 1618 tribuniciam
940 1584 1155 1628 potestatem
1173 1580 1315 1627 populo
1335 1578 1468 1614 darent
1489 1588 1576 1615 con-

128 1636 226 1671 sules
251 1635 314 1672 Cn.
337 1637 535 1684 Pompeius
553 1637 714 1684 Maynus
734 1642 770 1680 et
782 1638 836 1674 M.
859 1638 1020 1674 Licinius
1043 1637 1211 1674 Crassus.
1230 1655 1288 1662 ·—
1306 1636 1578 1673 Circumventus

133 1696 218 1727 erat
245 1691 464 1729 Gerlachius
484 1694 571 1730 Vol.
600 1694 669 1738 III,
699 1706 737 1740 p.
767 1697 823 1733 94.
851 1695 1020 1742 imperite
1043 1693 1206 1740 explicat
1233 1694 1375 1728 occisus
1403 1695 1502 1736 erat,
1529 1693 1579 1727 le-

130 1751 253 1784 ctores
279 1750 470 1786 remittens
494 1750 543 1786 ad
557 1762 595 1797 p.
617 1755 672 1789 15.
694 1751 756 1787 ubi
779 1750 874 1787 haec
896 1743 1066 1797 scripsit:
1086 1749 1276 1795 „Sicinius
1297 1747 1474 1784 libertatis
1487 1758 1578 1795 poe-

132 1815 200 1841 nas
223 1805 340 1842 dedit.
379 1807 495 1843 Paulo
521 1811 608 1854 post
629 1808 727 1843 enim
758 1809 881 1844 subita
909 1811 1026 1843 morte
1057 1807 1262 1842 exstinctus
1291 1808 1368 1849 est3
1400 1803 1576 1852 facinoris

130 1862 274 1898 invidia
290 1859 481 1900 “oneratur
503 1863 651 1900 Curi0.“
700 1864 801 1900 Haec
824 1875 1048 1911 quamquam
1068 1873 1172 1899 mera
1193 1862 1339 1898 somnia
1359 1864 1463 1906 sunt,
1479 1864 1579 1897 tanta

128 1923 254 1955 tamen
276 1924 333 1956 est
355 1919 574 1957 Gerlachius
596 1920 847 1968 impudentia,
874 1924 911 1957 ut
943 1921 1047 1957 salsis
1077 1918 1298 1956 testimoniis
1327 1918 1486 1954 lectores
1514 1916 1579 1953 de-

131 1977 257 2022 cipere
279 1988 353 2012 non
372 1976 532 2022 dubitet,
557 1978 702 2014 addens
723 1978 856 2026 confer
876 1989 930 2013 or.
954 1978 1006 2014 M.
1036 1977 1152 2012 Licin.
1179 1975 1270 2013 Sall.
1289 1975 1438 2021 Fragm.
1459 1976 1495 2019 3,
1518 1977 1578 2013 22.

128 2036 171 2077 2,
193 2036 254 2071 35.
280 2034 364 2069 Val.
396 2034 496 2070 Max.
531 2034 604 2078 IX,
633 2037 689 2072 14.
721 2038 755 2072 5.
787 2035 929 2071 Ascon.
957 2033 1112 2070 Pedian.
1138 2032 1175 2068 in
1202 2032 1363 2068 Divinat.
1382 2042 1422 2078 p.
1443 2033 1501 2069 19.
1522 2050 1578 2056 —

130 2090 264 2135 quibus
292 2091 384 2127 locis
407 2102 452 2126 ne
480 2091 628 2139 syllaba
659 2091 810 2138 quidem
833 2091 881 2127 de
910 2091 1031 2127 subita
1061 2089 1192 2126 Sicinii
1223 2092 1341 2125 morte
1369 2098 1392 2123 a
1418 2085 1578 2123 Curione

129 2146 342 2182 machinata
370 2146 516 2194 legitur.
557 2147 708 2184 Scilicet
741 2147 814 2184 hoc
845 2151 903 2184 est
936 2147 1156 2183 historicum
1187 2142 1295 2181 esse!
1345 2144 1576 2182 Circumven-

129 2207 187 2238 tus
206 2202 268 2239 hic
288 2203 475 2250 significat
495 2214 719 2254 oppressus,
743 2205 768 2240 i.
788 2215 821 2240 e.
852 2204 889 2242 vi
919 2208 956 2240 et
979 2203 1087 2239 malis
1122 2202 1261 2238 artibus
1289 2199 1497 2245 coercitum
1527 2201 1576 2236 ct.

130 2259 236 2295 Catil.
262 2260 404 2304 XXXI,
425 2264 462 2299 9.
483 2260 661 2304 Quoniam
681 2261 824 2308 quidem
846 2262 1202 2296 circumventus
1222 2259 1268 2294 ab
1286 2259 1441 2294 inimicis
1458 2268 1574 2304 prae-

63 2363 66 2366 *
128 2326 216 2364 ceps
235 2327 338 2364 ayor.
362 2318 410 2352 ib.
432 2317 496 2362 LI,
524 2319 581 2354 40.
613 2318 967 2354 circumveniri
990 2318 1199 2353 innocentes
1226 2324 1391 2362 coepere.
1429 2314 1576 2361 Fragm.

132 2374 167 2418 Ι,
192 2376 259 2419 45,
281 2377 313 2411 1.
335 2372 522 2418 Iniuriae,
545 2385 598 2409 sc.
619 2375 664 2409 ab
686 2374 758 2409 illis
778 2374 887 2410 vobis
909 2374 1044 2409 illatae.
1066 2373 1193 2409 Verba
1213 2383 1322 2420 quam
1335 2381 1399 2408 vos
1419 2372 1579 2407 iniuriae

125 2424 351 2477 pertaesum
364 2434 419 2466 est
439 2430 553 2467 Arus.
573 2441 612 2477 p.
635 2434 717 2468 253.
740 2430 847 2466 Lind.
875 2430 1003 2466 laudat
1024 2441 1071 2466 ex
1092 2429 1182 2465 Hist.
1202 2429 1264 2464 III.

247 2490 282 2530 §-
303 2490 387 2526 9—
402 2491 459 2525 10.
489 2496 590 2534 spem
609 2487 757 2533 frustra
780 2487 916 2534 fuisse)
940 2498 992 2523 sc.
1016 2490 1181 2524 vestram
1195 2515 1203 2530 ‚
1225 2485 1283 2522 ius
1314 2484 1423 2521 vobis
1453 2483 1578 2520 reddi-

132 2548 206 2579 tum
237 2544 295 2579 iri.
326 2563 383 2569 -—
420 2544 609 2580 Tumultus
637 2547 694 2579 est
723 2543 875 2590 Lepidi,
910 2543 958 2579 de
987 2555 1059 2591 quo
1093 2547 1214 2579 actum
1243 2542 1336 2578 libro
1362 2541 1493 2588 primo.
1521 2545 1578 2565 ...-

130 2600 256 2636 Verba
277 2600 325 2635 ad
350 2601 501 2636 exitium
529 2610 644 2648 usque
670 2601 822 2636 insontis
850 2600 987 2636 tribuni
1010 2601 1130 2637 Faber
1161 2600 1258 2635 salso
1278 2598 1392 2634 refert
1412 2595 1461 2632 ad
1484 2595 1577 2634 Sici-

130 2657 253 2700 nium,
277 2657 364 2703 quia
385 2657 416 2693 is
439 2660 472 2700 S.
491 2660 526 2696 8.
549 2659 815 2694 circumventus
836 2656 996 2693 dicatur.
1019 2658 1086 2693 Hic
1109 2656 1208 2692 enim
1231 2656 1352 2703 agitur
1372 2652 1419 2688 de
1432 2652 1473 2696 Q.
1493 2652 1575 2700 Opi-

130 2715 219 2758 mio,
243 2725 400 2750 suasore
422 2715 519 2761 legis
540 2714 731 2758 Aureliae,
742 2725 815 2749 non
836 2714 1040 2759 interfecto,
1053 2713 1122 2750 sed
1134 2713 1320 2748 malitiosa
1337 2709 1578 2746 adversario-

130 2781 209 2807 rum
233 2770 471 2808 accusatione
495 2770 672 2818 dignitate
695 2781 739 2808 ac
757 2771 866 2808 bonis
887 2781 1036 2807 everso.
1058 2770 1106 2806 V.
1123 2765 1435 2818 adFragm.Hist.
1456 2766 1499 2810 ll,
1515 2771 1576 2806 51.
