1774 3002
126 150 207 196 188
631 159 671 196 C.
704 158 936 197 SALLUSTI
967 158 1118 197 CRlSPl

264 282 333 332 86.
388 284 472 331 Vir
500 284 654 346 gravis
686 286 728 330 et
754 284 876 330 nulla
910 286 1003 331 arte
1028 285 1234 347 'cuiquam
1268 287 1461 336 inferior.

264 372 332 417 87.
391 370 455 417 Ita
479 369 640 416 fiducia
665 385 795 432 quam
820 370 1093 431 argumentis
1120 372 1402 433 purgatiores
1427 374 1577 422 dimit-

127 453 290 499 tuntur.

266 541 334 583 88.
391 537 512 590 Haec
550 539 785 600 postquam
824 538 970 586 Varro
1005 539 1049 585 in
1085 539 1226 586 maius
1261 555 1385 588 more
1422 555 1579 588 rumo-

129 635 224 667 rum
257 620 437 668 audivit.
603 620 606 622 ’
1288 627 1290 629 ’

267 709 336 755 89.
393 705 537 766 Quum
572 704 710 753 multa
753 704 990 776 dissereret
1025 707 1139 754 ludis
1176 707 1371 774 Apollini
1407 708 1579 759 circen-

131 789 266 839 sibus.
298 805 302 810 ·

132 932 366 979 disciplinam
394 932 627 978 peritum,
658 931 719 967 ad
740 931 892 966 consilia
906 942 1002 979 pru
1014 933 1219 978 dentem,
1239 933 1299 969 ad
1317 935 1445 970 casum
1462 932 1582 981 forcu-

131 998 289 1036 namque
314 988 503 1036 felicem
525 988 623 1024 domi
648 988 745 1024 vobis
763 988 943 1035 retinere,
972 1001 1084 1037 quam
1103 990 1355 1027 inimicisszmis
1375 990 1582 1028 nationibus

133 1045 283 1082 tradere
303 1045 457 1081 maletis.
486 1064 540 1070 —
566 1044 620 1080 De
643 1054 805 1092 quonam
836 1044 916 1079 viro
948 1045 1147 1085 Sallustius
1177 1048 1370 1094 loquatur,
1400 1048 1582 1085 incertum

134 1106 204 1139 est.
247 1102 467 1149 Pompeium
497 1101 703 1150 signi-ficari
730 1101 955 1140 Debrossius
982 1107 1018 1139 et
1045 1103 1263 1140 Gerlachius
1302 1100 1500 1150 opinantur
1509 1114 1521 1149 ;
1548 1106 1584 1139 et

134 1170 226 1196 sane
253 1159 314 1196 alii
344 1169 430 1195 eum
458 1160 505 1195 ob
532 1158 756 1195 modestiam
786 1158 900 1194 animi
927 1159 1147 1205 laudarunt,
1178 1161 1281 1198 velut
1301 1159 1520 1197 Plutarchus
1546 1161 1583 1196 in

133 1217 261 1263 Pomp·
285 1227 318 1252 c.
338 1220 372 1255 1.
395 1219 431 1251 et
453 1219 532 1260 18.,
553 1215 689 1252 Vellei.
708 1215 759 1259 Π,
779 1218 845 1260 29,
868 1218 904 1254 3.
917 1226 927 1261 ;
960 1217 1029 1253 sed
1047 1228 1069 1254 a
1089 1217 1266 1255 Sallustio
1287 1227 1374 1254 eum
1393 1217 1585 1254 laudatum

135 1273 253 1310 fuisse
274 1284 349 1309 non
372 1275 428 1309 est
445 1271 636 1317 credibile,
660 1273 722 1320 qui
744 1282 830 1308 eum
849 1272 920 1309 alio
937 1273 1184 1311 Historiarum
1199 1275 1283 1310 loco
1307 1274 1386 1318 (Fr.
1409 1275 1487 1310 Ine.
1507 1274 1586 1316 41.)

136 1329 296 1367 dixisset
316 1331 499 1375 esseoris
521 1329 697 1377 improbi,
719 1330 841 1365 animo
860 1329 1123 1376 inverecundo,
1145 1341 1264 1379 eoque
1283 1330 1422 1367 iudicio
1445 1334 1586 1368 tantum

136 1387 292 1432 Lenaei,
314 1387 483 1434 Pompeii
503 1386 642 1432 liberti,
664 1387 765 1435 inse
787 1385 915 1422 odium
935 1388 1181 1433 concitasset,
1210 1392 1250 1425 ut
1273 1388 1519 1434 acerbissima
1540 1387 1586 1423 ab

136 1456 182 1480 eo
204 1444 319 1482 satira
338 1445 581 1488 laceraretur,
601 1447 697 1480 teste
719 1442 898 1480 Suetonio
921 1444 968 1481 de
989 1446 1124 1482 Illustr.
1145 1455 1303 1492 gramm.
1324 1457 1359 1487 c.
1378 1444 1462 1480 XV.
1502 1445 1587 1482 Non

135 1513 203 1549 pro
232 1501 405 1538 modesto
430 1501 649 1547 Pompeium
671 1512 693 1537 a
714 1499 891 1538 Sallustio
917 1513 1003 1539 esse
1029 1502 1195 1539 habitum
1224 1502 1449 1550 perspicitur
1475 1493 1588 1538 etiam

137 1569 186 1594 ex
207 1559 288 1595 eius
308 1558 468 1605 epistola
488 1557 539 1593 ad
555 1562 738 1602 senatum,
761 1568 871 1604 quam
888 1562 1017 1595 auctor
1046 1560 1097 1595 ita
1118 1559 1339 1606 composuit,
1365 1563 1405 1596 ut
1419 1569 1588 1595 summae

135 1616 260 1663 potius
284 1615 534 1662 arrogantiae,
558 1626 669 1662 quam
689 1613 851 1651 modesti
874 1616 987 1652 animi
1008 1617 1055 1652 sit
1075 1613 1354 1652 documentum.
1395 1616 1518 1661 Quare
1540 1614 1589 1651 ad

138 1672 252 1709 alium
272 1683 382 1719 quem
403 1672 591 1718 potentiae
612 1671 803 1718 cupidum,
826 1672 888 1718 qui
908 1673 1012 1708 multi
1032 1673 1094 1708 illo
1116 1676 1284 1719 tempore
1308 1672 1451 1711 Romae
1473 1673 1588 1716 suere,

136 1729 401 1777 Fragmentum
422 1728 660 1764 referendum
681 1731 750 1764 est.

250 1800 312 1837 Fr.
329 1802 400 1839 86.
452 1798 576 1845 [Cort.
596 1810 636 1846 p.
655 1801 738 1838 959.
779 1798 878 1835 Gerl.
903 1800 964 1836 ed.
987 1801 1073 1837 mai.
1093 1800 1144 1844 II,
1165 1802 1226 1838 32.
1263 1799 1326 1836 ed.
1348 1799 1438 1836 min.
1461 1799 1504 1844 11,
1529 1803 1588 1838 23.

138 1869 176 1905 p.
193 1860 355 1902 201‚.25.
376 1856 488 1895 Debr.
511 1857 554 1901 II,
575 1860 637 1895 53.
654 1856 719 1901 IV,
742 1853 818 1904 9l.]
839 1856 953 1893 Arus.
974 1870 1015 1895 v.
1030 1857 1214 1905 ⁴inferior,
1235 1868 1273 1904 p.
1294 1858 1376 1896 242.
1416 1855 1520 1902 Quae
1543 1868 1590 1892 ex

139 1914 251 1951 Nonii
269 1913 333 1958 IV,
350 1915 432 1952 284.
453 1914 511 1960 (p.
530 1916 612 1958 315,
628 1916 665 1952 5.
687 1913 822 1957 Mero.)
839 1914 965 1951 verbis
984 1918 1020 1950 et
1034 1916 1238 1951 continetur
1255 1914 1400 1961 ρναυίε,
1416 1913 1496 1959 (Fr.
1513 1913 1590 1951 Ine.

138 1974 232 2016 83.),
249 1970 378 2007 Douza
392 1969 480 2008 huie
491 1970 716 2019 Fragmento
737 1969 882 2006 affinxit
901 1981 951 2008 ea
973 1972 1267 2014 continentia
1286 1971 1344 2008 vir
1359 1972 1486 2018 yram
1505 1973 1589 2015 etc„

141 2028 314 2075 quamvis
336 2028 375 2063 in
396 2027 569 2064 omnibus
602 2027 691 2064 edd.
712 2028 908 2074 leguntur,
940 2028 1143 2065 salsissima
1169 2031 1267 2064 sunt.
1311 2028 1406 2064 Nam
1425 2031 1591 2074 praeter-

142 2096 276 2132 quam,
303 2084 404 2131 quod
426 2084 518 2121 nihil
538 2085 652 2132 plane
672 2083 811 2120 indicio
833 2088 891 2121 est
910 2084 1007 2122 haec
1028 2084 1248 2122 cohaesisse
1262 2113 1271 2130 ,
1303 2084 1448 2121 Nonius
1469 2094 1592 2120 exem-

142 2143 205 2189 plo
222 2140 449 2178 Sallustiano
470 2141 580 2178 utitur
602 2141 652 2178 ad
668 2141 904 2188 probandum
917 2152 1031 2190 yrave
1050 2141 1149 2178 idem
1166 2152 1252 2187 esse
1271 2145 1380 2188 atque
1396 2141 1592 2186 molestum,

145 2209 242 2245 quae
275 2198 380 2234 vocis
409 2202 576 2245 potestas
605 2200 651 2235 ab
673 2198 853 2235 Arusiani
876 2199 959 2235 loco
974 2202 1045 2234 ,est
1065 2199 1308 2243 alienissima.
1330 2219 1386 2224 —
1433 2197 1593 2234 Debros-

146 2255 224 2291 sius
237 2283 246 2299 ‚
275 2255 338 2301 qui
361 2254 442 2291 sine
466 2254 604 2291 idonea
627 2266 764 2297 caussa
784 2256 902 2291 verba
923 2255 970 2291 de
991 2254 1157 2292 Sertorio
1178 2255 1461 2302 interpretatur,
1492 2253 1593 2301 quod

145 2322 267 2358 neque
292 2311 424 2358 negari
443 2322 565 2357 neque
588 2311 766 2348 affirmari
788 2315 931 2358 potest,
960 2315 1159 2359 praeterea
1177 2323 1246 2360 pro
1267 2316 1302 2349 el
1320 2312 1421 2349 nulla
1445 2309 1594 2358 scripsit

68 2392 70 2395 >
144 2378 214 2405 nec
230 2368 320 2405 ulla.

258 2439 320 2475 Fr.
354 2439 415 2477 87.
462 2437 583 2484 [Cort.
611 2449 648 2485 p.
681 2440 763 2476 957.
804 2438 901 2475 Gerl.
933 2440 992 2476 ed.
1026 2440 1113 2476 mai.
1144 2440 1198 2486 ΙΙ,
1239 2443 1297 2478 13.
1346 2439 1407 2476 ed.
1430 2439 1517 2475 min.
1547 2439 1593 2488 11,

145 2498 203 2534 61.
225 2507 263 2542 p.
282 2497 371 2540 204,
398 2499 455 2534 10.
508 2495 618 2531 Debr.
642 2495 679 2539 I,
702 2496 780 2540 18.]
830 2496 957 2532 Verba
986 2496 1184 2533 laudantur
1218 2507 1240 2532 a
1268 2496 1482 2541 Nonio-IV,
1509 2499 1592 2534 205.

146 2553 211 2599 (p.
230 2554 319 2597 310,
341 2550 398 2590 21.Ι
425 2552 586 2598 Merc.)‚
614 2550 748 2588 Servio
771 2551 820 2587 ad
841 2553 948 2600 Virg.
971 2554 1066 2592 Aen.
1091 2554 1140 2598 II,
1162 2557 1240 2598 61„
1270 2553 1413 2589 Donato
1434 2551 1483 2588 ad
1507 2551 1592 2590 Ter.

149 2607 297 2644 Phorm.
317 2609 353 2653 Ι,
374 2611 418 2653 4,
448 2612 506 2647 15.
536 2612 573 2644 et
594 2608 644 2644 ad
669 2608 805 2656 Hecyr.
829 2609 901 2654 IV,
923 2614 963 2655 1,
989 2614 1070 2654 13„
1101 2621 1149 2646 ex
1169 2610 1302 2657 quibus
1324 2609 1427 2646 solus
1450 2609 1594 2646 Nonius

147 2665 296 2709 librum,
313 2664 413 2700 unde
431 2665 629 2712 desumpta
647 2668 744 2710 sunt,
766 2666 984 2712 nominavit,
1002 2667 1166 2704 Donatus
1182 2669 1377 2714 praeterea
1391 2664 1440 2700 ad
1455 2665 1594 2712 Hecyr.

148 2722 305 2758 verbum
334 2721 560 2759 dimittuntur
583 2733 658 2758 non
680 2722 805 2759 habet.
850 2722 988 2760 Omnes
1016 2725 1098 2760 loco
1122 2722 1288 2760 Sallustii
1315 2724 1515 2768 propterea
1537 2724 1595 2759 usi

149 2781 254 2823 sunt,
287 2782 327 2814 ut
347 2780 549 2826 probarent
564 2780 741 2828 fiduciam
768 2780 866 2818 malo
888 2791 1002 2818 sensu
1025 2781 1098 2819 dici
1119 2791 1188 2828 pro
1207 2779 1344 2816 audaci
1359 2779 1594 2827 impudentia.
