1774 3002
0 151 4 167 Ι

512 201 843 243 msromARum
871 199 1183 239 FRAGMENTA.
1241 200 1332 237 un.
1361 200 1390 238 1.
1582 186 1589 191 '
1615 192 1672 237 4³

231 330 412 375 libertas
418 330 463 374 et
472 341 581 374 suae
591 326 749 388 cuique
767 325 912 380 sedes,
931 338 1018 370 neu
1027 323 1098 370 cui
1107 323 1191 371 nisi
1202 323 1378 386 legibus
1386 324 1675 384 pareremus?

177 429 199 464 5
231 426 346 474 quae
360 413 517 472 cuncta
538 423 727 456 scaevus
746 408 830 455 iste
846 408 1077 463 Romulus,
1099 408 1225 469 quasi
1245 408 1300 454 ab
1319 407 1515 455 externis
1531 410 1671 468 rapta,

230 498 369 551 tenet,
403 508 492 541 non
520 495 586 539 tot
607 492 879 539 exercituum
906 491 1030 538 clade
1061 505 1205 552 neque
1232 491 1465 538 consulum
1491 491 1536 536 et
1555 491 1673 538 alio-

228 593 324 627 rum
346 576 604 640 principum,
631 591 745 640 quos
763 577 940 622 fortuna
962 575 1061 621 belli
1086 579 1436 645 consumpserat,
1465 575 1665 631 satiatus,
1698 629 1709 637 ρ

228 717 408 754 Romulus
434 717 482 753 ob
503 716 699 753 saevitiam
729 716 895 752 famosus
920 714 1047 759 luerit,
1078 724 1191 761 quam
1213 713 1427 760 opinionem
1450 712 1670 750 Gerlachius

227 774 314 810 Vol.
333 771 397 809 111.
425 784 464 820 p.
484 775 543 811 55.
566 771 658 809 satis
689 782 867 819 perverse
896 775 1030 807 tuetur.
1088 770 1219 817 Neque
1245 770 1366 805 Faber
1390 769 1427 805 in
1455 770 1580 817 priore
1608 769 1671 806 ed.

228 840 309 865 rem
329 839 402 865 acu
419 829 559 876 tetigit,
582 829 643 875 qui
669 838 824 864 scaevus
843 828 983 874 recepit
1002 827 1153 873 quidem
1176 827 1213 861 in
1233 829 1466 871 contextum,
1488 826 1558 862 sed
1580 828 1671 863 sirri-

225 888 350 922 strmn·
363 886 387 921 i.
410 895 445 920 e.
464 884 666 933 &smmum
684 888 794 932 atque
812 884 1351 930 calaminam-interpretatur,
1368 884 1406 918 in
1426 892 1501 930 qua
1524 887 1672 920 senten·

228 943 279 978 tia
297 941 389 989 quid
410 936 558 978 Ronmli
583 941 719 977 mentio
748 941 819 977 sibi
842 941 932 976 velit
960 950 1034 976 non
1056 940 1164 975 facile
1184 939 1412 985 intelligitur.
1447 958 1507 966 —-
1545 941 1671 976 Verba

226 999 335 1046 quasi
350 997 401 1034 ab
416 999 581 1034 ater-nis
600 1001 732 1062 rapta,
756 998 890 1044 quibus
910 996 1023 1032 valde
1050 996 1187 1032 similia
1207 999 1294 1031 sunt
1310 1005 1406 1042 quae
1425 996 1523 1032 intra
1542 997 1672 1044 legun—

226 1059 284 1091 tur
311 1056 347 1097 s.
373 1055 434 1093 1⁷.
471 1053 580 1097 Bona
600 1055 730 1090 civim
749 1054 888 1100 quasi
905 1051 1452 1100 θίηιῠνὶοαηιρναεάαηι,
1478 1054 1669 1101 respicere

163 1154 167 1157 Α
225 1110 400 1146 videntur
418 1109 565 1146 dictum
578 1109 730 1157 aliquod
751 1107 897 1153 Sullae,
919 1109 1022 1156 quod
1040 1110 1282 1145 conservavit
1300 1109 1486 1145 Plutarch.
1503 1121 1668 1157 compar.

223 1166 410 1216 Lysandri
437 1177 471 1202 c.
502 1165 627 1211 Sulla,
659 1166 847 1213 c.111.p.
884 1169 962 1204 165.
993 1166 1124 1202 Reisk.
1182 1158 1250 1201 Ἐν
1277 1164 1439 1218 φανερῷ
1474 1177 1567 1203 ποτε
1599 1165 1670 1203 τοῦ

223 1217 352 1272 δήμου
368 1220 619 1272 περιεστῶτος
631 1212 772 1259 οὐσίαν
786 1215 959 1272 μεγάλην
974 1214 1284 1286 (immodum
1297 1221 1411 1270 τιμῆς
1437 1221 1507 1271 τῆς
1533 1215 1668 1285 τυχού-

222 1287 293 1327 σης
320 1276 374 1324 εἰς
397 1274 468 1316 gv&
490 1277 570 1314 τῶν
591 1275 719 1325 φίλων
733 1274 882 1315 ἐκέλευε
896 1272 1219 1342 κατακηρύσσειν.
1272 1270 1433 1341 Ἑβέρου
1455 1274 1500 1316 δὲ
1502 1269 1595 1342 τὴν
1611 1291 1668 1315 τι·

222 1328 304 1383 μὴν
321 1327 683 1398 ὑπερβαλλομένου,
706 1331 774 1371 καὶ
792 1335 862 1371 τοῦ
882 1328 1056 1384 κήρυκος
1073 1325 1118 1371 τὸ
1135 1330 1350 1384 προς-τεθὲν
1368 1326 1670 1398 ἀγορεύσαντος

223 1384 527 1441 διηγανάκτησε,
560 1384 672 1427 δεινά
698 1403 762 1440 γε,
794 1403 826 1428 ω
847 1388 957 1438 φίλοι
977 1391 1155 1438 πολῖται,
1179 1386 1248 1427 καὶ
1277 1383 1498 1454 τυραννικὰ
1513 1385 1665 1440 πάσχω,

222 1442 416 1512 φάμενος,
451 1444 496 1483 εἰ
523 1439 579 1483 τὰ
611 1441 700 1495 ἐμά
722 1459 806 1495 μοι
825 1440 1028 1496 λάφυρα
1056 1442 1337 1483 διαθέσθαι
1368 1438 1431 1495 μὴ
1453 1444 1667 1496 ἔξεστιν,

223 1495 286 1548 ὦς
317 1497 579 1553 βούλομαι.
639 1505 687 1540 cl'.
716 1502 794 1540 Cic.
825 1505 863 1539 in
881 1504 993 1540 Verr.
1009 1504 1076 1548 111,
1097 1507 1164 1548 35,
1183 1506 1244 1542 81.
1276 1503 1537 1541 Sullamntum
1555 1506 1671 1541 amn-i

222 1559 656 1604 madaudaciam,
683 1559 1465 1608 mdicereinconcioncnondabitaret,
1497 1562 1667 1598 banaci-

221 1615 580 1653 mmmm-mn
597 1626 709 1663 quum
727 1617 907 1661 venderet,
923 1617 1215 1664 &praedam
1234 1627 1364 1654 suam
1388 1618 1669 1655 vendere.—

221 1673 292 1708 Pro
311 1673 499 1709 consum
517 1673 556 1708 in
575 1672 640 1708 ed.
660 1673 805 1709 Gruteri
826 1678 863 1708 et
886 1673 997 1710 Cortii
1017 1674 1183 1720 pessime
1210 1673 1346 1721 legitur
1365 1675 1547 1723 consulis,
1568 1675 1668 1722 pari·

221 1733 277 1764 ter
304 1731 434 1765 contra
464 1730 629 1765 omnium
657 1729 771 1765 codd.
809 1734 919 1777 atque
941 1730 1132 1767 historiae*
1157 1730 1293 1775 fidem3
1334 1742 1409 1766 non
1443 1743 1539 1768 unus
1566 1732 1667 1767 enim

221 1786 373 1830 consul,
397 1784 468 1821 sed
486 1786 698 1832 complures
718 1787 930 1833 perierunt,
960 1791 1000 1822 ut
1022 1786 1159 1830 Cinna,
1189 1798 1228 1823 v.
1249 1787 1414 1834 Appian.
1436 1787 1485 1824 de
1514 1789 1558 1824 Β.
1584 1787 1668 1825 Civ.

220 1842 259 1888 l,
277 1843 358 1886 78.;
379 1841 544 1889 Marius,
565 1841 605 1877 C.
620 1842 728 1878 Marii
744 1843 799 1887 F.,
823 1854 860 1878 v.
877 1843 1041 1889 Appian.
1058 1844 1093 1887 I,
1109 1846 1191 1887 94.;
1213 1843 1431 1889 Norbanus,
1447 1856 1487 1880 v.
1502 1846 1666 1892 Appian.

221 1898 255 1944 Ι,
273 1899 357 1942 91.;
393 1897 460 1934 Cn.
488 1898 612 1944 Papir.
635 1897 776 1943 Carbo,
809 1911 849 1935 v.
876 1900 1041 1946 Appian.
1059 1900 1100 1946 1,
1119 1902 1177 1938 96.
1237 1899 1457 1948 Principum
1489 1903 1665 1946 viror-mn,

221 1964 316 2000 quos
337 1955 484 1989 fortuna
499 1954 588 1989 belli
606 1956 858 2002 consumpsit,
886 1966 1084 1992 numerum
1102 1956 1196 1991 inire
1214 1957 1352 1992 frustra
1376 1957 1573 2004 suscipias.
1610 1958 1665 1994 De
1704 1978 1715 1983 ι

223 2010 362 2055 ingenti
379 2009 613 2044 multitudine
630 2011 729 2045 bello
759 2012 860 2047 civili
890 2013 1192 2058 interemptorum
1223 2012 1271 2047 cs.
1299 2013 1486 2049 Plutarch.
1515 2014 1553 2049 in
1571 2013 1664 2051 Suu.

222 2075 255 2099 c.
280 2066 340 2102 31·-
369 2064 532 2111 Appian.
553 2065 596 2100 B.
615 2064 655 2101 C.
685 2066 721 2113 1,
748 2069 796 2104 95
816 2078 874 2113 sq.
903 2067 993 2103 ibid.
1016 2068 1050 2111 I,
1073 2070 1153 2106 103.
1176 2068 1274 2103 Flor.
1291 2068 1360 2113 111,
1380 2073 1440 2113 21,
1455 2073 1515 2108 25.
1536 2070 1663 2107 Valer.

224 2120 322 2156 Max.
345 2120 534 2168 1X‚··.2‚1
558 2121 712 2169 Eutrop.
730 2122 778 2166 V,
794 2126 830 2161 9.
857 2123 966 2160 Oros.
983 2124 1031 2167 V,
1052 2127 1111 2162 22.
1133 2123 1334 2172 Augustin.
1357 2124 1589 2172 dec.1).‚111
1604 2130 1663 2166 28.

332 2178 369 2218 S·
398 2178 434 2215 6·
470 2176 623 2213 hnmani
643 2180 808 2226 ρεπεν-εἱς)
865 2180 1051 2225 Quantum
1075 2181 1264 2217 coniicere
1285 2182 1389 2227 licet,
1414 2182 1453 2218 in
1473 2183 1589 2219 codd.
1608 2187 1665 2220 cst

220 2232 425 2277 hominum,
456 2238 613 2281 excepto
634 2235 722 2271 Vat.
745 2240 778 2274 1.
802 2237 865 2283 qui
887 2236 1002 2273 habet
1019 2236 1182 2273 humma.
1242 2237 1332 2274 Inde
1361 2243 1462 2275 recte
1495 2241 1665 2287 suspica—

220 2292 279 2325 tus
299 2291 356 2324 est
370 2289 530 2326 Orellius
548 2301 678 2327 veram
698 2292 919 2339 scripturam
934 2304 1021 2330 esse
1034 2293 1189 2330 hmoem'
1203 2296 1415 2342 glorieris,
1431 2298 1664 2333 substantivo

218 2355 287 2391 per
307 2345 487 2382 incuriam
508 2351 580 2383 Vaut
606 2348 680 2383 alio
706 2359 799 2385 casu
828 2350 986 2386 omisso.
1032 2350 1126 2386 Nam
1155 2351 1187 2386 si
1221 2351 1406 2388 hominum
1432 2363 1455 2388 a
1484 2352 1661 2390 Sallustio

221 2401 397 2447 scriptum
428 2402 578 2447 ruisset,
616 2405 715 2440 nullo
753 2409 864 2452 pacto
899 2407 1137 2454 intelligitur,
1172 2408 1543 2453 quomodo-hamam·
1576 2410 1662 2445 inde

220 2457 300 2493 fleri
321 2457 493 2504 potuerit.
553 2457 689 2496 Contra
709 2473 755 2497 ea
785 2462 915 2508 lectio,
945 2474 1057 2510 quam
1078 2463 1215 2499 Orellio
1240 2468 1392 2501 auctore
1412 2465 1663 2513 exhibuimus,

219 2515 270 2549 ita
290 2518 515 2560 comparata*
533 2519 608 2559 est,
648 2521 689 2552 ut
717 2518 825 2554 facile
857 2523 1003 2565 pateat,
1034 2520 1224 2566 quomodo
1254 2524 1290 2556 et
1318 2521 1439 2557 Vatic.
1467 2523 1599 2568 primi,
1628 2527 1663 2558 et

219 2573 427 2606 ceterorum
450 2569 562 2606 codd.
592 2573 774 2619 scriptura
803 2579 884 2611 orta
917 2576 977 2611 sit.
1010 2575 1172 2625 ‚Orellio
1199 2578 1400 2614 assentitur
1427 2578 1538 2614 etiam
1558 2579 1664 2614 Zum-

219 2627 318 2672 ptius
338 2626 375 2661 in
396 2626 547 2662 Annall.
569 2628 648 2666 crit.
676 2629 801 2667 Berol.
821 2642 860 2667 a.
883 2634 988 2670 1834.
1005 2632 1092 2668 Vol.
1113 2633 1155 2667 11.
1172 2632 1243 2669 No.
1257 2636 1317 2672 39.
1338 2646 1375 2680 p.
1390 2637 1484 2678 315„
1506 2646 1664 2682 quorum

219 2683 430 2718 criticorum
451 2682 589 2719 iudicio
610 2684 796 2731 aliquanto
817 2689 902 2734 plus
921 2689 1136 2732 tribuimus,
1159 2699 1270 2735 quam
1294 2690 1511 2736 Gerlachio,
1542 2692 1604 2738 qui
1625 2692 1663 2726 in

218 2738 340 2774 Praei.
361 2739 423 2774 ed.
441 2740 530 2774 min.
552 2751 588 2785 p.
606 2739 774 2778 XXXVI.
796 2743 903 2780 istam
922 2743 1175 2780 coniecturam
1198 2745 1287 2782 dicit
1307 2746 1378 2783 sthi
1397 2747 1509 2793 longe
1530 2758 1553 2782 a
1567 2757 1661 2782 vero

219 2795 352 2830 abesse
372 2795 508 2831 videri.
545 2815 596 2822 —
632 2796 824 2845 Supplicia
854 2801 891 2835 in
914 2806 1010 2847 post,
1026 2800 1176 2848 funerus
1202 2804 1421 2839 constabant
1440 2803 1584 2847 edicto,
1614 2813 1662 2841 ue
