1774 3002
115 199 172 243 42
544 175 546 177 ’
600 203 639 240 c.
670 201 901 242 SALLusrl
931 201 1083 242 crusm

115 331 296 390 optumo
316 328 411 375 iure
432 327 556 374 liberi
574 343 724 390 agere,
755 330 983 390 praeclara
1000 331 1238 377 Brutorum
1257 312 1390 392 atque
1406 330 1599 378 Aemi-3

114 413 273 459 liorum
304 416 348 459 et
370 413 644 459 Lutatiorum
674 414 846 474 proles,
877 415 1015 476 geniti
1046 415 1101 460 ad
1127 430 1201 470 ea,
1233 427 1347 476 quae
1375 413 1565 460 maiores

112 498 274 544 virtute
302 512 528 558 peperere,
561 498 890 544 subvortunda!
926 499 1035 545 Nam
1055 497 1158 559 quid
1179 493 1206 543 a
1227 497 1415 557 Pyrrho,
1437 498 1598 547 Han-4

112 581 278 638 nibale,
308 581 600 644 Philippoque
630 584 673 627 et
698 582 917 629 Antiocho
939 582 1171 628 defensum
1192 583 1260 627 est
1285 581 1404 628 aliud
1433 592 1564 645 quam

111 720 271 765 obtinet,
293 720 404 756 etiam
426 720 463 755 in
488 721 593 767 prius
619 722 812 757 translato.
838 741 888 747 —
930 721 1128 768 Utrumque
1156 731 1211 756 sc.
1234 721 1420 757 dominari
1443 723 1482 757 in
1498 732 1564 758 vos

112 788 157 813 ac
178 777 285 813 simul
311 778 384 824 ipsi
409 778 561 813 servire.
603 777 686 813 Non
715 789 812 824 opus
840 782 907 826 est*
929 779 1040 826 igitur
1061 771 1277 813 coniectura
1297 777 1421 814 Bothii
1442 778 1564 814 Praes.

110 845 148 881 p.
179 833 241 869 IX.
273 837 456 881 utcunque
483 834 724 870 scribendum
746 845 834 871 esse
855 833 1066 878 censentis,
1095 832 1197 880 quod
1220 834 1359 869 nollem
1378 833 1470 870 mihi
1501 835 1568 871 ali-

113 890 264 938 quando
296 890 418 937 magis
449 901 559 938 quam
598 891 770 927 codicum
803 892 1000 928 lectionem
1029 891 1233 937 placuisse.
1262 907 1320 916 -—-
1365 891 1438 927 Pro
1464 890 1571 928 liberi

113 947 258 984 Cortius
278 948 444 994 pessime
467 948 617 994 scripsit
640 949 763 993 libere,
789 948 890 995 quod
911 958 1032 995 neque
1058 948 1095 982 in
1115 946 1227 985 codd.
1249 950 1327 992 est,
1347 951 1386 984 et
1405 947 1567 984 alienam

113 1005 335 1040 sententiam
358 1004 490 1048 intem
522 1015 606 1039 nam
638 1005 749 1041 libere
769 1015 881 1052 ayere
904 1004 1095 1052 significat
1116 1007 1178 1039 aut
1197 1007 1329 1051 aperte
1355 1008 1494 1041 eluere
1509 1006 1566 1041 lo-

111 1062 186 1108 qui,
207 1065 270 1096 aut
288 1063 339 1097 ica
360 1065 401 1097 ut
419 1061 553 1097 libitum
578 1065 686 1097 estse
704 1071 836 1108 yerere
846 1077 858 1102 ,·
879 1066 1008 1098 contra
1029 1060 1134 1096 liberi
1150 1070 1263 1108 aqere
1282 1061 1382 1097 valet
1401 1061 1567 1098 libertate

109 1118 203 1166 frui,
225 1118 326 1164 quod
345 1121 497 1165 propter
518 1118 805 1165 praecedentem
825 1120 964 1154 servitii
980 1118 1205 1153 mentionem
1222 1118 1331 1153 unice
1346 1128 1479 1154 verum
1498 1122 1567 1154 est.

225 1177 260 1217 s.
288 1178 323 1213 3.
351 1177 386 1211 4.
441 1175 646 1211 Brutorum
674 1179 783 1222 atque
819 1175 1055 1211 Aemiliorum
1088 1177 1124 1210 et
1151 1173 1381 1211 Lutatiorum
1410 1175 1567 1221 proles)

113 1232 196 1268 Non
220 1233 270 1268 ita
289 1231 359 1268 hos
384 1232 601 1276 nominavit,
634 1236 671 1267 ut
693 1224 909 1268 universam
930 1235 1078 1280 gentem
1101 1230 1342 1278 significaret,
1372 1231 1442 1268 sed
1462 1232 1565 1268 Bru-

112 1294 166 1326 tos
186 1287 291 1332 dixit,
322 1292 359 1324 ut
388 1292 573 1335 pungeret
603 1288 647 1324 D.
673 1289 816 1324 Iunium
838 1287 1004 1332 Brutum,
1035 1288 1227 1334 sequentis
1249 1287 1337 1323 anni
1357 1289 1568 1332 consulem,

113 1345 160 1381 de
184 1356 258 1392 quo
278 1357 314 1382 v.
335 1343 412 1381 Cic.
434 1345 537 1381 Brut.
558 1346 616 1390 47,
643 1346 733 1390 1753
760 1346 939 1391 Aemilios,
963 1348 1002 1380 ut
1023 1348 1169 1380 notaret
1193 1345 1421 1381 Mamercum
1441 1345 1567 1381 Aemi-
1614 1358 1617 1360 ·

114 1403 202 1438 lium
227 1401 431 1448 Lepidum,
463 1402 565 1437 Bruti
586 1402 771 1449 collegam
785 1412 795 1446 ;
829 1402 1012 1447 Lutatios,
1039 1406 1080 1437 ut
1102 1401 1290 1437 morderet
1314 1401 1358 1446 Q.
1379 1401 1564 1438 Lutatium

114 1458 304 1502 Catulum,
345 1459 529 1506 collegam
562 1469 691 1502 suum,
733 1459 795 1505 qui
833 1469 964 1494 omnes
1005 1469 1028 1493 a
1055 1457 1182 1494 Sullae
1200 1458 1375 1504 partibus
1403 1459 1565 1496 stabant.

114 1514 286 1552 Celerum
306 1516 428 1559 colon,
442 1526 526 1561 -quo
547 1515 643 1551 haec
663 1517 782 1551 verba
811 1527 834 1551 a
856 1515 1169 1562 praecedentibus
1191 1514 1506 1562 seiungebantur,
1526 1515 1565 1551 in

115 1582 261 1607 comma
282 1572 523 1615 mutavimus,
548 1582 661 1618 quum
682 1583 757 1607 non
781 1572 894 1608 dubia
916 1573 963 1608 sit
982 1571 1230 1619 appositionis
1249 1571 1357 1608 ratio.
1380 1590 1427 1598 —-
1453 1571 1567 1616 Quod·

113 1628 163 1664 ad
183 1629 472 1665 constructionis
489 1629 767 1675 ambiguitatem
789 1630 928 1676 attinet,
958 1639 1033 1675 qua
1053 1640 1078 1663 α
1092 1626 1337 1675 praepositio
1349 1638 1430 1664 non
1449 1630 1556 1665 actio-

113 1695 196 1722 nem
226 1685 360 1733 Pyrrhi
393 1689 429 1721 et
455 1688 665 1721 ceterorum
692 1685 886 1732 designat,
928 1684 998 1721 sed
1016 1685 1116 1721 unde
1143 1686 1322 1721 exstilerit
1341 1686 1564 1731 perieulum,

114 1742 216 1789 quod
236 1742 396 1778 Romani
416 1742 695 1789 propulsarunt,
716 1742 868 1786 indicat,
891 1741 1060 1777 Handius
1083 1741 1130 1776 de
1149 1741 1307 1777 Particc.
1326 1741 1406 1777 Lat.
1425 1741 1512 1778 Vol.
1535 1742 1564 1777 Ι.

112 1811 149 1846 p.
176 1802 235 1837 31.
261 1802 361 1834 recte
390 1800 589 1843 observat,
615 1800 734 1834 bonos
762 1799 965 1846 scriptores
996 1798 1147 1834 omnino
1177 1808 1334 1842 cavere,
1364 1808 1411 1833 ne
1442 1798 1479 1834 in
1498 1798 1564 1834 tali

113 1856 390 1892 constructione
406 1865 609 1903 personam
622 1883 631 1900 ‚
671 1866 696 1890 a
722 1865 795 1902 qua
814 1856 954 1903 aliquid
968 1855 1111 1903 facium
1135 1855 1197 1899 sit,
1218 1855 1369 1898 notent,
1393 1854 1463 1890 sed
1485 1866 1563 1891 rem

117 1916 180 1949 aut
200 1922 427 1960 personam,
447 1912 546 1948 unde
567 1912 708 1960 aliquid
724 1915 888 1959 petatur.
920 1912 974 1948 De
997 1912 1136 1958 duplici
1158 1914 1343 1947 structura
1367 1911 1473 1947 verbi
1497 1912 1563 1948 de-

112 1970 261 2017 fensum
287 1973 360 2014 est,
389 1969 449 2005 cui
468 1968 629 2015 primum
652 1969 887 2017 subiungitur
913 1977 1065 2014 nomen,
1095 1972 1172 2004 tum
1202 1968 1408 2004 enunciatio
1425 1968 1563 2015 finalis,

115 2038 154 2062 v.
179 2025 227 2062 ad
253 2025 332 2062 Cat.
343 2026 391 2070 V,
413 2028 449 2063 9.
473 2029 510 2061 et
539 2025 588 2061 ad
609 2020 691 2073 sug.
718 2026 753 2070 I,
774 2029 810 2063 2.
833 2045 890 2051 —-
919 2024 1003 2062 Neu
1024 2025 1147 2062 Faber
1169 2025 1264 2060 falso
1285 2028 1415 2060 censet
1432 2025 1563 2061 referri

116 2082 167 2119 ad
187 2086 384 2130 negantem
408 2083 629 2118 sententiam
657 2083 895 2130 praegressis
922 2085 1155 2127 contentam;
1186 2091 1322 2118 sensus
1346 2082 1471 2129 potius
1500 2081 1563 2118 hic

115 2143 195 2177 estz·
217 2139 307 2185 quid
327 2139 593 2175 certaminibus
609 2150 693 2175 cum
717 2140 862 2187 Pyrrho
884 2161 933 2167 —
959 2139 1062 2175 aliud
1084 2138 1361 2186 quaesivimus,
1392 2149 1504 2185 quam
1523 2142 1571 2176 ul.

114 2196 316 2233 libertatem
331 2198 544 2231 tueremur?
564 2196 610 2232 cs.
632 2196 712 2242 lug.
735 2195 862 2240 CVIII,
888 2199 922 2233 2.
947 2196 1064 2231 Tacit.
1088 2195 1188 2231 Anu.
1210 2194 1254 2242 ΙΙ,
1277 2196 1334 2239 72,
1358 2199 1394 2233 1.

229 2255 263 2295 S.
284 2255 320 2288 5.
348 2252 520 2296 scaevus)
549 2251 653 2287 Hanc
684 2253 881 2288 lectionem
906 2263 980 2287 non
1003 2253 1124 2288 solum
1151 2254 1298 2287 tuentur
1327 2249 1440 2288 codd.
1462 2252 1560 2290 Vatt.

117 2314 151 2349 1.
172 2312 221 2354 3.,
244 2308 315 2345 sed
336 2309 448 2344 etiam
469 2307 628 2345 Servius
647 2308 696 2343 ad
717 2309 823 2355 Virg.
845 2308 925 2344 Ecl.
944 2308 1003 2352 111,
1020 2311 1096 2357 13„
1120 2308 1182 2354 qui
1201 2303 1451 2355 virgilianum
1471 2308 1563 2345 illud

109 2375 342 2415 perverse
359 2364 534 2401 Menalca
555 2369 732 2411 respectu
760 2365 896 2401 nobilis
917 2364 1114 2401 cuiusdam
1136 2364 1331 2401 Menalcae
1351 2366 1403 2402 ita
1423 2365 1562 2402 dictum

117 2424 187 2467 ait,
215 2425 255 2458 ut
282 2421 383 2469 apud
415 2421 633 2458 Sallustium
670 2431 870 2458 scaevus
904 2423 971 2458 iste
1002 2421 1192 2458 Romulus.
1243 2421 1422 2459 Scaevam
1462 2422 1561 2458 enim

115 2481 251 2517 deaetro
276 2479 490 2526 oppositum
522 2478 696 2514 translate
726 2477 827 2514 idem
857 2482 914 2514 est
943 2481 1052 2525 atque
1072 2480 1317 2524 contrarium,
1345 2479 1427 2515 sive
1445 2479 1483 2514 in
1503 2479 1557 2514 al-

118 2540 236 2574 teram
247 2539 400 2583 partem
418 2534 610 2571 detortum.
668 2535 714 2571 Ut
734 2535 846 2582 igitur
866 2534 1047 2571 Romulus
1071 2535 1173 2571 urbis
1200 2535 1367 2571 ‘conditor
1395 2535 1481 2579 fuit,
1511 2536 1561 2571 ita

118 2592 243 2636 Sulla,
273 2592 337 2639 qui
363 2591 510 2638 legibus
532 2592 623 2627 latis
643 2591 909 2639 rempublicam
937 2592 1196 2628 labefactatam
1224 2591 1431 2628 restituisse
1461 2603 1501 2628 se
1525 2595 1562 2627 et

119 2651 228 2697 quasi
249 2647 373 2684 denuo
393 2647 613 2684 condidisse
639 2648 867 2695 gloriabatur
886 2649 942 2693 (v.
965 2647 1041 2685 Cic.
1062 2660 1100 2695 p.
1122 2648 1234 2684 Rosc.
1256 2648 1342 2684 Am.
1362 2649 1420 2691 47,
1446 2650 1558 2693 137.)‚

117 2716 299 2754 perquam
321 2706 456 2742 acerbe
486 2716 508 2740 a
527 2704 670 2753 Lepido
688 2714 841 2742 scaevus
859 2703 1039 2741 Romulus
1067 2705 1091 2740 i.
1112 2716 1145 2740 e.
1168 2705 1326 2741 Romulo
1357 2703 1561 2741 dissimilli-

118 2773 203 2800 mus
223 2762 305 2800 sive
333 2761 555 2809 reipublicae
576 2755 726 2799 ever-'mr
748 2764 918 2799 vocatur.
976 2762 1079 2798 Hanc
1099 2761 1336 2798 verissimam
1357 2761 1429 2797 loci
1449 2761 1560 2797 ratio-

120 2829 206 2862 nem
235 2829 310 2856 non
339 2819 503 2856 assecuti
531 2818 696 2855 editores
723 2829 770 2854 ex
799 2818 922 2855 Vatic.
950 2821 987 2856 2.
1017 2819 1247 2869 scripserunt
1269 2826 1418 2865 saevus,
1450 2818 1558 2868 quasi
