1774 3002
490 141 819 181 fflSTomARUM
843 138 1157 177 FRAGMENTA.
1214 139 1303 175 LIB.
1333 139 1380 175 11.
1558 129 1639 172 141

171 267 357 327 atempli
393 264 688 312 celeberrumi.
746 263 980 310 Praeterea
1016 275 1150 322 quum
1194 260 1362 306 sedenti
1405 262 1643 306 transenna

204 350 441 402 demissum
475 347 709 412 Victoriae.
735 346 1015 392 simulacrum
1035 358 1144 394 ‚eum
1160 343 1415 389 machinato
1457 341 1642 401 strepitu

203 433 440 489 tonitruum
471 445 688 478 eoronam
717 428 843 489 capiti
883 426 1154 487 imponebat,
1192 429 1285 471 tum
1318 425 1517 472 venienti
1543 427 1643 469 ture

204 592 449 633 volaban1;
474 601 590 639 neque
615 591 799 628 decretum
827 589 1002 625 exaudiri
1021 571 1181 624 consulis
1200 598 1302 634 prae
1330 590 1485 635 strepitu
1512 592 1547 623 et
1565 587 1642 622 cla-

204 652 612 705 morepoteragnequffi
631 658 766 695 quum
781 646 1043 690 decresset,
1062 645 1253 691 quisquam
1271 643 1643 692 obtemperabat.

202 725 261 731 -
279 705 334 740 Ac
346 708 431 740 ante
449 698 658 740 mortalium
680 702 806 739 itidem
826 697 1063 748 reposuimus
1084 711 1132 735 ex
1149 700 1345 736 Macrobio
1364 712 1433 748 pro
1463 704 1526 745 et
1542 698 1644 746 quod

206 760 371 798 Sallustii
411 761 575 797 editores
618 761 853 797 invexerunt.
897 776 957 784 —
1002 756 1209 793 (Iurabant
1228 756 1268 792 h.
1298 758 1322 792 l.
1364 756 1570 804 significat:
1607 755 1642 790 ei

209 816 406 880 splendide
434 816 650 870 recipiendo
691 817 863 861 lauteque
901 812 1075 849 habendo
1107 823 1234 848 curam
1271 812 1549 860 impendebant.
1590 831 1640 838 —

207 873 371 919 Aulaea,
394 874 421 910 i.
443 885 480 909 e.
491 873 595 910 'vela
621 873 721 919 picta
741 881 906 917 auroque
930 869 1123 913 distincta,
1151 870 1358 915 parietibus
1390 869 1644 905 inserviebant

162 928 170 934 ’
207 928 379 976 tegendis
397 930 574 976 lectisque
595 926 904 969 consternendis‚
926 936 1083 972 quorum
1103 936 1212 961 usum
1234 925 1389 962 Romani
1422 929 1645 971 acceperant

208 996 256 1021 ex
276 986 363 1021 aula
380 986 491 1022 Attali
512 984 633 1031 regis
662 983 723 1020 his
746 983 915 1019 luxuriae
931 981 1183 1018 instrumentis
1203 982 1360 1026 referta;
1389 983 1439 1018 cs.
1460 976 1571 1018 Serv.
1594 980 1645 1016 ad

206 1039 313 1087 Virg.
345 1041 482 1088 Georg.
510 1040 580 1084 ΙΙΙ,
614 1043 671 1078 25.
710 1043 746 1075 et
775 1039 824 1075 ad
852 1039 949 1074 Aen.
973 1038 1008 1082 I,
1044 1037 1125 1074 701.
1187 1037 1304 1074 Varro
1337 1010 1386 1074 de
1410 1038 1488 1074 vita
1514 1037 1647 1083 populi

206 1094 314 1132 R'om.
337 1097 400 1133 lib.
426 1097 487 1133 111.
515 1095 617 1142 apud
634 1096 731 1131 Non.
755 1094 856 1141 XIV,
876 1097 912 1132 4.
939 1105 977 1140 p.
999 1094 1081 1137 537,
1103 1096 1157 1131 16.
1182 1093 1298 1130 Merc.
1356 1093 1419 1130 Ad
1436 1093 1537 1130 hunc
1563 1092 1646 1130 Sal-

206 1152 306 1188 lustii
326 1153 448 1189 locum
468 1152 634 1199 respexit
653 1151 779 1188 Valer.
800 1151 901 1186 Max‘.
918 1150 980 1195 IX,
1004 1154 1036 1193 1,
1062 1153 1095 1187 5.
1154 1149 1251 1193 Quid
1265 1149 1335 1185 subn·
1351 1151 1463 1187 ‘voheu
1478 1149 1646 1185 Metellus

205 1207 804 1255 Piacstnmc‚quuminHsspania
826 1208 1002 1243 adventus
1026 1206 1646 1252 sawsabbospffibusarnsetme

151 1254 154 1260 ’
206 1264 579 1312 excipipatiebatur?
607 1275 746 1311 quum
765 1263 989 1299 Attalicis
1007 1262 1195 1304 aulaeis
1220 1266 1459 1299 contectos
1471 1262 1645 1309 parie-

209 1321 421 1356 tes'laeto
441 1322 591 1356 animo
615 1320 917 1363 intuebatur?
938 1325 1048 1365 quum
1067 1318 1283 1354 iaenmanibus
1296 1320 1414 1365 epulis
1431 1319 1646 1365 apparatis-

206 1377 316 1412 simos
333 1374 516 1423 mterponi
541 1377 644 1412 ludos
662 1375 831 1412 sinebat?
874 1385 984 1421 quum
995 1374 1164 1421 palmata
1188 1378 1283 1410 veste
1299 1376 1462 1411 convivia
1479 1374 1645 1411 celebra-

207 1432 288 1477 bat,
323 1433 569 1478 demissasque
585 1431 823 1467 lacunaribus
840 1439 979 1467 aureas
997 1439 1157 1466 coronas
1174 1430 1268 1465 velut
1286 1432 1431 1467 coelesti
1446 1432 1566 1478 capite
1584 1439 1645 1466 re-

206 1487 386 1534 cipiebat?
422 1506 479 1512 —
507 1487 620 1535 Siyna
641 1487 859 1534 scripsimus
888 1497 937 1522 ex
958 1485 1146 1522 Ciacconii
1174 1486 1460 1531 emendatione,
1493 1498 1563 1534 pro
1589 1487 1646 1523 in—

207 1544 348 1590 signia,
369 1547 407 1579 ut
426 1544 521 1579 falso
542 1549 600 1580 est
620 1545 657 1579 in
678 1544 856 1579 Macrobii
878 1547 916 1578 et
936 1542 1103 1579 Sallustii
1123 1541 1211 1578 edd.
1228 1544 1413 1579 omnibus.
1470 1543 1555 1580 Non
1590 1543 1645 1578 in-

208 1600 420 1647 telliguntur
440 1600 539 1635 enim
569 1604 680 1635 notae
701 1599 885 1635 honorum
904 1602 966 1634 aut
984 1598 1287 1645 magistratuum,
1304 1600 1473 1636 vestibus
1494 1599 1648 1636 additae

210 1658 274 1691 aut
291 1656 471 1703 singulari
491 1656 649 1693 vestium
670 1666 808 1702 genere
835 1655 969 1691 aliisve
992 1656 1103 1690 rebus
1130 1655 1379 1702 conspicuae,
1407 1655 1477 1697 sed
1504 1656 1648 1692 tabulae

202 1712 371 1759 pictae,
386 1715 548 1756 statuae,
587 1721 703 1758 opera
726 1712 885 1756 coelata,
927 1721 1023 1757 quae
1043 1712 1191 1755 omnia,
1227 1711 1331 1747 haud
1349 1722 1435 1747 raro
1459 1712 1643 1748 communi

207 1768 394 1814 siynorum
421 1769 604 1804 vocabulo
626 1768 832 1815 appellata,
862 1767 1063 1814 imprimis-
1056 1767 1116 1804 -ad
1137 1768 1264 1814 luxum
1285 1768 1442 1804 divitum
1461 1767 1644 1804 Romano-

209 1834 292 1859 rum
310 1815 565 1870 pertinebant,
586 1824 635 1860 ef.
656 1822 762 1860 Catil.
780 1822 853 1870 XI,
875 1826 911 1861 6.
942 1824 1004 1860 ubi
1026 1835 1065 1859 v.
1084 1823 1245 1870 Herzog.
1303 1824 1395 1859 Rem
1421 1825 1495 1860 iam
1514 1835 1583 1871 per
1605 1835 1646 1860 se

212 1883 349 1915 certam
375 1879 523 1916 conficit
542 1881 648 1915 locus
667 1879 1018 1926 Pseudo-Sallustii,
1045 1880 1121 1925 qui,
1146 1891 1259 1925 quum
1279 1884 1390 1915 totam
1412 1881 1490 1915 fere
1511 1881 1647 1916 oratio-

212 1936 474 1975 nem-vocibus
510 1946 554 1972 ac
583 1936 775 1970 sententiis
797 1928 1055 1981 composuerit
1082 1935 1238 1970 mirifica
1258 1935 1450 1982 diligentia
1478 1946 1525 1971 ex
1555 1947 1646 1972 vero

213 1988 389 2033 Sallustio
431 1990 619 2033 collectis,
633 1990 756 2026 .hunc
788 2000 935 2036 quoque
964 1992 1086 2026 locum
1123 1991 1234 2026 simul
1262 2001 1347 2026 cum
1374 1993 1447 2027 alio
1469 1991 1646 2040 Catilinae

210 2044 298 2089 XII,
326 2047 363 2082 3.
386 2046 574 2091 expressit
594 2046 631 2080 in
650 2043 721 2092 Ep.
741 2045 789 2081 ad
815 2043 1014 2081 Caesarem
1039 2045 1086 2082 de
1107 2046 1200 2092 Rep.
1222 2046 1305 2082 ord.
1325 2046 1359 2092 1,
1384 2050 1428 2092 8,
1458 2053 1493 2086 l.
1550 2048 1647 2085 Nam

183 2146 186 2148 v
212 2101 356 2136 domum
374 2105 440 2136 aut
455 2102 576 2137 villam
586 2105 807 2145 exstruere,
843 2110 995 2148 eamque
1016 2103 1189 2149 siquis,
1209 2103 1416 2148 aulaeis,
1436 2105 1648 2152 aliisque

213 2147 434 2203 operibus
460 2163 725 2202 exornare,
752 2158 792 2193 id
817 2161 870 2193 est
898 2168 972 2193 non
995 2157 1446 2196 divitiasdeconhabere.
1488 2181 1544 2187 —
1581 2161 1649 2196 Ad

213 2213 574 2249 ostentationem
593 2213 809 2250 histrionum
831 2224 907 2249 non
931 2217 1007 2250 est:
1033 2213 1084 2249 ad
1099 2214 1335 2250 iactationem
1356 2216 1438 2251 sive
1459 2217 1647 2264 gloriatio-

215 2272 300 2305 nem
318 2267 359 2303 h.
370 2267 470 2313 ,sed
490 2268 540 2304 ad
558 2269 810 2306 exhibendam
828 2269 1052 2306 histrionum
1074 2274 1203 2313 artem.
1261 2271 1317 2306 De
1340 2271 1413 2309 hoc
1434 2274 1647 2309 oblectatio-

214 2324 275 2360 nis
294 2296 388 2359 inte'r
409 2324 585 2361 convivia
608 2335 755 2372 genere.
772 2326 818 2361 ct'.
838 2324 1014 2362 Creuzer.
1041 2326 1190 2372 Antiqq.
1212 2326 1319 2362 Rom.
1340 2330 1373 2369 s.
1390 2329 1473 2367 287
1503 2340 1543 2376 p.
1561 2332 1645 2368 436.

217 2379 278 2421 ed,
297 2380 342 2416 IL
366 2383 403 2415 et
417 2379 591 2426 interprr.
614 2379 663 2416 ad
683 2381 762 2416 Liv.
784 2381 961 2428 XXXIX,
982 2385 1025 2428 6,
1044 2385 1081 2423 8.
1125 2401 1176 2414 —·
1225 2383 1363 2431 Crocus
1383 2384 1647 2431 intelligendus

217 2440 276 2472 est
303 2437 408 2472 tritus
439 2440 476 2471 et
505 2437 592 2471 vino
627 2434 784 2481 dilutus,
824 2447 896 2484 quo
925 2436 1070 2474 theatra
1097 2442 1134 2473 et
1162 2440 1300 2485 templa
1327 2440 1647 2485 perfundebantur

216 2491 432 2528 suavissimi
458 2490 586 2526 odoris
612 2489 765 2538 gratiay
762 2493 829 2528 cf.
855 2492 1044 2539 Spartian.
1070 2493 1227 2529 Adrian.
1252 2505 1287 2530 c.
1308 2494 1409 2531 XIX.
1465 2495 1515 2533 In
1535 2496 1646 2533 hono—

216 2556 295 2582 rem
328 2547 484 2583 Traiani
514 2546 678 2582 balsama
719 2552 753 2583 et
779 2558 927 2584 crocum
953 2559 1032 2595 ·per
1054 2549 1196 2596 yradus
1229 2549 1364 2586 theatri
1386 2552 1505 2598 fluere
1531 2554 1646 2589 iussit.

216 2602 343 2638 Plura'
346 2615 385 2639 v.
405 2601 506 2649 apud
525 2602 772 2639 Forcellinum
800 2604 840 2638 in
855 2603 953 2640 Lex.
961 2604 999 2640 h.
1020 2617 1059 2641 v.
1083 2624 1139 2630 —-
1157 2605 1283 2641 Verba
1309 2609 1345 2642 et
1362 2608 1438 2643 alia
1457 2619 1534 2644 non
1554 2620 1645 2655 pen-

216 2657 306 2694 dent
322 2668 370 2693 ex
400 2664 626 2705 praegresso
643 2667 800 2705 sparsa,
826 2658 896 2694 sed
916 2670 1001 2696 eum
1019 2650 1140 2706 ellipsi
1156 2660 1288 2707 facere
1306 2663 1411 2699 verbi
1430 2663 1529 2700 dicta
1548 2669 1644 2708 sunt,

215 2714 321 2750 cuius
339 2713 376 2750 h.
398 2714 422 2750 l.
443 2713 577 2749 eadem
596 2713 688 2749 ratio
713 2717 783 2758 est,
806 2724 901 2759 quae
925 2716 1064 2752 obtinet
1085 2717 1122 2751 in
1142 2716 1332 2753 tritissima
1353 2718 1511 2754 formula
1529 2719 1647 2755 nihil
