1774 3002
499 142 829 188 HISTORIARUM
856 140 1168 182 FRAGMENTA.
1225 140 1316 178 LIB.
1346 140 1406 176 111.
1573 133 1660 176 243

862 346 953 380 Gn.
978 345 1021 376 V.

317 418 448 452 Beuum
482 416 619 451 servile.
663 416 744 448 Eius
777 415 884 446 initia.
918 431 966 436 —
997 412 1167 444 Vesuvius
1202 421 1222 443 a
1244 411 1351 443 servis
1384 412 1580 452 occupatus.
1615 424 1662 430 —

229 475 327 507 Vires
348 486 521 509 servorum
545 481 672 510 auctae.
697 494 744 500 —
766 474 928 507 Vatinius
953 483 1022 505 rem
1045 471 1133 504 male
1158 472 1256 515 gerit.
1280 489 1323 494 —
1350 469 1444 502 Crixi
1470 468 1597 502 clades.
1621 485 1663 491 —

227 534 407 578 Spartacus
431 538 466 569 iu
488 537 673 570 Lucaniam
703 547 741 569 se
767 534 889 578 recipit
910 560 922 570 .
948 552 994 558 —-
1018 530 1152 566 Lentuli
1176 541 1292 575 pugna
1323 540 1398 563 cum
1431 529 1597 573 fugitivis.
1621 546 1665 553 —

228 594 409 639 Spartacus
434 596 577 631 Galliam
601 597 802 641 cisalpinam
827 596 924 639 petit.

260 831 264 834 ,
363 782 432 826 67.
488 779 566 827 Sin
594 779 664 826 vis
691 781 896 838 obsistat,
926 781 1043 826 ferro
1071 790 1200 840 quam
1229 777 1343 822 same
1368 772 1553 836 aequius
1581 787 1667 834 pe-

230 861 425 909 rituros..

231 999 422 1046 ignaviam
436 999 636 1046 positum“,
653 999 824 1036 omnibus
839 997 1120 1045 circumspectis
1136 997 1322 1032 neminem
1333 995 1497 1040 invenio,
1508 996 1545 1031 in
1558 1006 1668 1042 quem

231 1054 304 1091 hoc
323 1057 446 1102 magis
465 1054 588 1100 cadat,
609 1065 721 1102 quam
736 1056 773 1091 in
794 1055 846 1091 M.
866 1055 1080 1098 Antonium,
1102 1054 1177 1099 qui,
1194 1063 1306 1100 quum
1325 1053 1519 1099 imperium
1537 1055 1669 1088 contra

231 1112 372 1158 piratas
385 1121 463 1159 per
476 1113 669 1148 &munima
691 1112 887 1159 gessisset,
911 1111 1002 1148 nihil
1021 1110 1133 1157 plane
1154 1108 1291 1154 effecit,
1312 1113 1349 1145 et
1370 1108 1419 1145 ad
1438 1113 1666 1156 postremum

231 1171 376 1215 turpem
394 1169 434 1204 in
454 1166 565 1204 Creta
584 1169 724 1204 exitum
743 1168 885 1205 habuit.
938 1167 1043 1212 Quae
1062 1166 1278 1202 coniectura
1299 1167 1332 1202 si
1350 1176 1425 1201 non
1444 1176 1467 1201 a
1480 1165 1669 1202 «verisimi-

232 1223 387 1261 litudine
408 1224 594 1271 abhorret,
611 1225 661 1261 ὥτ’
679 1236 754 1261 non
770 1225 894 1261 resero
916 1224 965 1261 ad
989 1225 1072 1260 {rim
1099 1223 1334 1270 participium
1349 1251 1358 1266 ,
1389 1221 1459 1258 sed
1484 1222 1671 1268 pertinere

231 1284 321 1327 puto
342 1281 392 1317 ad
406 1281 586 1318 omissum
604 1283 775 1326 verbum,
790 1282 894 1318 velut
910 1281 1003 1325 obiit,
1023 1281 1086 1316 vel
1107 1279 1227 1316 simile
1248 1277 1452 1326 quoddam.
1479 1279 1555 1314 Vix
1571 1278 1668 1314 enim

234 1335 386 1373 dubium
407 1341 475 1383 est,
494 1338 584 1384 quin
610 1338 662 1374 ibn·
685 1341 827 1385 spectet
853 1337 903 1374 ad
922 1337 1079 1381 Cretam,
1101 1336 1164 1371 ubi
1183 1335 1366 1370 Antonius
1385 1336 1514 1370 morbo
1534 1335 1669 1381 periit;

234 1393 284 1428 cs.
303 1393 611 1430 Pseudo-Ascon.
636 1394 685 1430 ad
708 1394 782 1430 Cic.
804 1394 843 1429 in
859 1394 969 1429 Verr.
990 1393 1017 1436 1,
1035 1395 1096 1434 23,
1111 1394 1170 1430 60.
1190 1402 1230 1438 p.
1245 1392 1327 1429 176.
1348 1390 1461 1426 Orell.
1476 1394 1513 1426 et
1528 1390 1577 1426 ad
1585 1391 1670 1430 Div.

235 1449 275 1484 in
295 1447 404 1485 Caec.
418 1461 453 1485 c.
473 1451 530 1494 17,
549 1453 607 1487 55.
626 1461 663 1497 p.
675 1454 756 1488 122.
777 1449 889 1486 Orell.
918 1444 1162 1485 Antonius—
1179 1458 1254 1484 non
1270 1447 1386 1483 solum
1406 1448 1487 1494 ipse
1503 1456 1671 1495 nequam,

235 1513 363 1540 verum
381 1506 488 1541 otiam
507 1506 886 1553 comitibuspoesimis,
914 1515 994 1541 rem
1023 1505 1225 1540 inmtditam
1250 1505 1393 1548 invasit,
1422 1507 1465 1539 et
1486 1503 1672 1539 indicto

239 1560 547 1598 Cretensibus
569 1562 690 1598 bello
709 1563 876 1599 ibidem
888 1563 1057 1609 periit.
1077 1560 1247 1596 —Haec
1263 1563 1343 1596 utut
1368 1565 1464 1606 sunt,
1486 1564 1587 1596 certe
1607 1560 1672 1595 ali-

237 1621 375 1663 quanto
394 1622 481 1654 sunt
506 1619 770 1665 probabiliora,
797 1628 908 1666 quam
927 1617 1118 1654 Debrossii
1139 1616 1334 1661 sententia,
1364 1616 1562 1653 Gerlachio
1582 1628 1672 1663 quo-

237 1683 311 1720 que
328 1675 485 1720 probata
501 1674 588 1711 Vol.
608 1675 669 1710 ΙΙΙ.
685 1687 730 1722 p.
752 1677 855 1719 118.‚
883 1675 947 1722 qui
976 1674 1093 1710 verba
1120 1673 1167 1708 de
1193 1674 1291 1709 bello
1321 1684 1343 1708 a
1368 1671 1531 1710 Seruilio
1560 1672 1673 1709 Vatia

237 1733 368 1766 contra
386 1731 527 1777 piratas
546 1734 654 1778 gesto
674 1732 894 1779 intellig-unt.
951 1731 993 1765 In
1021 1741 1095 1777 quo
1123 1733 1272 1776 praeter
1298 1729 1496 1771 triennium
1525 1730 1671 1776 imperii

239 1785 436 1822 dissimilia
463 1791 550 1823 sunt
576 1789 711 1825 omnia.
770 1787 917 1832 Quanta
937 1787 1035 1822 enim
1059 1788 1097 1822 in
1117 1786 1279 1822 Antonio
1299 1786 1366 1821 ruit
1384 1787 1550 1833 ignavia,
1572 1786 1673 1822 desi—

239 1841 304 1877 dia
322 1851 366 1878 ac
388 1843 629 1890 negligentia,
649 1848 751 1880 tanta
771 1845 808 1879 in
828 1843 990 1880 Servilio
1012 1842 1186 1878 fortitudo
1198 1871 1207 1885 ‚
1237 1842 1436 1877 consilium
1457 1843 1586 1888 reique
1606 1843 1674 1877 mi-

241 1897 358 1933 litaris
382 1899 523 1944 peritia*
543 1901 601 1944 (v.
622 1900 672 1935 ad
688 1900 750 1936 Fr.
770 1900 804 1943 I,
825 1901 885 1937 79.
904 1900 1006 1942 80.);
1035 1909 1149 1944 quare
1178 1898 1327 1933 nonnisi
1356 1899 1491 1934 obtusa
1521 1899 1674 1945 ingenia

239 1955 395 1998 potuere
420 1955 458 1990 in
480 1965 563 1990 eam
591 1955 806 2001 opinionem
827 1954 1015 1997 incidere,
1041 1954 1256 2000 Fragmenti
1274 1953 1387 1989 huius
1407 1956 1544 1998 verba,
1574 1965 1672 2002 quae

240 2012 381 2044 tantam
398 2010 576 2057 ignaviae
600 2011 909 2057 vituperationem
936 2009 1085 2054 habent,
1105 2009 1152 2044 de
1174 2010 1236 2044 illo
1257 2009 1357 2045 dicta
1376 2021 1478 2046 esse.

353 2065 414 2101 Fr.
434 2067 494 2104 67.
518 2064 631 2114 [Gort.
651 2078 691 2113 p.
711 2069 815 2105 1009.
838 2066 936 2102 Gerl.
957 2065 1019 2101 ed.
1040 2066 1128 2102 mai.
1148 2066 1225 2103 Ine.
1243 2069 1321 2104 151.
1346 2066 1407 2102 ed.
1424 2067 1512 2102 min.
1527 2067 1671 2106 Inc.45.

242 2124 283 2166 p.
299 2122 383 2165 238,
403 2124 461 2160 13.
480 2121 591 2157 Debr.
610 2123 673 2168 IV,
693 2123 770 2168 76.]
807 2123 1083 2169 Fragmentum,
1108 2133 1130 2157 a
1148 2121 1284 2159 Servio
1306 2122 1477 2170 adVirg.
1495 2124 1592 2160 Aen.
1613 2123 1674 2168 ΙΙΙ,

242 2178 325 2214 265.
344 2177 548 2222 laudatum,
575 2178 757 2215 audacius
776 2178 941 2226 quidem,
962 2178 1043 2223 sed,
1064 2183 1103 2214 ut
1123 2178 1359 2223 confidimus,
1376 2189 1453 2215 non
1473 2180 1557 2216 sine
1575 2182 1673 2216 veri-

244 2232 495 2269 similitudinis
516 2235 645 2280 speeie
666 2234 716 2271 ad
740 2236 883 2271 initium
901 2236 988 2271 belli
1008 2233 1193 2281 Spartacii
1210 2235 1415 2272 retulimus.
1445 2235 1539 2272 Nam
1560 2248 1670 2283 quum

244 2290 361 2324 verba
382 2293 511 2335 aperte
529 2289 638 2326 ducis
657 2292 729 2327 sint
749 2292 878 2338 copias
899 2302 1001 2336 suas,
1022 2291 1149 2338 iniquo
1168 2292 1252 2327 loco
1267 2292 1446 2337 inclusas,
1464 2292 1672 2336 edocentis,

244 2344 392 2380 siclam
414 2344 584 2398 hostibus
603 2347 766 2383 evadere
787 2358 863 2383 non
882 2342 1042 2395 possint,
1058 2348 1099 2383 vi
1128 2347 1398 2395 erumpendum
1421 2359 1529 2393 esse,
1558 2350 1675 2385 ferro-

244 2410 317 2446 que
337 2402 461 2447 potius
483 2412 595 2448 quam
612 2404 712 2439 same
725 2403 971 2451 pereundum,
990 2403 1095 2440 haud
1116 2403 1351 2441 incommode
1373 2404 1419 2440 de
1435 2404 1617 2451 Spartaco
1637 2409 1674 2441 et

245 2455 293 2491 de
314 2457 483 2504 fugitivis
504 2458 661 2506 cogitari
679 2463 814 2506 potest,
832 2472 907 2496 non
921 2461 1035 2497 multo
1050 2465 1149 2508 post,
1168 2472 1278 2508 quam
1289 2459 1417 2507 Capua
1436 2462 1671 2508 aufugerant,

244 2513 282 2546 in
302 2511 422 2548 ardua
442 2513 601 2552 Vesuvii
620 2519 727 2563 parte
743 2518 936 2561 obsessis,
965 2518 998 2553 si
1019 2517 1219 2553 contuleris
1250 2517 1343 2552 Plut.
1363 2516 1401 2552 in
1422 2516 1558 2554 Crasso
1582 2529 1614 2554 c.
1635 2521 1671 2562 9,

245 2569 294 2604 in.
332 2565 514 2605 Κλωδίου
533 2571 750 2635 στρατηγοῦ
772 2563 867 2636 μετὰ
884 2569 1105 2621 τρισχιλίων
1124 2567 1372 2620 πεμφθέντος
1391 2567 1435 2608 ἐκ
1445 2564 1590 2622 Ῥώμης
1605 2570 1673 2609 καὶ

242 2624 546 2690 πολιορκουντος
563 2618 707 2672 αὐτους
728 2621 815 2664 ἐν’
792 2639 873 2677 ορει
895 2625 991 2692 μίαν
1017 2625 1143 2692 ἔχοντι
1167 2625 1236 2664 καὶ
1255 2619 1427 2676 χαλεπὴν
1443 2625 1511 2665 καὶ
1532 2622 1672 2676 στενὴν

245 2672 438 2741 ἄνοδον,
419 2692 491 2743 ην
485 2672 508 2717 ὃ
525 2674 701 2728 Κλώδιος
715 2678 881 2748 ἕφροῦρε
881 2697 909 2731 ι,
921 2676 972 2720 τὰ
989 2675 1029 2720 δ’
1050 2677 1149 2721 aua
1165 2678 1363 2734 κρημνοὺς
1373 2677 1594 2733 ἆπστόμους
1605 2697 1673 2720 και

246 2727 445 2782 λισσάδας,
463 2729 637 2784 ἄμπελον
657 2734 701 2775 δὲ
724 2694 881 2789 πολλὴν
894 2732 1038 2790 ἆγρίαν
1058 2735 1245 2790 ἐπιπολῆς
1265 2740 1510 2790 πεφυκυῖαν,
1541 2737 1676 2788 ἔτεμον

1314 2802 1402 2843 16*
