1774 3002
487 139 817 180 fflSTomARUM
843 138 1155 177 FRAGMENTA.
1213 136 1302 173 LIB.
1323 135 1387 173 lV.
1563 127 1649 176 34³3

340 269 410 314 47.
470 264 598 312 Vizo.

197 418 349 475 Ἴστρος
366 436 407 462 τε
429 420 498 462 καὶ
521 416 819 472 Διονυσόπολις,
840 436 878 461 κ.
898 436 932 460 τ.
954 423 986 461 λ.
1045 422 1173 471 Mysos
1193 421 1376 458 Thraciae
1399 431 1483 456 eam
1504 424 1648 467 partem

209 482 426 527 obtinuisse,
449 493 544 528 quae
566 485 623 518 est
642 482 680 517 in
701 485 856 528 utraque
873 481 955 517 Istri
975 480 1057 527 ripa
1077 490 1213 515 versus
1229 479 1334 515 Ponti
1356 488 1472 521 oram,
1486 477 1651 539 complu-

208 539 310 576 ribus
330 538 423 574 locis
446 542 599 575 testatur
620 537 767 583 Strabo,
787 539 890 574 velut
908 537 971 573 VI.
991 548 1028 584 p
1051 539 1132 575 453.
1159 535 1358 572 A.A1me1.
1420 531 1581 570 ,Ωικουν
1607 522 1646 569 δ’

209 585 272 642 ἔφ’
287 583 462 659 ἕκᾶτερα
495 592 565 632 τοῦ
586 586 742 656 Ἴστρου
767 588 835 630 καὶ
865 580 973 630 οὗτοι
1010 594 1084 638 (se.
1105 589 1147 629 οἱ
1163 587 1319 639 Γέται),
1349 586 1418 628 καὶ
1444 579 1472 626 o‘
1495 584 1651 634 Μυσοι,

212 643 415 700 &²¹⁶3
391 662 499 696 οντες
519 645 600 687 καὶ
606 641 738 714 αυτοὶ,
764 646 832 686 καὶ
853 661 922 694 ους
942 649 1017 686 νῦν
1043 640 1215 692 Μυσοὺς
1247 646 1449 684 καλοῦσιν.
1492 646 1547 683 ld.
1569 645 1648 684 ΧΗ.

207 718 246 755 Ρ.
265 709 348 745 816.
370 705 409 744 C.
449 703 618 757 Εἴρηται
637 697 676 743 δ’
709 718 770 744 οτι
797 701 864 742 καὶ
885 696 999 743 αὐτοὶ
1018 702 1060 742 οἱ
1085 700 1226 742 Μυσοὶ
1253 706 1327 748 (se.
1350 705 1388 740 in
1409 703 1523 747 Asia)
1544 700 1650 751 Θρα-

210 761 295 800 κόν
311 772 471 800 amam
491 758 566 800 εἰσὶ
582 761 662 799 τῶν
678 762 755 799 νῦν
774 758 993 825 λεγομένων
1008 760 1180 798 Μυσῶν.
1243 760 1299 797 ld.
1329 759 1419 797 ibid.
1443 771 1480 807 p.
1500 761 1583 798 849.
1604 758 1647 796 Β.

212 810 424 864 Διονύσιος
454 811 476 856 ὃ
495 809 564 864 τᾶς
588 815 730 864 κτίσεις
749 811 987 882 συγγράψας
1013 809 1073 855 ότι
1093 808 1193 854 κατὰ
1214 809 1456 880 Χαλκηδόνα
1482 811 1551 852 καὶ
1569 815 1650 852 Βυ-

211 869 367 921 {imm
386 867 435 912 τὰ
453 866 580 938 στενὰ,
603 868 632 911 ἃ
648 874 724 912 νῦν
737 868 910 938 opimos·
930 867 1133 926 Βόσπορος
1146 873 1349 940 καλεῖται,
1350 865 1541 924 πρότερὼ
1553 879 1652 921 φησι

211 923 377 969 Μύσιον
409 925 615 996 Βόσπορον
647 924 1022 996 προςαγορεόεσθαι.
1091 929 1216 968 Τοῦτο
1257 921 1349 967 δ”
1320 942 1376 968 αν
1399 941 1459 974 τις
1485 924 1556 966 καὶ
1579 927 1652 965 τοῦ

213 980 376 1052 Θρᾶκας
394 980 498 1026 εἶναι
514 979 605 1033 τοὺς
623 981 797 1033 Μυσοὺς
814 981 1031 1053 μαρτύριον
1046 984 1150 1036 θείη.
1208 987 1341 1035 Mysos
1373 985 1531 1023 eosdem
1549 995 1650 1031 esse,

211 1044 275 1092 qui
296 1056 323 1082 a
343 1044 523 1082 Romanis
541 1044 661 1082 Mea-1·
679 1044 863 1091 dicuntur,
882 1045 1006 1092 ipsum
1025 1054 1161 1081 nomen
1182 1043 1324 1081 indicio
1343 1048 1421 1088 est;
1456 1043 1503 1080 ef.
1523 1042 1552 1078 F
1553 1042 1651 1078 orbi

211 1111 292 1148 ger.
310 1101 448 1149 Geogr.
464 1102 579 1149 antiq.
598 1101 684 1139 Vol.
707 1102 751 1142 11.
773 1113 811 1149 Ρ.
823 1104 905 1140 123.
924 1106 1000 1138 not.
1015 1104 1074 1141 89.
1095 1100 1182 1140 Vol.
1202 1100 1261 1139 ΠΙ.
1280 1113 1319 1148 p.
1334 1103 1508 1140 1090.--
1522 1099 1649 1146 Vulgo

210 1157 474 1206 Fragmentum.
489 1160 540 1195 ita
558 1157 699 1194 editur:
729 1158 874 1195 Getae
891 1163 1001 1194 sunt
1017 1157 1140 1207 Mysii,
1156 1168 1248 1205 quos
1267 1162 1353 1203 etc„
1377 1157 1502 1195 Servii
1522 1156 1649 1192 verbis

212 1214 307 1250 falso
326 1213 504 1253 Sallustio
538 1215 732 1262 ascriptis,
767 1226 879 1262 quem
910 1226 1076 1251 errorem
1113 1214 1217 1251 solus
1243 1214 1471 1251 Debrossius
1503 1213 1648 1250 vitavit.

211 1270 308 1306 Num
327 1271 433 1308 locus
453 1272 503 1308 de
522 1271 643 1319 Mysis
662 1273 700 1308 in
719 1276 850 1319 quarto
883 1272 976 1308 libro
998 1272 1116 1308 lectus
1136 1271 1269 1317 fuerit,
1299 1272 1458 1307 sortasse
1488 1269 1647 1306 dubitari

211 1329 344 1373 potest,
363 1338 477 1374 quum
497 1328 671 1365 Lucullus
691 1329 765 1364 iam
780 1339 877 1364 anno
897 1330 954 1366 73.
975 1339 1009 1364 a.
1032 1327 1117 1365 Chr.
1142 1338 1178 1363 n.
1199 1328 1238 1363 in
1252 1327 1485 1374 provinciam
1505 1326 1648 1363 abierit.

213 1381 292 1420 Sed
316 1384 493 1430 quoniam
519 1388 814 1421 consentaneum
841 1389 899 1421 est
923 1385 1025 1420 illam
1050 1387 1181 1421 contra
1208 1385 1341 1431 Mysos
1370 1383 1648 1430 expeditionem

213 1450 287 1489 non
319 1440 440 1487 primo
463 1442 752 1487 proconsulatus
785 1451 903 1487 anno,
937 1440 1009 1477 sed
1034 1441 1097 1478 vel
1128 1441 1296 1478 seeundo
1326 1441 1388 1477 vel
1417 1439 1515 1476 adeo
1541 1440 1649 1475 tertio

213 1506 302 1532 esse
321 1500 549 1544 susceptam,
566 1509 641 1544 quo
667 1508 765 1534 anno
786 1499 924 1534 bellum
953 1499 1094 1534 servile
1113 1497 1257 1534 finitum
1274 1502 1346 1545 cst,
1375 1497 1569 1544 probabile
1593 1497 1650 1533 vi—

213 1551 321 1588 detur
339 1548 556 1590 Sallustium
574 1554 625 1591 de
646 1554 711 1591 illa
732 1565 774 1590 re
792 1565 868 1590 non
888 1555 994 1601 prius
1008 1565 1119 1602 quam
1138 1554 1186 1591 de
1199 1554 1273 1591 hoe
1294 1554 1532 1601 exposuisse,
1550 1562 1648 1600 quae

212 1609 429 1647 coniectura
445 1610 550 1647 haud
568 1621 701 1658 parmn
719 1621 765 1647 eo
781 1611 1034 1658 confirmatur,
1054 1611 1156 1659 quod
1175 1612 1304 1648 Livius
1324 1621 1472 1659 quoque
1490 1609 1647 1647 easdem

212 1675 274 1702 res
293 1666 388 1703 libro
409 1665 554 1703 XCVII.
575 1668 792 1715 complexus
811 1672 880 1704 est.

322 1722 384 1759 Fr.
398 1725 457 1762 47.
501 1723 630 1768 [Deest
647 1724 750 1772 apud
770 1723 865 1761 Cort.
884 1745 941 1751 —
963 1724 1063 1761 Gerl.
1079 1724 1140 1760 ed.
1164 1726 1252 1761 mai.
1274 1725 1349 1761 Ine.
1370 1727 1449 1763 186.
1474 1722 1536 1759 ed.
1556 1722 1647 1759 min.

210 1779 287 1816 Ine·
313 1782 371 1818 ⁵8·
392 1790 431 1827 p·
448 1783 531 1825 239,
553 1785 586 1818 l.
611 1780 722 1818 Debr.
742 1781 802 1827 Ill,
821 1784 901 1820 160.
923 1782 970 1826 V,
992 1781 1069 1825 21.]
1122 1782 1265 1818 Probus
1286 1774 1403 1818 instit.
1422 1781 1585 1820 Gramm.
1604 1780 1647 1826 11,

214 1839 247 1880 l,
267 1837 327 1873 23.
358 1847 395 1882 p.
417 1840 498 1874 110.
517 1836 686 1873 Lindem.
709 1838 767 1883 (p.
787 1840 889 1876 1450.
914 1836 1085 1882 Putsch.)
1118 1837 1206 1875 Vizo
1222 1838 1335 1882 tradit
1353 1838 1539 1874 barbarae
1555 1837 1646 1873 civi-

213 1891 298 1927 tatis
317 1902 455 1927 nomen
474 1903 562 1929 esse
578 1893 679 1939 apud
699 1892 930 1930 Sallustium.
980 1894 1063 1930 Non
1082 1898 1205 1940 potest
1224 1899 1346 1930 autem
1367 1893 1539 1937 dubitari,
1557 1893 1646 1940 quin

214 1947 495 1994 intelligendum
518 1949 565 1984 sit
583 1948 765 1984 Thraciae
794 1950 987 1996 oppidum,
1017 1949 1119 1996 quod
1138 1951 1184 1986 ab
1206 1951 1288 1987 aliis
1310 1950 1451 1987 Bizone
1469 1953 1645 1994 vocatur;

222 2002 310 2040 Vizo
332 2002 432 2039 enim
449 2004 543 2040 alias
565 2015 639 2041 non
657 2009 801 2051 exstat;
831 2017 953 2053 neque
979 2005 1174 2042 offendere
1199 2006 1309 2043 debet
1327 2008 1362 2042 V
1380 2008 1502 2044 littera
1519 2017 1590 2053 pro
1615 2006 1646 2042 B

214 2060 349 2106 posita,
370 2070 466 2105 quae
493 2060 596 2097 haud
613 2071 698 2097 raro
720 2066 972 2108 permutantur
992 2064 1050 2107 (v.
1065 2062 1116 2098 ad
1134 2063 1195 2099 Fr.
1216 2064 1277 2110 ΙΙΙ,
1292 2065 1351 2108 77,
1368 2068 1405 2102 2.
1435 2063 1520 2100 coll.
1542 2061 1581 2101 C.
1603 2063 1658 2099 L.-

216 2115 437 2152 Schneideri
470 2116 634 2154 Gramm.
667 2119 727 2154 lat.
758 2119 844 2154 Vol.
864 2120 891 2165 Ι,
928 2124 963 2157 1.
997 2130 1035 2166 p.
1058 2122 1129 2158 226
1148 2121 1263 2167 sqq.),
1291 2120 1449 2167 ipsaque
1483 2119 1645 2156 nominis

215 2173 333 2208 forma
350 2175 491 2209 mutata
508 2173 600 2210 nihil
612 2174 735 2220 habet,
755 2175 857 2222 quod
876 2176 1080 2212 sententiae
1096 2180 1246 2212 nostrae
1265 2178 1397 2222 obstet,
1411 2187 1525 2224 quum
1538 2177 1645 2212 varie

215 2228 410 2264 terminata
433 2230 575 2266 urbium
596 2241 641 2266 ae
660 2232 829 2268 locorum
854 2233 1004 2268 nomina
1030 2233 1331 2280 frequentissima
1353 2234 1439 2279 sint,
1467 2244 1511 2270 ac
1531 2233 1644 2269 huius

214 2285 333 2331 ipsius
348 2285 451 2321 urbis
471 2287 618 2322 tertium
635 2298 770 2323 nomen
791 2284 904 2334 Βίζος
917 2293 1089 2326 occurrat
1107 2289 1208 2336 apud
1223 2290 1373 2326 Arrian.
1393 2290 1515 2337 Perip
1534 2301 1572 2337 p.
1586 2293 1641 2328 13.

215 2340 267 2376 De
287 2341 425 2376 Bizone
445 2343 527 2378 sive
546 2343 690 2379 Vizone
710 2345 760 2380 cf.
782 2345 881 2381 Mela
902 2345 1000 2390 11,2,
1019 2350 1055 2384 5.
1105 2345 1154 2382 In
1174 2346 1335 2383 litoribus
1351 2346 1452 2383 Istro
1462 2347 1644 2394 proximu

214 2392 1030 2444 estIstropotss;deiu·deaM1·1esiisdcdue-ta
1053 2401 1209 2443 calatin
1233 2407 1308 2440 tum
1334 2403 1480 2447 Tomoe,
1501 2407 1641 2450 εἴρον-

215 2456 271 2489 tus
297 2453 427 2497 Caria,
460 2458 497 2490 et
517 2455 658 2492 Tiristis
674 2459 984 2505 promontorium,
1005 2459 1104 2506 quod
1119 2463 1394 2506 praeter-vectos
1418 2461 1512 2496 alter
1536 2458 1648 2495 Ponti

213 2510 370 2556 anytdus
387 2511 533 2557 accipit.
551 2531 607 2536 —
630 2512 742 2548 Fuit
756 2513 832 2550 laic
848 2515 1047 2555 Bizone:
1069 2519 1164 2552 motu
1182 2519 1307 2552 terrae
1322 2515 1641 2552 intercidit.1³lin.

213 2566 260 2601 Ν.
281 2566 326 2601 Η.
346 2566 409 2609 IV,
433 2569 489 2604 18.
550 2567 711 2604 Thrac-‘a
730 2569 1004 2616 macher-rimas
1027 2573 1067 2607 in
1086 2575 1257 2618 eapurte
1274 2573 1385 2608 urbes
1403 2571 1644 2609 habetIstr-o-

208 2622 311 2668 polin
326 2621 562 2669 Milesiorum,
585 2614 724 2669 Tomos,
748 2625 970 2674 Calatinque.
988 2627 1211 2664 Heracleam
1230 2628 1355 2664 habiti!
1366 2632 1402 2665 el
1418 2630 1640 2670 Bizonen,

214 2682 337 2714 terrae
354 2678 456 2715 hiatu
475 2682 636 2743 raptam.
693 2680 815 2718 Strab.
836 2683 917 2718 VH.
936 2695 975 2730 p.
995 2686 1076 2723 491.
1098 2684 1141 2720 B.
1162 2683 1296 2720 Almel.
1340 2675 1412 2722 'Em
1427 2685 1483 2722 τῶ
1502 2695 1597 2733 μετα

216 2726 446 2783 διαστήματι
474 2734 530 2787 τῷ
557 2726 636 2773 abab
662 2730 880 2783 Καλᾶτιδος
912 2737 967 2784 εἰς
986 2730 1255 2777 Ἀπολλωνίαν
1284 2734 1439 2791 Βιζωνη
1456 2723 1569 2785 ἔστὶν,
1595 2675 1644 2790 ἶ
