<?xml version="1.0" encoding="UTF-8"?>
<!DOCTYPE html PUBLIC "-//W3C//DTD XHTML 1.0 Transitional//EN"
    "http://www.w3.org/TR/xhtml1/DTD/xhtml1-transitional.dtd">
<html xmlns="http://www.w3.org/1999/xhtml" xml:lang="en" lang="en">
 <head>
  <title>
</title>
<meta http-equiv="Content-Type" content="text/html;charset=utf-8" />
  <meta name='ocr-system' content='tesseract 3.04.00' />
  <meta name='ocr-capabilities' content='ocr_page ocr_carea ocr_par ocr_line ocrx_word'/>
</head>
<body>
  <div class='ocr_page' id='page_1' title='image "./operaquaesupersu03salluoft_0375.png"; bbox 0 0 1774 3002; ppageno 0'>
   <div class='ocr_carea' id='block_1_1' title="bbox 498 160 1664 205">
    <p class='ocr_par' dir='ltr' id='par_1_1' title="bbox 498 160 1664 205">
     <span class='ocr_line' id='line_1_1' title="bbox 498 160 1664 205; baseline -0.006 -1"><span class='ocrx_word' id='word_1_1' title='bbox 498 166 828 205; x_wconf 75' lang='lat' dir='ltr'>HISTORIARUM</span> <span class='ocrx_word' id='word_1_2' title='bbox 854 165 1166 203; x_wconf 79' lang='lat' dir='ltr'><strong>FRAGMENTA.</strong></span> <span class='ocrx_word' id='word_1_3' title='bbox 1226 165 1313 200; x_wconf 91' lang='lat' dir='ltr'><strong>LIB.</strong></span> <span class='ocrx_word' id='word_1_4' title='bbox 1346 164 1408 199; x_wconf 87' lang='lat' dir='ltr'><strong>IV.</strong></span> <span class='ocrx_word' id='word_1_5' title='bbox 1578 160 1664 204; x_wconf 57' lang='lat' dir='ltr'><strong>affl</strong></span> 
     </span>
    </p>
   </div>
   <div class='ocr_carea' id='block_1_2' title="bbox 116 288 1662 1100">
    <p class='ocr_par' dir='ltr' id='par_1_2' title="bbox 116 288 1662 1100">
     <span class='ocr_line' id='line_1_2' title="bbox 166 288 1661 345; baseline -0.002 -8"><span class='ocrx_word' id='word_1_6' title='bbox 166 300 215 340; x_wconf 73' lang='grc'><strong>19</strong></span> <span class='ocrx_word' id='word_1_7' title='bbox 223 290 420 338; x_wconf 82' lang='lat' dir='ltr'><strong>vindices</strong></span> <span class='ocrx_word' id='word_1_8' title='bbox 451 291 642 337; x_wconf 81' lang='lat' dir='ltr'><strong>affuturi.</strong></span> <span class='ocrx_word' id='word_1_9' title='bbox 712 291 779 336; x_wconf 81' lang='lat' dir='ltr'><strong>Tu</strong></span> <span class='ocrx_word' id='word_1_10' title='bbox 816 305 949 345; x_wconf 89' lang='lat' dir='ltr'><strong>vero,</strong></span> <span class='ocrx_word' id='word_1_11' title='bbox 988 289 1058 335; x_wconf 84' lang='lat' dir='ltr'><strong>cui</strong></span> <span class='ocrx_word' id='word_1_12' title='bbox 1093 288 1316 344; x_wconf 87' lang='lat' dir='ltr'><strong>Seleucia,</strong></span> <span class='ocrx_word' id='word_1_13' title='bbox 1346 303 1554 335; x_wconf 83' lang='lat' dir='ltr'><strong>maxuma</strong></span> <span class='ocrx_word' id='word_1_14' title='bbox 1579 304 1661 334; x_wconf 86' lang='lat' dir='ltr'><strong>ur-</strong></span> 
     </span>
     <span class='ocr_line' id='line_1_3' title="bbox 116 359 1662 436; baseline -0.003 -16"><span class='ocrx_word' id='word_1_15' title='bbox 116 359 119 361; x_wconf 81' lang='grc'><strong>’</strong></span> <span class='ocrx_word' id='word_1_16' title='bbox 223 375 363 431; x_wconf 83' lang='lat' dir='ltr'><strong>bium,</strong></span> <span class='ocrx_word' id='word_1_17' title='bbox 393 387 669 436; x_wconf 73' lang='lat' dir='ltr'><strong>oegnumque</strong></span> <span class='ocrx_word' id='word_1_18' title='bbox 703 371 897 418; x_wconf 80' lang='lat' dir='ltr'><strong>Persidis</strong></span> <span class='ocrx_word' id='word_1_19' title='bbox 935 372 1108 419; x_wconf 75' lang='lat' dir='ltr'><strong>inclutis</strong></span> <span class='ocrx_word' id='word_1_20' title='bbox 1139 372 1301 418; x_wconf 69' lang='lat' dir='ltr'><strong>divitiis</strong></span> <span class='ocrx_word' id='word_1_21' title='bbox 1331 375 1419 427; x_wconf 73' lang='lat' dir='ltr'><strong>est,</strong></span> <span class='ocrx_word' id='word_1_22' title='bbox 1465 371 1567 433; x_wconf 74' lang='lat' dir='ltr'><strong>quid</strong></span> <span class='ocrx_word' id='word_1_23' title='bbox 1588 372 1662 417; x_wconf 68' lang='lat' dir='ltr'><strong>-ab</strong></span> 
     </span>
     <span class='ocr_line' id='line_1_4' title="bbox 223 454 1662 517; baseline -0.001 -14"><span class='ocrx_word' id='word_1_24' title='bbox 223 457 336 512; x_wconf 90' lang='lat' dir='ltr'><strong>illis,</strong></span> <span class='ocrx_word' id='word_1_25' title='bbox 369 456 454 504; x_wconf 91' lang='lat' dir='ltr'><strong>nisi</strong></span> <span class='ocrx_word' id='word_1_26' title='bbox 488 457 639 504; x_wconf 90' lang='lat' dir='ltr'><strong>dolum</strong></span> <span class='ocrx_word' id='word_1_27' title='bbox 667 454 712 501; x_wconf 89' lang='lat' dir='ltr'><strong>in</strong></span> <span class='ocrx_word' id='word_1_28' title='bbox 749 470 961 516; x_wconf 55' lang='lat' dir='ltr'><strong>praesens</strong></span> <span class='ocrx_word' id='word_1_29' title='bbox 974 493 986 512; x_wconf 94' lang='lat'><strong>,</strong></span> <span class='ocrx_word' id='word_1_30' title='bbox 1023 460 1067 502; x_wconf 87' lang='lat' dir='ltr'><strong>et</strong></span> <span class='ocrx_word' id='word_1_31' title='bbox 1105 459 1264 517; x_wconf 84' lang='lat' dir='ltr'><strong>postea</strong></span> <span class='ocrx_word' id='word_1_32' title='bbox 1295 457 1459 503; x_wconf 88' lang='lat' dir='ltr'><strong>bellum</strong></span> <span class='ocrx_word' id='word_1_33' title='bbox 1492 470 1662 515; x_wconf 80' lang='lat' dir='ltr'><strong>exspe-</strong></span> 
     </span>
     <span class='ocr_line' id='line_1_5' title="bbox 166 538 1659 595; baseline -0.003 -8"><span class='ocrx_word' id='word_1_34' title='bbox 166 540 346 587; x_wconf 69' lang='lat' dir='ltr'><strong>wctas?</strong></span> <span class='ocrx_word' id='word_1_35' title='bbox 396 539 582 586; x_wconf 88' lang='lat' dir='ltr'><strong>Romani</strong></span> <span class='ocrx_word' id='word_1_36' title='bbox 609 553 732 585; x_wconf 89' lang='lat' dir='ltr'><strong>arma</strong></span> <span class='ocrx_word' id='word_1_37' title='bbox 758 539 804 584; x_wconf 89' lang='lat' dir='ltr'><strong>in</strong></span> <span class='ocrx_word' id='word_1_38' title='bbox 831 538 973 584; x_wconf 90' lang='lat' dir='ltr'><strong>omnis</strong></span> <span class='ocrx_word' id='word_1_39' title='bbox 1009 539 1190 595; x_wconf 84' lang='lat' dir='ltr'><strong>habent,</strong></span> <span class='ocrx_word' id='word_1_40' title='bbox 1227 554 1456 585; x_wconf 88' lang='lat' dir='ltr'><strong>acerruma</strong></span> <span class='ocrx_word' id='word_1_41' title='bbox 1483 539 1530 584; x_wconf 90' lang='lat' dir='ltr'><strong>in</strong></span> <span class='ocrx_word' id='word_1_42' title='bbox 1565 552 1659 592; x_wconf 90' lang='lat' dir='ltr'><strong>eos,</strong></span> 
     </span>
     <span class='ocr_line' id='line_1_6' title="bbox 222 621 1660 690; baseline -0.003 -20"><span class='ocrx_word' id='word_1_43' title='bbox 222 623 380 690; x_wconf 87' lang='lat' dir='ltr'><strong>quibus</strong></span> <span class='ocrx_word' id='word_1_44' title='bbox 417 622 544 669; x_wconf 85' lang='lat' dir='ltr'><strong>victis</strong></span> <span class='ocrx_word' id='word_1_45' title='bbox 584 622 727 682; x_wconf 88' lang='lat' dir='ltr'><strong>spolia</strong></span> <span class='ocrx_word' id='word_1_46' title='bbox 761 637 966 668; x_wconf 82' lang='lat' dir='ltr'><strong>maxuma</strong></span> <span class='ocrx_word' id='word_1_47' title='bbox 992 626 1118 686; x_wconf 83' lang='lat' dir='ltr'><strong>sunt3</strong></span> <span class='ocrx_word' id='word_1_48' title='bbox 1147 623 1351 686; x_wconf 85' lang='lat' dir='ltr'><strong>audendo</strong></span> <span class='ocrx_word' id='word_1_49' title='bbox 1381 624 1425 668; x_wconf 82' lang='lat' dir='ltr'><strong>et</strong></span> <span class='ocrx_word' id='word_1_50' title='bbox 1467 621 1660 668; x_wconf 82' lang='lat' dir='ltr'><strong>fallendo</strong></span> 
     </span>
     <span class='ocr_line' id='line_1_7' title="bbox 164 697 1658 766; baseline 0 -16"><span class='ocrx_word' id='word_1_51' title='bbox 164 715 210 750; x_wconf 76' lang='lat'><strong>21</strong></span> <span class='ocrx_word' id='word_1_52' title='bbox 221 710 264 754; x_wconf 82' lang='lat' dir='ltr'><strong>et</strong></span> <span class='ocrx_word' id='word_1_53' title='bbox 287 697 409 754; x_wconf 84' lang='lat' dir='ltr'><strong>-bella</strong></span> <span class='ocrx_word' id='word_1_54' title='bbox 433 722 491 753; x_wconf 85' lang='lat' dir='ltr'><strong>ex</strong></span> <span class='ocrx_word' id='word_1_55' title='bbox 525 705 651 751; x_wconf 89' lang='lat' dir='ltr'><strong>bellis</strong></span> <span class='ocrx_word' id='word_1_56' title='bbox 679 706 868 751; x_wconf 91' lang='lat' dir='ltr'><strong>serendo</strong></span> <span class='ocrx_word' id='word_1_57' title='bbox 897 706 1047 766; x_wconf 89' lang='lat' dir='ltr'><strong>magni</strong></span> <span class='ocrx_word' id='word_1_58' title='bbox 1076 707 1191 752; x_wconf 82' lang='lat' dir='ltr'><strong>facti.</strong></span> <span class='ocrx_word' id='word_1_59' title='bbox 1231 706 1329 751; x_wconf 67' lang='lat' dir='ltr'><strong>vPer</strong></span> <span class='ocrx_word' id='word_1_60' title='bbox 1353 705 1469 757; x_wconf 85' lang='lat' dir='ltr'><strong>hunc</strong></span> <span class='ocrx_word' id='word_1_61' title='bbox 1493 719 1658 751; x_wconf 87' lang='lat' dir='ltr'><strong>morem</strong></span> 
     </span>
     <span class='ocr_line' id='line_1_8' title="bbox 219 787 1658 852; baseline -0.003 -14"><span class='ocrx_word' id='word_1_62' title='bbox 219 791 505 852; x_wconf 74' lang='lat' dir='ltr'><strong>exstinguent</strong></span> <span class='ocrx_word' id='word_1_63' title='bbox 540 788 706 844; x_wconf 90' lang='lat' dir='ltr'><strong>omnia,</strong></span> <span class='ocrx_word' id='word_1_64' title='bbox 736 791 811 834; x_wconf 85' lang='lat' dir='ltr'><strong>aut</strong></span> <span class='ocrx_word' id='word_1_65' title='bbox 835 788 1053 845; x_wconf 82' lang='lat' dir='ltr'><strong>occident,</strong></span> <span class='ocrx_word' id='word_1_66' title='bbox 1081 789 1202 850; x_wconf 91' lang='lat' dir='ltr'><strong>quod</strong></span> <span class='ocrx_word' id='word_1_67' title='bbox 1228 788 1346 834; x_wconf 91' lang='lat' dir='ltr'><strong>haud</strong></span> <span class='ocrx_word' id='word_1_68' title='bbox 1372 787 1551 834; x_wconf 84' lang='lat' dir='ltr'><strong>difficile</strong></span> <span class='ocrx_word' id='word_1_69' title='bbox 1576 789 1658 843; x_wconf 72' lang='lat' dir='ltr'><strong>est,</strong></span> 
     </span>
     <span class='ocr_line' id='line_1_9' title="bbox 220 871 1659 933; baseline -0.004 -13"><span class='ocrx_word' id='word_1_70' title='bbox 220 875 258 920; x_wconf 86' lang='lat' dir='ltr'><strong>si</strong></span> <span class='ocrx_word' id='word_1_71' title='bbox 288 877 335 919; x_wconf 84' lang='lat' dir='ltr'><strong>tu</strong></span> <span class='ocrx_word' id='word_1_72' title='bbox 369 872 703 933; x_wconf 81' lang='lat' dir='ltr'><strong>Mesopotamia,</strong></span> <span class='ocrx_word' id='word_1_73' title='bbox 742 886 825 917; x_wconf 92' lang='lat' dir='ltr'><strong>nos</strong></span> <span class='ocrx_word' id='word_1_74' title='bbox 861 871 1068 917; x_wconf 85' lang='lat' dir='ltr'><strong>Armenia</strong></span> <span class='ocrx_word' id='word_1_75' title='bbox 1106 871 1497 933; x_wconf 81' lang='lat' dir='ltr'>circumgredimur</span> <span class='ocrx_word' id='word_1_76' title='bbox 1522 885 1659 915; x_wconf 83' lang='lat' dir='ltr'><strong>exer-</strong></span> 
     </span>
     <span class='ocr_line' id='line_1_10' title="bbox 219 951 1657 1010; baseline -0.004 -7"><span class='ocrx_word' id='word_1_77' title='bbox 219 958 350 1003; x_wconf 85' lang='lat' dir='ltr'><strong>citum</strong></span> <span class='ocrx_word' id='word_1_78' title='bbox 387 956 484 1002; x_wconf 89' lang='lat' dir='ltr'><strong>sine</strong></span> <span class='ocrx_word' id='word_1_79' title='bbox 521 956 757 1010; x_wconf 83' lang='lat' dir='ltr'><strong>frumento,</strong></span> <span class='ocrx_word' id='word_1_80' title='bbox 796 954 892 1000; x_wconf 90' lang='lat' dir='ltr'><strong>sine</strong></span> <span class='ocrx_word' id='word_1_81' title='bbox 927 954 1124 1010; x_wconf 80' lang='lat' dir='ltr'><strong>auxiliis,</strong></span> <span class='ocrx_word' id='word_1_82' title='bbox 1163 955 1359 1010; x_wconf 80' lang='lat' dir='ltr'><strong>fortuna,</strong></span> <span class='ocrx_word' id='word_1_83' title='bbox 1390 955 1466 1000; x_wconf 77' lang='lat' dir='ltr'><strong>aut</strong></span> <span class='ocrx_word' id='word_1_84' title='bbox 1493 951 1657 998; x_wconf 82' lang='lat' dir='ltr'><strong>nostris</strong></span> 
     </span>
     <span class='ocr_line' id='line_1_11' title="bbox 165 1038 1659 1100; baseline -0.004 -12"><span class='ocrx_word' id='word_1_85' title='bbox 165 1041 336 1098; x_wconf 59' lang='lat' dir='ltr'><strong>mritiis</strong></span> <span class='ocrx_word' id='word_1_86' title='bbox 367 1040 511 1086; x_wconf 84' lang='lat' dir='ltr'><strong>adhuc</strong></span> <span class='ocrx_word' id='word_1_87' title='bbox 539 1038 814 1085; x_wconf 87' lang='lat' dir='ltr'><strong>incolumem.</strong></span> <span class='ocrx_word' id='word_1_88' title='bbox 870 1038 1020 1100; x_wconf 85' lang='lat' dir='ltr'>Teque</span> <span class='ocrx_word' id='word_1_89' title='bbox 1055 1038 1131 1084; x_wconf 88' lang='lat' dir='ltr'><strong>illa</strong></span> <span class='ocrx_word' id='word_1_90' title='bbox 1165 1038 1281 1084; x_wconf 75' lang='lat' dir='ltr'><strong>fama</strong></span> <span class='ocrx_word' id='word_1_91' title='bbox 1310 1039 1543 1098; x_wconf 84' lang='lat' dir='ltr'><strong>sequetur,</strong></span> <span class='ocrx_word' id='word_1_92' title='bbox 1571 1050 1659 1082; x_wconf 87' lang='lat' dir='ltr'><strong>au-</strong></span> 
     </span>
    </p>
   </div>
   <div class='ocr_carea' id='block_1_3' title="bbox 211 1173 1659 2793">
    <p class='ocr_par' dir='ltr' id='par_1_3' title="bbox 218 1173 1659 1335">
     <span class='ocr_line' id='line_1_12' title="bbox 218 1173 1659 1226; baseline -0.004 -11"><span class='ocrx_word' id='word_1_93' title='bbox 218 1177 463 1226; x_wconf 72' lang='lat' dir='ltr'><strong>capiendum,</strong></span> <span class='ocrx_word' id='word_1_94' title='bbox 491 1187 565 1224; x_wconf 86' lang='lat' dir='ltr'><strong>quo</strong></span> <span class='ocrx_word' id='word_1_95' title='bbox 586 1177 688 1212; x_wconf 88' lang='lat' dir='ltr'><strong>valet</strong></span> <span class='ocrx_word' id='word_1_96' title='bbox 721 1175 950 1222; x_wconf 75' lang='lat' dir='ltr'><strong>exstirpare,</strong></span> <span class='ocrx_word' id='word_1_97' title='bbox 975 1175 1045 1212; x_wconf 85' lang='lat' dir='ltr'><strong>sed</strong></span> <span class='ocrx_word' id='word_1_98' title='bbox 1074 1175 1251 1211; x_wconf 74' lang='lat' dir='ltr'><strong>translate</strong></span> <span class='ocrx_word' id='word_1_99' title='bbox 1280 1174 1469 1222; x_wconf 86' lang='lat' dir='ltr'><strong>significat</strong></span> <span class='ocrx_word' id='word_1_100' title='bbox 1494 1173 1659 1210; x_wconf 70' lang='lat' dir='ltr'><strong>omibus</strong></span> 
     </span>
     <span class='ocr_line' id='line_1_13' title="bbox 218 1229 1656 1280; baseline -0.005 -7"><span class='ocrx_word' id='word_1_101' title='bbox 218 1235 320 1273; x_wconf 73' lang='grc' dir='ltr'><strong>ὺοπίε</strong></span> <span class='ocrx_word' id='word_1_102' title='bbox 341 1238 514 1279; x_wconf 72' lang='lat' dir='ltr'><strong>evertere,</strong></span> <span class='ocrx_word' id='word_1_103' title='bbox 535 1231 637 1280; x_wconf 83' lang='lat' dir='ltr'><strong>quod</strong></span> <span class='ocrx_word' id='word_1_104' title='bbox 659 1232 864 1268; x_wconf 84' lang='lat' dir='ltr'><strong>vernacula</strong></span> <span class='ocrx_word' id='word_1_105' title='bbox 892 1231 1027 1268; x_wconf 85' lang='lat' dir='ltr'><strong>dicitur</strong></span> <span class='ocrx_word' id='word_1_106' title='bbox 1057 1233 1236 1276; x_wconf 71' lang='lat' dir='ltr'><strong>ruine-en,</strong></span> <span class='ocrx_word' id='word_1_107' title='bbox 1266 1243 1313 1267; x_wconf 79' lang='lat' dir='ltr'><strong>zu</strong></span> <span class='ocrx_word' id='word_1_108' title='bbox 1334 1230 1484 1268; x_wconf 69' lang='lat' dir='ltr'><strong>ammae</strong></span> <span class='ocrx_word' id='word_1_109' title='bbox 1502 1229 1656 1266; x_wconf 75' lang='lat' dir='ltr'><strong>richlen.</strong></span> 
     </span>
     <span class='ocr_line' id='line_1_14' title="bbox 218 1288 1374 1335; baseline -0.006 -5"><span class='ocrx_word' id='word_1_110' title='bbox 218 1312 276 1330; x_wconf 84' lang='lat'><strong>—.</strong></span> <span class='ocrx_word' id='word_1_111' title='bbox 300 1291 383 1330; x_wconf 78' lang='lat' dir='ltr'><strong>Non</strong></span> <span class='ocrx_word' id='word_1_112' title='bbox 400 1301 522 1333; x_wconf 73' lang='lat' dir='ltr'><strong>serva,</strong></span> <span class='ocrx_word' id='word_1_113' title='bbox 545 1290 571 1325; x_wconf 91' lang='lat' dir='ltr'><strong>i.</strong></span> <span class='ocrx_word' id='word_1_114' title='bbox 591 1300 628 1324; x_wconf 86' lang='lat' dir='ltr'><strong>e.</strong></span> <span class='ocrx_word' id='word_1_115' title='bbox 645 1289 739 1335; x_wconf 93' lang='lat' dir='ltr'><strong>ipsis</strong></span> <span class='ocrx_word' id='word_1_116' title='bbox 758 1299 833 1323; x_wconf 93' lang='lat' dir='ltr'><strong>non</strong></span> <span class='ocrx_word' id='word_1_117' title='bbox 852 1288 1067 1332; x_wconf 83' lang='lat' dir='ltr'><strong>servientia,</strong></span> <span class='ocrx_word' id='word_1_118' title='bbox 1098 1299 1172 1323; x_wconf 90' lang='lat' dir='ltr'><strong>non</strong></span> <span class='ocrx_word' id='word_1_119' title='bbox 1194 1288 1374 1324; x_wconf 86' lang='lat' dir='ltr'><strong>subiecta.</strong></span> 
     </span>
    </p>

    <p class='ocr_par' dir='ltr' id='par_1_4' title="bbox 211 1343 1656 1733">
     <span class='ocr_line' id='line_1_15' title="bbox 329 1343 1656 1392; baseline -0.005 -9"><span class='ocrx_word' id='word_1_120' title='bbox 329 1351 365 1390; x_wconf 77' lang='lat' dir='ltr'><strong>s.</strong></span> <span class='ocrx_word' id='word_1_121' title='bbox 388 1349 445 1385; x_wconf 88' lang='lat'><strong>18.</strong></span> <span class='ocrx_word' id='word_1_122' title='bbox 467 1356 535 1383; x_wconf 76' lang='lat' dir='ltr'><strong>nos</strong></span> <span class='ocrx_word' id='word_1_123' title='bbox 552 1347 713 1392; x_wconf 76' lang='lat' dir='ltr'><strong>suspecti</strong></span> <span class='ocrx_word' id='word_1_124' title='bbox 726 1354 853 1381; x_wconf 74' lang='lat' dir='ltr'><strong>sumus</strong></span> <span class='ocrx_word' id='word_1_125' title='bbox 870 1345 1021 1389; x_wconf 79' lang='lat' dir='ltr'><strong>aemuli)</strong></span> <span class='ocrx_word' id='word_1_126' title='bbox 1040 1344 1290 1380; x_wconf 88' lang='lat' dir='ltr'><strong>Grammatica</strong></span> <span class='ocrx_word' id='word_1_127' title='bbox 1307 1343 1442 1379; x_wconf 89' lang='lat' dir='ltr'><strong>horum</strong></span> <span class='ocrx_word' id='word_1_128' title='bbox 1456 1343 1656 1379; x_wconf 89' lang='lat' dir='ltr'><strong>verborum</strong></span> 
     </span>
     <span class='ocr_line' id='line_1_16' title="bbox 211 1398 1655 1452; baseline -0.004 -12"><span class='ocrx_word' id='word_1_129' title='bbox 211 1404 314 1440; x_wconf 80' lang='lat' dir='ltr'><strong>ratio</strong></span> <span class='ocrx_word' id='word_1_130' title='bbox 340 1403 437 1439; x_wconf 87' lang='lat' dir='ltr'><strong>haec</strong></span> <span class='ocrx_word' id='word_1_131' title='bbox 465 1407 542 1450; x_wconf 87' lang='lat' dir='ltr'><strong>est,</strong></span> <span class='ocrx_word' id='word_1_132' title='bbox 567 1406 606 1438; x_wconf 84' lang='lat' dir='ltr'><strong>ut</strong></span> <span class='ocrx_word' id='word_1_133' title='bbox 632 1402 768 1438; x_wconf 80' lang='lat' dir='ltr'><strong>aemuli</strong></span> <span class='ocrx_word' id='word_1_134' title='bbox 788 1411 856 1447; x_wconf 89' lang='lat' dir='ltr'><strong>per</strong></span> <span class='ocrx_word' id='word_1_135' title='bbox 874 1402 1149 1452; x_wconf 81' lang='lat' dir='ltr'><strong>appositionem</strong></span> <span class='ocrx_word' id='word_1_136' title='bbox 1170 1401 1352 1436; x_wconf 80' lang='lat' dir='ltr'><strong>referatur</strong></span> <span class='ocrx_word' id='word_1_137' title='bbox 1378 1409 1454 1434; x_wconf 90' lang='lat' dir='ltr'><strong>non</strong></span> <span class='ocrx_word' id='word_1_138' title='bbox 1488 1398 1538 1434; x_wconf 87' lang='lat' dir='ltr'><strong>ad</strong></span> <span class='ocrx_word' id='word_1_139' title='bbox 1567 1399 1655 1435; x_wconf 85' lang='lat' dir='ltr'><strong>sub-</strong></span> 
     </span>
     <span class='ocr_line' id='line_1_17' title="bbox 219 1453 1655 1504; baseline -0.004 -8"><span class='ocrx_word' id='word_1_140' title='bbox 219 1462 353 1497; x_wconf 84' lang='lat' dir='ltr'><strong>iectum</strong></span> <span class='ocrx_word' id='word_1_141' title='bbox 373 1460 506 1502; x_wconf 92' lang='lat' dir='ltr'><strong>solum,</strong></span> <span class='ocrx_word' id='word_1_142' title='bbox 526 1457 596 1495; x_wconf 86' lang='lat' dir='ltr'><strong>sed</strong></span> <span class='ocrx_word' id='word_1_143' title='bbox 614 1457 664 1494; x_wconf 90' lang='lat' dir='ltr'><strong>ad</strong></span> <span class='ocrx_word' id='word_1_144' title='bbox 686 1453 992 1494; x_wconf 80' lang='lat' dir='ltr'><strong>subiectum&#39;eum</strong></span> <span class='ocrx_word' id='word_1_145' title='bbox 1012 1456 1228 1504; x_wconf 86' lang='lat' dir='ltr'><strong>praedicato</strong></span> <span class='ocrx_word' id='word_1_146' title='bbox 1248 1468 1318 1492; x_wconf 91' lang='lat' dir='ltr'><strong>suo</strong></span> <span class='ocrx_word' id='word_1_147' title='bbox 1334 1456 1584 1500; x_wconf 85' lang='lat' dir='ltr'><strong>coniunctum,</strong></span> <span class='ocrx_word' id='word_1_148' title='bbox 1609 1454 1655 1491; x_wconf 90' lang='lat' dir='ltr'><strong>de</strong></span> 
     </span>
     <span class='ocr_line' id='line_1_18' title="bbox 219 1508 1656 1564; baseline -0.004 -11"><span class='ocrx_word' id='word_1_149' title='bbox 219 1527 293 1564; x_wconf 87' lang='lat' dir='ltr'><strong>quo</strong></span> <span class='ocrx_word' id='word_1_150' title='bbox 308 1508 555 1563; x_wconf 78' lang='lat' dir='ltr'><strong>appositionis</strong></span> <span class='ocrx_word' id='word_1_151' title='bbox 573 1525 725 1561; x_wconf 84' lang='lat' dir='ltr'><strong>genere,</strong></span> <span class='ocrx_word' id='word_1_152' title='bbox 748 1513 849 1560; x_wconf 90' lang='lat' dir='ltr'><strong>quod</strong></span> <span class='ocrx_word' id='word_1_153' title='bbox 869 1514 1082 1560; x_wconf 85' lang='lat' dir='ltr'><strong>germanice</strong></span> <span class='ocrx_word' id='word_1_154' title='bbox 1096 1513 1278 1560; x_wconf 84' lang='lat' dir='ltr'><strong>particula</strong></span> <span class='ocrx_word' id='word_1_155' title='bbox 1296 1513 1354 1549; x_wconf 75' lang='lat' dir='ltr'><strong>als</strong></span> <span class='ocrx_word' id='word_1_156' title='bbox 1374 1511 1557 1556; x_wconf 79' lang='lat' dir='ltr'><strong>redditur,</strong></span> <span class='ocrx_word' id='word_1_157' title='bbox 1576 1512 1656 1559; x_wconf 85' lang='lat' dir='ltr'><strong>egi-</strong></span> 
     </span>
     <span class='ocr_line' id='line_1_19' title="bbox 218 1568 1654 1616; baseline -0.004 -7"><span class='ocrx_word' id='word_1_158' title='bbox 218 1571 1264 1616; x_wconf 50' lang='lat' dir='ltr'><strong>musinGrammatwlatslzosinotepm—</strong></span> <span class='ocrx_word' id='word_1_159' title='bbox 1292 1568 1654 1616; x_wconf 66' lang='lat' dir='ltr'><strong>Affutmi,i.e.a9-</strong></span> 
     </span>
     <span class='ocr_line' id='line_1_20' title="bbox 216 1625 1656 1687; baseline -0.003 -21"><span class='ocrx_word' id='word_1_160' title='bbox 216 1627 821 1677; x_wconf 54' lang='lat' dir='ltr'><strong>yresaaieosetimpuqnahufi</strong></span> <span class='ocrx_word' id='word_1_161' title='bbox 848 1625 896 1662; x_wconf 80' lang='lat' dir='ltr'><strong>es.</strong></span> <span class='ocrx_word' id='word_1_162' title='bbox 924 1626 974 1663; x_wconf 91' lang='lat' dir='ltr'><strong>ad</strong></span> <span class='ocrx_word' id='word_1_163' title='bbox 1002 1626 1108 1663; x_wconf 89' lang='lat' dir='ltr'><strong>Catil.</strong></span> <span class='ocrx_word' id='word_1_164' title='bbox 1132 1636 1167 1661; x_wconf 88' lang='lat' dir='ltr'><strong>c.</strong></span> <span class='ocrx_word' id='word_1_165' title='bbox 1189 1625 1262 1671; x_wconf 88' lang='lat' dir='ltr'><strong>LII,</strong></span> <span class='ocrx_word' id='word_1_166' title='bbox 1287 1628 1344 1664; x_wconf 84' lang='grc'>19.</span> <span class='ocrx_word' id='word_1_167' title='bbox 1371 1637 1410 1672; x_wconf 99' lang='grc' dir='ltr'><strong>Ρ.</strong></span> <span class='ocrx_word' id='word_1_168' title='bbox 1422 1626 1518 1687; x_wconf 93' lang='grc'><strong>272.</strong></span> <span class='ocrx_word' id='word_1_169' title='bbox 1549 1625 1656 1662; x_wconf 86' lang='lat' dir='ltr'><strong>etad</strong></span> 
     </span>
     <span class='ocr_line' id='line_1_21' title="bbox 218 1685 631 1733; baseline 0.003 -11"><span class='ocrx_word' id='word_1_170' title='bbox 218 1686 300 1733; x_wconf 83' lang='lat' dir='ltr'><strong>lug.</strong></span> <span class='ocrx_word' id='word_1_171' title='bbox 320 1697 355 1722; x_wconf 81' lang='lat' dir='ltr'><strong>c.</strong></span> <span class='ocrx_word' id='word_1_172' title='bbox 373 1685 415 1729; x_wconf 88' lang='lat' dir='ltr'><strong>L,</strong></span> <span class='ocrx_word' id='word_1_173' title='bbox 434 1688 472 1722; x_wconf 79' lang='lat'><strong>4.</strong></span> <span class='ocrx_word' id='word_1_174' title='bbox 490 1695 528 1731; x_wconf 87' lang='lat' dir='ltr'><strong>p.</strong></span> <span class='ocrx_word' id='word_1_175' title='bbox 546 1686 631 1723; x_wconf 73' lang='lat'><strong>²83.</strong></span> 
     </span>
    </p>

    <p class='ocr_par' dir='ltr' id='par_1_5' title="bbox 219 1715 1655 2236">
     <span class='ocr_line' id='line_1_22' title="bbox 329 1715 1655 1801; baseline -0.007 -18"><span class='ocrx_word' id='word_1_176' title='bbox 329 1744 448 1783; x_wconf 59' lang='lat' dir='ltr'><strong>,ST-19.</strong></span> <span class='ocrx_word' id='word_1_177' title='bbox 482 1739 679 1784; x_wconf 76' lang='lat' dir='ltr'><strong>Seleucia)</strong></span> <span class='ocrx_word' id='word_1_178' title='bbox 705 1739 786 1778; x_wconf 89' lang='lat' dir='ltr'><strong>Sita</strong></span> <span class='ocrx_word' id='word_1_179' title='bbox 805 1740 873 1776; x_wconf 82' lang='lat' dir='ltr'><strong>suit</strong></span> <span class='ocrx_word' id='word_1_180' title='bbox 890 1739 942 1776; x_wconf 88' lang='lat' dir='ltr'><strong>ad</strong></span> <span class='ocrx_word' id='word_1_181' title='bbox 962 1739 1118 1786; x_wconf 81' lang='lat' dir='ltr'><strong>Tigrim,</strong></span> <span class='ocrx_word' id='word_1_182' title='bbox 1137 1715 1389 1775; x_wconf 79' lang='lat' dir='ltr'><strong>exadversum</strong></span> <span class='ocrx_word' id='word_1_183' title='bbox 1409 1736 1655 1801; x_wconf 76' lang='lat' dir='ltr'><strong>ctesiphonti,</strong></span> 
     </span>
     <span class='ocr_line' id='line_1_23' title="bbox 220 1794 1655 1841; baseline -0.003 -7"><span class='ocrx_word' id='word_1_184' title='bbox 220 1809 244 1834; x_wconf 87' lang='lat' dir='ltr'><strong>a</strong></span> <span class='ocrx_word' id='word_1_185' title='bbox 265 1796 428 1834; x_wconf 85' lang='lat' dir='ltr'><strong>Seleuco</strong></span> <span class='ocrx_word' id='word_1_186' title='bbox 455 1797 630 1834; x_wconf 84' lang='lat' dir='ltr'><strong>Nicatore</strong></span> <span class='ocrx_word' id='word_1_187' title='bbox 651 1796 814 1833; x_wconf 85' lang='lat' dir='ltr'><strong>condita.</strong></span> <span class='ocrx_word' id='word_1_188' title='bbox 858 1795 1047 1833; x_wconf 75' lang='lat' dir='ltr'><strong>Maxuma</strong></span> <span class='ocrx_word' id='word_1_189' title='bbox 1063 1794 1235 1831; x_wconf 59' lang='lat' dir='ltr'><strong>arbaim·</strong></span> <span class='ocrx_word' id='word_1_190' title='bbox 1226 1805 1307 1830; x_wconf 81' lang='lat' dir='ltr'><strong>iure</strong></span> <span class='ocrx_word' id='word_1_191' title='bbox 1326 1798 1495 1838; x_wconf 86' lang='lat' dir='ltr'><strong>vocatur,</strong></span> <span class='ocrx_word' id='word_1_192' title='bbox 1516 1794 1655 1841; x_wconf 88' lang='lat' dir='ltr'><strong>quippe</strong></span> 
     </span>
     <span class='ocr_line' id='line_1_24' title="bbox 219 1850 1655 1900; baseline -0.003 -10"><span class='ocrx_word' id='word_1_193' title='bbox 219 1864 316 1900; x_wconf 84' lang='lat' dir='ltr'><strong>quae</strong></span> <span class='ocrx_word' id='word_1_194' title='bbox 334 1857 427 1889; x_wconf 86' lang='lat' dir='ltr'><strong>teste</strong></span> <span class='ocrx_word' id='word_1_195' title='bbox 447 1853 566 1889; x_wconf 88' lang='lat' dir='ltr'><strong>Plinio</strong></span> <span class='ocrx_word' id='word_1_196' title='bbox 595 1853 641 1888; x_wconf 91' lang='lat' dir='ltr'><strong>N.</strong></span> <span class='ocrx_word' id='word_1_197' title='bbox 666 1853 709 1889; x_wconf 89' lang='lat' dir='ltr'><strong>H.</strong></span> <span class='ocrx_word' id='word_1_198' title='bbox 727 1853 791 1896; x_wconf 86' lang='lat' dir='ltr'><strong>VI,</strong></span> <span class='ocrx_word' id='word_1_199' title='bbox 811 1855 870 1890; x_wconf 79' lang='lat'><strong>30.</strong></span> <span class='ocrx_word' id='word_1_200' title='bbox 901 1856 1079 1888; x_wconf 83' lang='lat' dir='ltr'><strong>sexcenta</strong></span> <span class='ocrx_word' id='word_1_201' title='bbox 1098 1852 1215 1887; x_wconf 88' lang='lat' dir='ltr'><strong>millia</strong></span> <span class='ocrx_word' id='word_1_202' title='bbox 1240 1851 1446 1886; x_wconf 82' lang='lat' dir='ltr'><strong>incolarum</strong></span> <span class='ocrx_word' id='word_1_203' title='bbox 1471 1850 1655 1896; x_wconf 86' lang='lat' dir='ltr'><strong>habuerit,</strong></span> 
     </span>
     <span class='ocr_line' id='line_1_25' title="bbox 221 1906 1654 1954; baseline -0.002 -9"><span class='ocrx_word' id='word_1_204' title='bbox 221 1914 256 1944; x_wconf 80' lang='lat' dir='ltr'><strong>et</strong></span> <span class='ocrx_word' id='word_1_205' title='bbox 278 1909 484 1945; x_wconf 83' lang='lat' dir='ltr'><strong>secundum</strong></span> <span class='ocrx_word' id='word_1_206' title='bbox 504 1908 723 1945; x_wconf 84' lang='lat' dir='ltr'><strong>Strabonem</strong></span> <span class='ocrx_word' id='word_1_207' title='bbox 743 1907 1267 1954; x_wconf 79' lang='lat' dir='ltr'><strong>XV1.p.1o73.C.Alme10v.</strong></span> <span class='ocrx_word' id='word_1_208' title='bbox 1287 1907 1407 1953; x_wconf 86' lang='lat' dir='ltr'><strong>ipsam</strong></span> <span class='ocrx_word' id='word_1_209' title='bbox 1422 1906 1654 1954; x_wconf 82' lang='lat' dir='ltr'><strong>Babylonem</strong></span> 
     </span>
     <span class='ocr_line' id='line_1_26' title="bbox 220 1962 1653 2012; baseline -0.001 -12"><span class='ocrx_word' id='word_1_210' title='bbox 220 1963 474 2012; x_wconf 82' lang='lat' dir='ltr'><strong>magnitudine</strong></span> <span class='ocrx_word' id='word_1_211' title='bbox 504 1965 750 2010; x_wconf 83' lang='lat' dir='ltr'><strong>superaverit.</strong></span> <span class='ocrx_word' id='word_1_212' title='bbox 808 1963 893 1999; x_wconf 84' lang='lat' dir='ltr'><strong>Vat.</strong></span> <span class='ocrx_word' id='word_1_213' title='bbox 916 1968 951 2002; x_wconf 91' lang='lat'><strong>1.</strong></span> <span class='ocrx_word' id='word_1_214' title='bbox 985 1964 1097 2000; x_wconf 88' lang='lat' dir='ltr'><strong>habet</strong></span> <span class='ocrx_word' id='word_1_215' title='bbox 1124 1962 1318 2006; x_wconf 80' lang='lat' dir='ltr'><strong>Seleucea,</strong></span> <span class='ocrx_word' id='word_1_216' title='bbox 1353 1973 1463 2009; x_wconf 87' lang='lat' dir='ltr'><strong>quam</strong></span> <span class='ocrx_word' id='word_1_217' title='bbox 1496 1963 1653 1998; x_wconf 74' lang='lat' dir='ltr'><strong>sormam</strong></span> 
     </span>
     <span class='ocr_line' id='line_1_27' title="bbox 221 2018 1655 2066; baseline -0.001 -9"><span class='ocrx_word' id='word_1_218' title='bbox 221 2020 394 2064; x_wconf 86' lang='lat' dir='ltr'><strong>Orellius,</strong></span> <span class='ocrx_word' id='word_1_219' title='bbox 414 2019 513 2056; x_wconf 89' lang='lat' dir='ltr'><strong>Gerl.</strong></span> <span class='ocrx_word' id='word_1_220' title='bbox 535 2024 571 2055; x_wconf 91' lang='lat' dir='ltr'><strong>et</strong></span> <span class='ocrx_word' id='word_1_221' title='bbox 587 2019 706 2055; x_wconf 84' lang='lat' dir='ltr'><strong>Faber</strong></span> <span class='ocrx_word' id='word_1_222' title='bbox 727 2024 962 2066; x_wconf 87' lang='lat' dir='ltr'><strong>receperunt.</strong></span> <span class='ocrx_word' id='word_1_223' title='bbox 989 2039 1046 2044; x_wconf 84' lang='lat'>—</span> <span class='ocrx_word' id='word_1_224' title='bbox 1070 2018 1243 2065; x_wconf 78' lang='lat' dir='ltr'><strong>Dim&#39;tias,</strong></span> <span class='ocrx_word' id='word_1_225' title='bbox 1271 2018 1318 2054; x_wconf 90' lang='lat' dir='ltr'><strong>de</strong></span> <span class='ocrx_word' id='word_1_226' title='bbox 1346 2019 1481 2065; x_wconf 88' lang='lat' dir='ltr'><strong>quibus</strong></span> <span class='ocrx_word' id='word_1_227' title='bbox 1515 2029 1655 2066; x_wconf 82' lang='lat' dir='ltr'><strong>magna</strong></span> 
     </span>
     <span class='ocr_line' id='line_1_28' title="bbox 222 2075 1655 2123; baseline -0.001 -10"><span class='ocrx_word' id='word_1_228' title='bbox 222 2078 319 2113; x_wconf 75' lang='lat' dir='ltr'><strong>sarna</strong></span> <span class='ocrx_word' id='word_1_229' title='bbox 335 2076 424 2123; x_wconf 86' lang='lat' dir='ltr'><strong>est,</strong></span> <span class='ocrx_word' id='word_1_230' title='bbox 414 2087 517 2122; x_wconf 77' lang='lat' dir='ltr'><strong>ipsas</strong></span> <span class='ocrx_word' id='word_1_231' title='bbox 533 2075 608 2111; x_wconf 89' lang='lat' dir='ltr'><strong>dici</strong></span> <span class='ocrx_word' id='word_1_232' title='bbox 627 2076 867 2112; x_wconf 77' lang='lat' dir='ltr'><strong>inclutastam</strong></span> <span class='ocrx_word' id='word_1_233' title='bbox 882 2087 1012 2122; x_wconf 88' lang='lat' dir='ltr'><strong>parum</strong></span> <span class='ocrx_word' id='word_1_234' title='bbox 1030 2076 1459 2112; x_wconf 84' lang='lat' dir='ltr'><strong>coneoxeruntFaernus</strong></span> <span class='ocrx_word' id='word_1_235' title='bbox 1471 2075 1655 2121; x_wconf 82' lang='lat' dir='ltr'><strong>etDouza,</strong></span> 
     </span>
     <span class='ocr_line' id='line_1_29' title="bbox 220 2131 1655 2178; baseline 0 -10"><span class='ocrx_word' id='word_1_236' title='bbox 220 2137 261 2168; x_wconf 85' lang='lat' dir='ltr'><strong>ut</strong></span> <span class='ocrx_word' id='word_1_237' title='bbox 279 2133 341 2168; x_wconf 88' lang='lat' dir='ltr'><strong>ille</strong></span> <span class='ocrx_word' id='word_1_238' title='bbox 359 2131 543 2176; x_wconf 68' lang='lat' dir='ltr'><strong>melitium,</strong></span> <span class='ocrx_word' id='word_1_239' title='bbox 559 2131 621 2167; x_wconf 83' lang='lat' dir='ltr'><strong>hic</strong></span> <span class='ocrx_word' id='word_1_240' title='bbox 641 2132 799 2168; x_wconf 61' lang='lat' dir='ltr'><strong>euchitae</strong></span> <span class='ocrx_word' id='word_1_241' title='bbox 821 2133 932 2169; x_wconf 88' lang='lat' dir='ltr'><strong>scribi</strong></span> <span class='ocrx_word' id='word_1_242' title='bbox 952 2132 1090 2167; x_wconf 82' lang='lat' dir='ltr'><strong>mallet.</strong></span> <span class='ocrx_word' id='word_1_243' title='bbox 1109 2149 1168 2156; x_wconf 88' lang='lat'><strong>—-</strong></span> <span class='ocrx_word' id='word_1_244' title='bbox 1193 2132 1321 2168; x_wconf 89' lang='lat' dir='ltr'><strong>Verba</strong></span> <span class='ocrx_word' id='word_1_245' title='bbox 1339 2131 1427 2178; x_wconf 74' lang='lat' dir='ltr'><strong>quid</strong></span> <span class='ocrx_word' id='word_1_246' title='bbox 1443 2131 1491 2167; x_wconf 82' lang='lat' dir='ltr'><strong>ab</strong></span> <span class='ocrx_word' id='word_1_247' title='bbox 1506 2132 1579 2168; x_wconf 67' lang='lat' dir='ltr'><strong>{His</strong></span> <span class='ocrx_word' id='word_1_248' title='bbox 1598 2151 1655 2158; x_wconf 89' lang='lat'><strong>—</strong></span> 
     </span>
     <span class='ocr_line' id='line_1_30' title="bbox 220 2186 1653 2236; baseline 0 -12"><span class='ocrx_word' id='word_1_249' title='bbox 220 2187 550 2236; x_wconf 17' lang='lat' dir='ltr'><strong>mpecaeasWArus.</strong></span> <span class='ocrx_word' id='word_1_250' title='bbox 571 2200 608 2225; x_wconf 89' lang='lat' dir='ltr'><strong>v.</strong></span> <span class='ocrx_word' id='word_1_251' title='bbox 626 2189 666 2224; x_wconf 73' lang='lat' dir='ltr'><strong>in</strong></span> <span class='ocrx_word' id='word_1_252' title='bbox 675 2198 860 2235; x_wconf 74' lang='lat' dir='ltr'><strong>praesens</strong></span> <span class='ocrx_word' id='word_1_253' title='bbox 879 2191 1009 2236; x_wconf 78' lang='lat' dir='ltr'><strong>p.242.</strong></span> <span class='ocrx_word' id='word_1_254' title='bbox 1027 2187 1135 2224; x_wconf 88' lang='lat' dir='ltr'><strong>Lind.</strong></span> <span class='ocrx_word' id='word_1_255' title='bbox 1157 2199 1206 2229; x_wconf 84' lang='lat' dir='ltr'><strong>ex</strong></span> <span class='ocrx_word' id='word_1_256' title='bbox 1225 2188 1364 2224; x_wconf 86' lang='lat' dir='ltr'><strong>Histor.</strong></span> <span class='ocrx_word' id='word_1_257' title='bbox 1384 2187 1448 2223; x_wconf 89' lang='lat' dir='ltr'><strong>IV.</strong></span> <span class='ocrx_word' id='word_1_258' title='bbox 1463 2186 1653 2224; x_wconf 44' lang='lat' dir='ltr'><strong>efferta—</strong></span> 
     </span>
    </p>

    <p class='ocr_par' dir='ltr' id='par_1_6' title="bbox 216 2243 1655 2793">
     <span class='ocr_line' id='line_1_31' title="bbox 331 2243 1655 2292; baseline 0.002 -13"><span class='ocrx_word' id='word_1_259' title='bbox 331 2248 365 2287; x_wconf 75' lang='lat' dir='ltr'><strong>s.</strong></span> <span class='ocrx_word' id='word_1_260' title='bbox 386 2249 444 2282; x_wconf 80' lang='lat'><strong>21.</strong></span> <span class='ocrx_word' id='word_1_261' title='bbox 467 2243 730 2291; x_wconf 73' lang='lat' dir='ltr'><strong>Mesopotamia</strong></span> <span class='ocrx_word' id='word_1_262' title='bbox 742 2266 792 2273; x_wconf 91' lang='lat'>—</span> <span class='ocrx_word' id='word_1_263' title='bbox 814 2245 1008 2289; x_wconf 80' lang='lat' dir='ltr'><strong>Armenia)</strong></span> <span class='ocrx_word' id='word_1_264' title='bbox 1027 2244 1073 2280; x_wconf 86' lang='lat' dir='ltr'><strong>Hi</strong></span> <span class='ocrx_word' id='word_1_265' title='bbox 1090 2245 1243 2281; x_wconf 89' lang='lat' dir='ltr'><strong>ablativi</strong></span> <span class='ocrx_word' id='word_1_266' title='bbox 1259 2256 1307 2280; x_wconf 83' lang='lat' dir='ltr'><strong>ex</strong></span> <span class='ocrx_word' id='word_1_267' title='bbox 1326 2244 1655 2292; x_wconf 67' lang='lat' dir='ltr'><strong>circinnyredimur</strong></span> 
     </span>
     <span class='ocr_line' id='line_1_32' title="bbox 219 2300 1652 2349; baseline 0 -13"><span class='ocrx_word' id='word_1_268' title='bbox 219 2300 528 2348; x_wconf 77' lang='lat' dir='ltr'><strong>pendentesnon</strong></span> <span class='ocrx_word' id='word_1_269' title='bbox 552 2301 743 2349; x_wconf 80' lang='lat' dir='ltr'><strong>valentin</strong></span> <span class='ocrx_word' id='word_1_270' title='bbox 766 2300 1053 2348; x_wconf 77' lang='lat' dir='ltr'><strong>Mesopotamia,</strong></span> <span class='ocrx_word' id='word_1_271' title='bbox 1075 2302 1123 2336; x_wconf 82' lang='lat' dir='ltr'><strong>in</strong></span> <span class='ocrx_word' id='word_1_272' title='bbox 1147 2301 1337 2345; x_wconf 71' lang='grc' dir='ltr'><strong>Ανηιεηία,</strong></span> <span class='ocrx_word' id='word_1_273' title='bbox 1365 2305 1406 2336; x_wconf 86' lang='grc'><strong>111</strong></span> <span class='ocrx_word' id='word_1_274' title='bbox 1420 2301 1542 2337; x_wconf 86' lang='lat' dir='ltr'><strong>Faber</strong></span> <span class='ocrx_word' id='word_1_275' title='bbox 1562 2302 1652 2346; x_wconf 84' lang='lat' dir='ltr'><strong>vult,</strong></span> 
     </span>
     <span class='ocr_line' id='line_1_33' title="bbox 221 2352 1652 2407; baseline 0 -15"><span class='ocrx_word' id='word_1_276' title='bbox 221 2352 290 2393; x_wconf 84' lang='lat' dir='ltr'><strong>sed</strong></span> <span class='ocrx_word' id='word_1_277' title='bbox 312 2367 357 2393; x_wconf 81' lang='lat' dir='ltr'><strong>ea</strong></span> <span class='ocrx_word' id='word_1_278' title='bbox 370 2359 496 2407; x_wconf 75' lang='lat' dir='ltr'><strong>parte,</strong></span> <span class='ocrx_word' id='word_1_279' title='bbox 514 2367 589 2403; x_wconf 80' lang='lat' dir='ltr'><strong>qua</strong></span> <span class='ocrx_word' id='word_1_280' title='bbox 606 2355 701 2393; x_wconf 72' lang='lat' dir='ltr'><strong>Mes.</strong></span> <span class='ocrx_word' id='word_1_281' title='bbox 721 2361 786 2402; x_wconf 75' lang='lat' dir='ltr'><strong>est,</strong></span> <span class='ocrx_word' id='word_1_282' title='bbox 806 2355 832 2393; x_wconf 88' lang='lat' dir='ltr'><strong>i.</strong></span> <span class='ocrx_word' id='word_1_283' title='bbox 855 2369 890 2393; x_wconf 88' lang='lat' dir='ltr'><strong>e.</strong></span> <span class='ocrx_word' id='word_1_284' title='bbox 902 2368 979 2405; x_wconf 84' lang='lat' dir='ltr'><strong>per</strong></span> <span class='ocrx_word' id='word_1_285' title='bbox 998 2357 1322 2405; x_wconf 55' lang='lat' dir='ltr'><strong>Mesopotamiam,</strong></span> <span class='ocrx_word' id='word_1_286' title='bbox 1330 2366 1407 2404; x_wconf 79' lang='lat' dir='ltr'><strong>per</strong></span> <span class='ocrx_word' id='word_1_287' title='bbox 1424 2357 1652 2393; x_wconf 76' lang='lat' dir='ltr'><strong>Amneniam.</strong></span> 
     </span>
     <span class='ocr_line' id='line_1_34' title="bbox 223 2412 1651 2460; baseline 0 -12"><span class='ocrx_word' id='word_1_288' title='bbox 223 2433 270 2441; x_wconf 83' lang='lat'><strong>-·-</strong></span> <span class='ocrx_word' id='word_1_289' title='bbox 293 2413 420 2448; x_wconf 88' lang='lat' dir='ltr'><strong>Verba</strong></span> <span class='ocrx_word' id='word_1_290' title='bbox 441 2413 520 2448; x_wconf 73' lang='lat' dir='ltr'><strong>sinc</strong></span> <span class='ocrx_word' id='word_1_291' title='bbox 536 2412 734 2458; x_wconf 76' lang='lat' dir='ltr'><strong>frumento,</strong></span> <span class='ocrx_word' id='word_1_292' title='bbox 752 2415 831 2450; x_wconf 69' lang='lat' dir='ltr'><strong>sine</strong></span> <span class='ocrx_word' id='word_1_293' title='bbox 848 2415 1000 2451; x_wconf 70' lang='lat' dir='ltr'><strong>auxiliis</strong></span> <span class='ocrx_word' id='word_1_294' title='bbox 1015 2414 1285 2450; x_wconf 88' lang='lat' dir='ltr'><strong>adiectivorum</strong></span> <span class='ocrx_word' id='word_1_295' title='bbox 1302 2414 1418 2449; x_wconf 80' lang='lat' dir='ltr'><strong>instar</strong></span> <span class='ocrx_word' id='word_1_296' title='bbox 1441 2418 1537 2458; x_wconf 87' lang='lat' dir='ltr'><strong>sunt,</strong></span> <span class='ocrx_word' id='word_1_297' title='bbox 1558 2414 1651 2460; x_wconf 65' lang='lat' dir='ltr'><strong>&#39;qui-</strong></span> 
     </span>
     <span class='ocr_line' id='line_1_35' title="bbox 218 2468 1651 2516; baseline -0.001 -10"><span class='ocrx_word' id='word_1_298' title='bbox 218 2471 288 2506; x_wconf 91' lang='lat' dir='ltr'><strong>bus</strong></span> <span class='ocrx_word' id='word_1_299' title='bbox 310 2468 582 2505; x_wconf 77' lang='lat' dir='ltr'><strong>substantivum</strong></span> <span class='ocrx_word' id='word_1_300' title='bbox 608 2470 794 2505; x_wconf 75' lang='lat' dir='ltr'><strong>exercitus</strong></span> <span class='ocrx_word' id='word_1_301' title='bbox 828 2469 1022 2514; x_wconf 85' lang='lat' dir='ltr'><strong>definitur,</strong></span> <span class='ocrx_word' id='word_1_302' title='bbox 1058 2469 1106 2506; x_wconf 92' lang='lat' dir='ltr'><strong>de</strong></span> <span class='ocrx_word' id='word_1_303' title='bbox 1141 2481 1215 2516; x_wconf 92' lang='lat' dir='ltr'><strong>quo</strong></span> <span class='ocrx_word' id='word_1_304' title='bbox 1244 2470 1405 2506; x_wconf 82' lang='lat' dir='ltr'><strong>attributi</strong></span> <span class='ocrx_word' id='word_1_305' title='bbox 1443 2481 1582 2516; x_wconf 84' lang='lat' dir='ltr'><strong>genere</strong></span> <span class='ocrx_word' id='word_1_306' title='bbox 1612 2481 1651 2505; x_wconf 88' lang='lat' dir='ltr'><strong>v.</strong></span> 
     </span>
     <span class='ocr_line' id='line_1_36' title="bbox 219 2525 1651 2573; baseline 0 -12"><span class='ocrx_word' id='word_1_307' title='bbox 219 2526 381 2561; x_wconf 89' lang='lat' dir='ltr'><strong>Gramm.</strong></span> <span class='ocrx_word' id='word_1_308' title='bbox 402 2525 465 2560; x_wconf 86' lang='lat' dir='ltr'><strong>lat.</strong></span> <span class='ocrx_word' id='word_1_309' title='bbox 486 2528 602 2559; x_wconf 86' lang='lat' dir='ltr'><strong>nostr.</strong></span> <span class='ocrx_word' id='word_1_310' title='bbox 622 2527 656 2567; x_wconf 77' lang='grc' dir='ltr'><strong>ς.</strong></span> <span class='ocrx_word' id='word_1_311' title='bbox 675 2529 758 2569; x_wconf 65' lang='lat' dir='ltr'><strong>lm,</strong></span> <span class='ocrx_word' id='word_1_312' title='bbox 778 2530 816 2564; x_wconf 80' lang='lat'><strong>2.</strong></span> <span class='ocrx_word' id='word_1_313' title='bbox 832 2530 909 2562; x_wconf 87' lang='lat' dir='ltr'><strong>not.</strong></span> <span class='ocrx_word' id='word_1_314' title='bbox 926 2530 963 2565; x_wconf 84' lang='lat'><strong>6.</strong></span> <span class='ocrx_word' id='word_1_315' title='bbox 982 2538 1021 2573; x_wconf 87' lang='grc' dir='ltr'><strong>Ρ.</strong></span> <span class='ocrx_word' id='word_1_316' title='bbox 1040 2527 1123 2564; x_wconf 85' lang='grc'><strong>287.</strong></span> <span class='ocrx_word' id='word_1_317' title='bbox 1153 2527 1201 2562; x_wconf 83' lang='lat' dir='ltr'><strong>es.</strong></span> <span class='ocrx_word' id='word_1_318' title='bbox 1223 2525 1330 2561; x_wconf 89' lang='lat' dir='ltr'><strong>Catil.</strong></span> <span class='ocrx_word' id='word_1_319' title='bbox 1348 2537 1382 2561; x_wconf 88' lang='lat' dir='ltr'><strong>e.</strong></span> <span class='ocrx_word' id='word_1_320' title='bbox 1404 2526 1469 2571; x_wconf 86' lang='lat' dir='ltr'><strong>VI,</strong></span> <span class='ocrx_word' id='word_1_321' title='bbox 1490 2530 1523 2564; x_wconf 91' lang='lat'><strong>1.</strong></span> <span class='ocrx_word' id='word_1_322' title='bbox 1579 2526 1651 2562; x_wconf 84' lang='lat' dir='ltr'><strong>Ge-</strong></span> 
     </span>
     <span class='ocr_line' id='line_1_37' title="bbox 217 2578 1650 2630; baseline -0.001 -13"><span class='ocrx_word' id='word_1_323' title='bbox 217 2591 288 2617; x_wconf 73' lang='lat' dir='ltr'><strong>nus</strong></span> <span class='ocrx_word' id='word_1_324' title='bbox 305 2580 488 2616; x_wconf 79' lang='lat' dir='ltr'><strong>hominum</strong></span> <span class='ocrx_word' id='word_1_325' title='bbox 516 2583 670 2626; x_wconf 70' lang='lat' dir='ltr'><strong>ayt-este,</strong></span> <span class='ocrx_word' id='word_1_326' title='bbox 688 2582 790 2618; x_wconf 76' lang='lat' dir='ltr'><strong>sine</strong></span> <span class='ocrx_word' id='word_1_327' title='bbox 809 2583 1009 2630; x_wconf 66' lang='lat' dir='ltr'><strong>legibus,</strong></span> <span class='ocrx_word' id='word_1_328' title='bbox 1033 2584 1137 2618; x_wconf 74' lang='lat' dir='ltr'><strong>sine</strong></span> <span class='ocrx_word' id='word_1_329' title='bbox 1156 2583 1372 2628; x_wconf 82' lang='lat' dir='ltr'><strong>imperio.</strong></span> <span class='ocrx_word' id='word_1_330' title='bbox 1407 2578 1489 2628; x_wconf 81' lang='lat' dir='ltr'><strong>lug.</strong></span> <span class='ocrx_word' id='word_1_331' title='bbox 1512 2594 1545 2617; x_wconf 88' lang='lat' dir='ltr'><strong>c.</strong></span> <span class='ocrx_word' id='word_1_332' title='bbox 1556 2581 1650 2624; x_wconf 88' lang='lat' dir='ltr'><strong>LIV,</strong></span> 
     </span>
     <span class='ocr_line' id='line_1_38' title="bbox 216 2636 1651 2686; baseline -0.003 -11"><span class='ocrx_word' id='word_1_333' title='bbox 216 2640 254 2675; x_wconf 86' lang='lat'><strong>6.</strong></span> <span class='ocrx_word' id='word_1_334' title='bbox 292 2636 435 2683; x_wconf 78' lang='lat' dir='ltr'><strong>oppida</strong></span> <span class='ocrx_word' id='word_1_335' title='bbox 457 2640 591 2672; x_wconf 74' lang='lat' dir='ltr'><strong>temere</strong></span> <span class='ocrx_word' id='word_1_336' title='bbox 607 2638 746 2672; x_wconf 77' lang='lat' dir='ltr'><strong>munita</strong></span> <span class='ocrx_word' id='word_1_337' title='bbox 762 2643 827 2674; x_wconf 78' lang='lat' dir='ltr'><strong>aue</strong></span> <span class='ocrx_word' id='word_1_338' title='bbox 842 2637 1211 2686; x_wconf 74' lang='lat' dir='ltr'><strong>sinep&#39;raesidio</strong></span> <span class='ocrx_word' id='word_1_339' title='bbox 1230 2639 1344 2685; x_wconf 70' lang='lat' dir='ltr'><strong>capit.</strong></span> <span class='ocrx_word' id='word_1_340' title='bbox 1378 2637 1489 2682; x_wconf 87' lang='lat' dir='ltr'><strong>LXV,</strong></span> <span class='ocrx_word' id='word_1_341' title='bbox 1507 2641 1544 2675; x_wconf 83' lang='lat'><strong>3-</strong></span> <span class='ocrx_word' id='word_1_342' title='bbox 1581 2636 1651 2672; x_wconf 86' lang='lat' dir='ltr'><strong>Mi—</strong></span> 
     </span>
     <span class='ocr_line' id='line_1_39' title="bbox 216 2693 1648 2742; baseline -0.001 -13"><span class='ocrx_word' id='word_1_343' title='bbox 216 2693 486 2740; x_wconf 51' lang='lat' dir='ltr'><strong>mesmes,</strong></span> <span class='ocrx_word' id='word_1_344' title='bbox 506 2693 675 2737; x_wconf 76' lang='lat' dir='ltr'><strong>inermis,</strong></span> <span class='ocrx_word' id='word_1_345' title='bbox 695 2694 831 2741; x_wconf 76' lang='lat' dir='ltr'><strong>quippe</strong></span> <span class='ocrx_word' id='word_1_346' title='bbox 848 2697 886 2731; x_wconf 80' lang='lat' dir='ltr'><strong>in</strong></span> <span class='ocrx_word' id='word_1_347' title='bbox 906 2695 971 2731; x_wconf 79' lang='lat' dir='ltr'><strong>tali</strong></span> <span class='ocrx_word' id='word_1_348' title='bbox 987 2695 1046 2730; x_wconf 79' lang='lat' dir='ltr'><strong>die</strong></span> <span class='ocrx_word' id='word_1_349' title='bbox 1070 2705 1117 2730; x_wconf 84' lang='lat' dir='ltr'><strong>ac</strong></span> <span class='ocrx_word' id='word_1_350' title='bbox 1148 2695 1250 2730; x_wconf 78' lang='lat' dir='ltr'><strong>sine</strong></span> <span class='ocrx_word' id='word_1_351' title='bbox 1275 2695 1494 2742; x_wconf 79' lang='lat' dir='ltr'><strong>imperio,</strong></span> <span class='ocrx_word' id='word_1_352' title='bbox 1518 2702 1648 2741; x_wconf 69' lang='lat' dir='ltr'><strong>ayyre-</strong></span> 
     </span>
     <span class='ocr_line' id='line_1_40' title="bbox 218 2747 742 2793; baseline 0.004 -8"><span class='ocrx_word' id='word_1_353' title='bbox 218 2748 381 2785; x_wconf 59' lang='lat' dir='ltr'><strong>diamur.</strong></span> <span class='ocrx_word' id='word_1_354' title='bbox 399 2749 446 2785; x_wconf 74' lang='lat' dir='ltr'><strong>ci.</strong></span> <span class='ocrx_word' id='word_1_355' title='bbox 470 2747 520 2784; x_wconf 88' lang='lat' dir='ltr'><strong>ad</strong></span> <span class='ocrx_word' id='word_1_356' title='bbox 538 2748 599 2784; x_wconf 88' lang='lat' dir='ltr'><strong>Fr.</strong></span> <span class='ocrx_word' id='word_1_357' title='bbox 621 2749 665 2793; x_wconf 83' lang='grc' dir='ltr'><strong>ΙΙ,</strong></span> <span class='ocrx_word' id='word_1_358' title='bbox 682 2751 742 2787; x_wconf 81' lang='grc'><strong>73.</strong></span> 
     </span>
    </p>
   </div>
  </div>
 </body>
</html>
