1774 3002
166 144 223 186 32
556 174 558 177 -
652 148 692 186 C.
725 148 956 188 SALLUSTI
983 149 1135 189 CRISPI

306 276 374 318 36.
410 272 551 333 Igitur
567 273 757 319 venditis
775 275 1121 336 proscriptorum
1141 275 1268 322 bonis
1289 278 1365 322 aut
1383 276 1613 339 dilargitis.

235 389 240 420 ·.
305 361 375 403 37.
413 356 526 402 Nihil
555 356 611 401 ob
641 359 803 402 tantam
832 359 1074 405 mercedem
1103 361 1183 406 sibi
1211 360 1481 407 abnuituros.

279 495 339 531 Fr.
361 498 419 533 36.
466 492 580 538 [Cort.
601 505 639 540 p.
659 496 741 533 935.
793 494 890 531 Gerl.
909 495 969 532 ed.
995 498 1081 532 mai.
1101 498 1136 544 Ι,
1159 502 1215 536 10.
1241 498 1301 534 ed.
1328 498 1416 533 min.
1437 496 1471 542 Ι,
1494 500 1553 536 35.
1576 510 1614 544 p.

167 556 254 597 185,
277 556 312 589 5.
351 551 462 587 Debr.
486 550 520 595 Ι,
539 551 615 595 48.]
674 551 855 587 Priscian.
887 552 989 597 VlII,
1021 557 1061 598 5,
1080 558 1139 592 25.
1172 566 1209 601 p.
1235 556 1317 593 377.
1349 554 1411 590 ed.
1437 553 1500 589 Kr.
1560 555 1616 590 Ex

167 609 301 645 eodem
332 607 497 645 Sallustii
534 607 616 642 loco
649 607 788 643 Gellius
818 608 897 644 NN.
928 609 1011 645 AA.
1044 610 1127 655 XV,
1158 613 1214 649 13.
1246 612 1458 647 memoriter
1489 610 1617 647 laudat

166 666 344 714 dilaryitss·
358 664 657 711 proscriptorum
687 663 806 709 bonis,
838 670 992 711 uterque
1016 665 1179 703 Sallustii
1203 668 1422 703 auctoritate
1442 669 1618 713 probatu-

166 734 251 767 rus,
275 722 468 767 complura
494 721 611 756 verba
634 720 862 767 deponentia
895 722 1005 757 etiam
1027 724 1182 768 passivo
1204 734 1320 760 sensu
1340 725 1535 770 usurpari,
1569 723 1615 759 de

167 791 240 826 quo
264 791 302 815 v.
323 775 507 824 Kruegeri
527 775 687 812 Graium.
713 778 775 812 lat.
792 780 826 820 S.
849 779 928 830 137.
953 789 990 824 p.
1009 782 1088 816 155.
1137 779 1200 816 Ad
1219 780 1514 827 proscriptiones
1535 779 1618 817 Sul-

165 837 271 872 lanas
304 844 401 870 anno
421 836 480 871 82.
506 833 683 868 continuo
711 834 907 870 victoriam
936 839 1020 870 ante
1045 840 1188 881 portam
1217 834 1396 872 Collinam
1427 836 1616 873 insecutas

165 893 265 928 hunc
290 891 413 926 locum
437 893 608 936 spectare
641 890 677 924 in
699 891 827 936 aprico
849 893 928 935 est;
964 891 1011 926 de
1036 893 1170 938 quibus
1195 903 1308 939 quum
1336 893 1531 928 notissima
1555 903 1616 929 res

167 950 232 993 sit,
261 947 327 985 vix
350 958 445 994 opus
468 947 575 981 ruerit
600 947 823 992 scriptorum
847 948 1061 983 testimonia
1090 948 1248 994 afferre3
1281 950 1328 984 cf.
1364 952 1488 985 tamen
1518 949 1616 985 Vell.

165 1006 195 1041 ΙΙ
208 1034 216 1049 ,
237 1005 297 1047 27,
332 1014 388 1050 sq.
406 1003 504 1038 Flor.
528 1001 593 1049 111,
609 1006 653 1040 21
666 1031 674 1046 ,
698 1005 745 1039 24
761 1014 842 1049 sqq.
863 1003 1065 1050 Augustin.
1097 1005 1144 1041 de
1177 1005 1256 1043 Civ.
1275 1005 1342 1040 Dei
1362 1005 1430 1049 ΙΙΙ,
1451 1009 1516 1045 28.7
1535 1006 1618 1042 Plu-

165 1061 283 1098 tarch.
310 1061 347 1095 in
371 1059 475 1096 Sulla
497 1071 529 1095 c.
551 1061 608 1096 31.
630 1060 792 1105 Appian.
811 1059 858 1095 de
874 1059 916 1094 Β.
942 1059 1022 1097 Civ.
1047 1061 1082 1108 1,
1103 1064 1149 1099 95
1172 1073 1253 1108 sqq.
1286 1061 1375 1098 Sall.
1401 1060 1480 1097 Cat.
1503 1074 1536 1097 c.
1561 1062 1617 1106 LI,

165 1121 224 1156 34.
256 1117 393 1152 Histor.
418 1116 478 1151 Fr.
498 1116 610 1161 1‚45‚
633 1118 688 1153 18.
720 1115 795 1152 Cic.
821 1115 867 1151 de
892 1116 975 1163 lege
1000 1128 1079 1163 agr.
1102 1118 1152 1162 II,
1177 1122 1243 1163 21,
1265 1121 1332 1162 56;
1370 1117 1406 1152 in
1426 1118 1535 1153 Verr.
1558 1118 1617 1164 111,

166 1177 224 1218 35,
244 1177 313 1218 81;
342 1184 411 1220 pro
431 1172 542 1208 domo
566 1184 600 1207 c.
620 1174 676 1217 17,
693 1175 761 1218 43;
782 1184 818 1219 Ρ.
837 1173 960 1217 Quint.
981 1184 1014 1209 c.
1035 1176 1093 1218 24,
1111 1147 1168 1213 76

281 1231 340 1265 Fr.
362 1231 421 1268 37.
472 1227 585 1274 [Cort.
608 1239 644 1274 Ρ.
666 1231 749 1267 954.
799 1229 898 1265 Gerl.
917 1229 979 1265 ed
1002 1231 1091 1266 mai.
1117 1231 1150 1275 Ι,
1172 1234 1231 1270 36.
1253 1230 1314 1266 ed.
1335 1230 1478 1276 min.l‚
1499 1232 1557 1269 78.
1578 1242 1615 1277 p.

167 1290 248 1332 196,
264 1290 299 1326 9.
324 1287 433 1322 Debr.
457 1286 509 1330 ΙΙ,
527 1286 604 1330 43.]
664 1286 777 1321 Arus.
802 1299 839 1323 v.
867 1286 1004 1332 abnuo,
1040 1299 1077 1333 p.
1103 1291 1185 1325 210.
1208 1287 1315 1323 Lind.
1339 1287 1466 1323 Verba
1497 1287 1618 1323 refero

168 1344 216 1380 ad
247 1344 388 1381 Sullam
435 1342 569 1379 divisis
609 1343 901 1389 proscriptorum
941 1344 1050 1379 bonis
1082 1346 1353 1390 multorumque
1394 1343 1618 1391 oppidorum

167 1402 269 1448 agris
292 1399 423 1436 decem
446 1399 562 1435 millia
586 1409 783 1435 servorum
815 1410 858 1434 ac
889 1404 1091 1436 veteranas
1118 1401 1288 1448 legiones
1320 1399 1369 1436 ad
1397 1402 1618 1447 obsequium

166 1456 485 1504 promptissimum
520 1455 589 1491 sibi
620 1460 834 1501 parantem3
864 1456 912 1491 cs.
934 1456 1097 1503 Appian.
1122 1457 1166 1493 B.
1197 1456 1278 1495 civ.
1309 1457 1344 1502 Ι,
1376 1459 1435 1495 96.
1466 1469 1504 1504 p.
1537 1460 1616 1495 135.

169 1512 386 1560 Schweigh.
443 1511 541 1556 Ταῖς
564 1506 606 1547 δὲ
629 1508 779 1548 πλείοσι
802 1514 874 1556 (sc.
891 1506 1043 1557 πόλεσι)
1073 1524 1164 1557 τους
1189 1509 1315 1565 ἑαυτῷ
1338 1508 1619 1577 στρατευσαμέ-

167 1581 262 1614 νονς
286 1561 493 1619 ἐπῴκιζεν,
521 1559 573 1612 ὦς
597 1563 694 1613 ἕξων
724 1561 882 1619 φρούρα
904 1559 1003 1605 κατὰ
1023 1568 1091 1618 τῆς
1110 1560 1296 1614 ’·Ιταλίας
1334 1562 1425 1618 τήν
1448 1580 1514 1607 τε
1525 1568 1620 1619 γῆν

168 1618 335 1662 αὐτῶν
365 1620 447 1661 καὶ
475 1637 534 1661 τα
563 1617 819 1688 οἰκήματα
847 1620 893 1669 ἐς
919 1619 1095 1670 τούςδε
1124 1620 1421 1693 μεταφέρων
1450 1621 1619 1674 διεμέ-

171 1681 315 1733 ριζεν.
375 1672 397 1717 ὃ
423 1693 506 1717 και
532 1671 734 1729 μαλιστ’
761 1671 947 1726 αὐτους
975 1675 1156 1727 εὔνους
1182 1673 1317 1733 αὐτῷ
1341 1677 1426 1719 καὶ
1450 1682 1618 1719 τελευ-

168 1735 378 1802 τήσαντι
407 1733 658 1801 ἐποίησεν.
713 1737 772 1773 Id.
798 1738 888 1773 ibid.
910 1738 946 1782 Ι,
970 1743 1049 1776 100.
1076 1750 1114 1785 Ρ.
1137 1742 1205 1781 142
1226 1750 1283 1786 sq.
1344 1737 1411 1789 Τῷ
1438 1733 1482 1776 δὲ
1507 1730 1620 1790 δήμω

169 1787 260 1840 τοὺς
279 1787 446 1839 δούλους
473 1792 553 1830 τῶν
575 1786 836 1856 ἀνῃρημένων
866 1785 957 1838 τοὺς
986 1787 1203 1839 νεωτάτους
1227 1806 1267 1832 τε
1295 1790 1363 1831 καὶ
1389 1785 1618 1858 εὖρῶστονς,

170 1849 323 1902 μυρίων
355 1848 531 1897 πλείους,
570 1831 836 1914 ἐλευθερώσας
870 1845 1104 1899 ἐγκατέλεξε,
1144 1847 1213 1887 καὶ
1248 1848 1409 1895 πολίτας
1441 1841 1620 1904 ἆπέφῃνε

171 1905 384 1958 Ρωμαίων·
405 1919 473 1944 και
489 1903 749 1970 Κορνηλίους
752 1898 827 1955 ἀφ’
846 1902 988 1944 ἑαυτοῦ
1002 1907 1220 1957 προς-εἴπεν,
1250 1899 1380 1952 ὁπως
1403 1903 1620 1956 ἑτοίμοις

173 1962 223 2003 ἐκ
257 1977 356 2002 των
400 1962 629 2027 δημοτῶν
659 1953 784 2027 πρὸς
817 1954 872 1999 τὰ
908 1959 1375 2031 1παραγγαλλομένοι
1412 1961 1620 2014 μυρίοις

171 2021 342 2072 χρῷτο.
403 2021 465 2058 Το
494 2011 533 2056 δ’
556 2011 674 2057 αυτὸ
702 2015 922 2069 καὶπερὶ
950 2016 1041 2070 τὴν
1065 2011 1282 2056 Ἰταλίαν
1309 2015 1528 2059 ἐπινοῶν
1558 2015 1619 2056 τέ-

171 2079 253 2115 λεσι
270 2078 351 2123 τοῖς
376 2069 476 2127 ὑπὲρ
497 2073 639 2114 ἑαυτοῦ
658 2072 1002 2142 στρατευσαμένοις
1025 2072 1128 2142 τρισι
1156 2072 1224 2113 καὶ
1248 2073 1397 2124 εἴκοσιν
1422 2071 1621 2139 ἐπένειμεν

169 2126 340 2196 πολλὴν
337 2130 379 2170 έν
393 2133 478 2178 ταῖς
498 2126 632 2170 πόλεσι
647 2132 736 2183 γῆν,
757 2124 830 2181 τὴν
845 2128 916 2181 μὲν
932 2145 987 2170 ετι
1004 2122 1128 2170 οὖσαν
1143 2124 1364 2182 ἆνωμητον,
1390 2123 1464 2181 τὴν
1485 2126 1528 2169 δὲ
1550 2122 1621 2177 τὰς

170 2184 301 2235 πόλεις
316 2180 608 2239 ἀφαιρούμενος
624 2185 686 2226 ἐπὶ
700 2186 828 2240 ζημία.
889 2190 942 2225 Id.
967 2191 1015 2226 ib.
1037 2191 1073 2234 Ι,
1095 2193 1173 2234 104,
1196 2194 1288 2225 extr.
1317 2201 1356 2236 Ρ.
1384 2191 1465 2228 149.
1493 2189 1542 2225 ef.
1569 2188 1619 2224 ad

174 2247 277 2285 Catil.
300 2258 333 2282 c.
349 2246 541 2290 XXXVII,
557 2249 592 2284 6.
623 2246 771 2292 Fragm.
790 2247 825 2290 I,
847 2250 912 2292 51,
931 2249 990 2283 21.
1023 2246 1241 2282 Gerlachius
1263 2256 1336 2292 quo
1354 2247 1491 2281 referat
1504 2246 1619 2283 verba

171 2314 295 2351 n‘eque
324 2302 504 2339 indicavit
531 2303 570 2337 in
599 2275 891 2346 Commentario,
922 2312 1044 2348 neque
1068 2302 1106 2338 id
1138 2313 1184 2338 ex
1214 2306 1351 2338 mutato
1381 2303 1464 2337 loco
1490 2301 1527 2336 in
1557 2301 1617 2338 ed.

170 2362 262 2397 min.
284 2359 410 2406 colligi
431 2363 565 2405 potest.
624 2357 850 2394 Debrossius
878 2369 989 2402 vero,
1019 2369 1087 2405 pro
1107 2358 1176 2394 sibi
1192 2358 1427 2395 abnuituros
1444 2360 1618 2404 corrupte

172 2418 343 2454 scribens
362 2415 615 2460 abnuitur-um,
639 2425 794 2460 prorsus
817 2415 940 2460 inepte
966 2414 1061 2450 haec
1078 2415 1370 2452 comminiscitur
1387 2415 1483 2450 lecta
1499 2414 1617 2449 fuisse

171 2475 211 2511 in
246 2473 405 2520 epistola
435 2471 598 2518 quadam
620 2471 824 2517 Apuleiae,
859 2470 988 2517 Lepidi
1014 2472 1163 2517 uxoris,
1201 2472 1250 2508 ad
1283 2470 1479 2508 moechum
1510 2480 1618 2505 suum

173 2530 280 2575 data,
327 2539 438 2575 quam
473 2527 637 2575 Lepidus
679 2527 924 2574 intercepisse
968 2527 1122 2563 traditur
1157 2539 1179 2563 a
1214 2526 1410 2564 Plutarcho
1450 2526 1617 2572 Pompei.

172 2598 206 2622 c.
237 2589 280 2625 16
313 2590 406 2621 extr.

285 2643 347 2678 Fr.
367 2644 426 2680 38.
458 2641 587 2686 [Deest
611 2639 712 2687 apud
734 2639 832 2676 Cort.
856 2644 892 2677 et
913 2639 1023 2676 Debr.
1044 2659 1100 2665 —
1121 2640 1218 2676 Gerl.
1241 2639 1302 2676 ed.
1327 2639 1414 2674 mai.
1446 2638 1530 2674 Vol.
1558 2638 1618 2674 111.

170 2710 210 2748 p.
235 2702 316 2738 146
338 2709 374 2733 n.
395 2700 477 2736 231
501 2697 562 2732 ed.
580 2698 669 2733 min.
694 2697 731 2741 Ι,
757 2698 816 2734 34.
834 2708 871 2743 Ρ.
894 2699 974 2740 185,
994 2694 1047 2744 3.]
1105 2697 1233 2732 Vacca
1257 2695 1306 2732 ad
1326 2695 1464 2730 Lucan.
1486 2693 1518 2735 I
1537 2695 1618 2732 175.

173 2756 235 2793 Ad
256 2754 416 2791 eundem
434 2754 571 2790 Lucani
598 2754 719 2789 locum
740 2754 835 2789 alius
861 2752 1064 2788 scholiasta
1092 2764 1140 2788 ex
1156 2751 1330 2789 Sallustio
1354 2750 1449 2786 haec
1470 2749 1617 2786 laudat:
