1774 3002
145 177 199 222 78
643 183 684 220 C.
714 184 944 224 SALLUSTI
974 186 1124 225 CRISPI

145 309 262 352 recte
297 307 455 352 facere.
528 308 600 353 An
643 309 794 370 Lepidi
829 311 1032 357 mandata
1066 310 1234 357 animos
1270 312 1482 374 movere?
1516 313 1590 374 qui

143 392 319 451 placere
350 391 409 436 ait
439 405 522 436 sua
548 392 705 453 cuique
743 394 886 450 reddi,
924 398 966 441 et
1005 394 1147 441 aliena
1183 397 1321 452 tenet,
1358 394 1457 440 belli
1493 395 1589 441 iura

145 475 354 531 rescindi,
397 488 530 535 quum
571 473 667 534 ipse
709 477 842 522 armis
881 481 1033 539 cogat,
1072 478 1290 524 civitatem
1326 478 1586 533 confirmari,

143 558 302 620 quibus
329 558 576 618 ademptam
602 561 755 618 negat,
785 561 1045 607 concordiae
1071 561 1214 622 gratia
1240 561 1381 621 plebei
1403 562 1589 609 tribuni-

142 641 251 687 ciam
279 643 539 701 potestatem
564 641 755 699 restitui,
784 658 840 689 ex
868 659 955 705 qua
980 659 1134 690 omnes
1161 644 1406 698 discordiae
1425 660 1588 691 accen-
1619 654 1622 659 ’

142 739 232 771 sae.
288 724 503 770 Pessume
524 724 715 770 omnium
736 728 867 787 atque
886 726 1296 788 impudentissume,
1318 728 1452 774 tibine
1471 743 1586 789 ege-

142 811 234 854 stas
270 807 430 853 civium
456 811 500 854 et
526 808 670 854 luctus
696 824 828 855 curae
859 811 981 879 sunt,
1018 810 1088 856 cui
1123 810 1227 856 nihil
1259 814 1328 857 est
1360 811 1477 857 domi
1503 811 1586 857 nisi

141 967 325 1004 Mandata
358 973 443 1004 sunt
473 968 717 1005 condiciones
743 981 765 1005 a
792 969 934 1017 Lepido
963 971 1108 1006 senatui
1138 970 1374 1017 propositae;
1403 982 1438 1007 v.
1471 981 1586 1018 supra

140 1025 340 1061 Introduct.
368 1037 403 1072 p.
425 1028 484 1063 65.
517 1045 574 1051 —
602 1025 752 1062 Movere
773 1031 830 1062 est
850 1027 886 1062 in
911 1027 995 1063 Vat.
1018 1032 1050 1066 1.
1070 1030 1105 1064 2.
1125 1029 1160 1065 3.
1184 1031 1221 1062 et
1239 1028 1325 1064 Urs.
1385 1025 1530 1063 Curtius
1550 1032 1586 1063 et

139 1082 330 1118 Weissius
350 1083 582 1129 scripserunt
596 1086 754 1129 movent,
773 1083 874 1129 quod
896 1084 956 1119 vel
982 1095 1027 1119 eo
1045 1083 1210 1119 deterius
1233 1087 1309 1128 est,
1332 1083 1433 1130 quod
1453 1084 1583 1131 Lepidi

139 1139 315 1175 mandata
342 1150 417 1174 non
437 1144 543 1185 tunc,
583 1139 651 1175 sed
673 1139 745 1175 iam
767 1144 850 1175 ante
873 1140 1025 1187 aliquod
1046 1144 1192 1187 tempus
1215 1141 1358 1187 perlata
1374 1145 1493 1176 erant.
1528 1159 1586 1166 -—

138 1197 218 1232 Pro.
234 1200 339 1243 coya!
364 1196 523 1233 Orellius
547 1196 757 1244 suspicatur
779 1196 1016 1233 scribendum
1038 1208 1124 1233 esse
1146 1201 1252 1244 aya&
1272 1207 1347 1232 non
1370 1198 1466 1233 male
1480 1225 1489 1242 ,
1515 1197 1585 1234 sed

139 1253 230 1289 citra
272 1253 532 1289 necessitatem
561 1258 597 1289 et
625 1255 807 1290 sententia
838 1255 962 1300 paullo
1004 1255 1126 1290 minus
1156 1253 1276 1300 gravi.
1336 1254 1431 1290 Nam
1471 1265 1583 1300 quum

138 1309 222 1346 belli
237 1311 322 1346 iura
347 1310 383 1345 vi
404 1314 591 1355 constent,
622 1311 747 1357 legum
763 1311 977 1347 auctoritate
1001 1311 1165 1355 sublata,
1188 1310 1354 1357 graviter
1375 1310 1583 1357 Philippus,

137 1371 177 1402 ut
201 1366 430 1402 demonstret
450 1366 580 1413 Lepidi
607 1367 705 1402 sacta
733 1378 817 1403 eum
841 1368 967 1405 verbis
992 1378 1186 1415 pugnare,
1224 1366 1312 1402 dicit
1348 1368 1464 1403 armis
1501 1377 1583 1403 eum

139 1433 326 1471 coqere,
355 1424 376 1458 i.
407 1434 438 1458 e.
463 1433 651 1459 armorum
673 1424 709 1460 vi
733 1423 782 1459 ad
802 1424 1005 1460 obtinenda
1028 1435 1074 1460 ea
1098 1425 1171 1469 uti,
1199 1434 1295 1471 quae
1323 1424 1471 1470 legibus
1494 1434 1581 1459 con-

138 1481 251 1515 traria
291 1480 377 1516 sint.
436 1479 537 1515 Nihil
565 1483 688 1516 autem
721 1479 943 1517 offensionis
976 1485 1033 1516 est
1061 1481 1098 1516 in
1117 1490 1247 1527 coyere
1267 1481 1384 1517 verbo
1413 1480 1579 1516 absolute

137 1537 276 1584 posito,
293 1547 405 1582 quum
426 1536 598 1572 facillime
621 1548 641 1572 e
663 1547 763 1572 nexu
778 1540 1043 1574 sententiarum
1063 1528 1288 1584 intelligatur
1310 1540 1347 1572 et
1361 1545 1450 1583 quos
1470 1541 1581 1582 cogat

139 1593 318 1641 Lepidus,
338 1597 374 1628 et
392 1593 445 1628 ad
461 1603 568 1640 quae.
588 1613 644 1618 —-
674 1593 778 1637 Quae
801 1598 1005 1641 sequuntur
1026 1595 1144 1631 verba
1164 1595 1340 1636 civitatem
1373 1612 1431 1618 —
1458 1597 1593 1640 nequi„

140 1649 274 1685 eodem
307 1653 500 1696 spectant,
526 1653 577 1694 ut,
599 1653 828 1698 quantopere
850 1650 1015 1698 Lepidus
1041 1651 1111 1687 sibi
1132 1650 1214 1697 ipse
1235 1653 1430 1697 repugnet,
1456 1653 1581 1685 osten-

139 1706 257 1743 datur.
317 1705 388 1750 Qui
409 1717 521 1752 quum
539 1707 745 1752 postularet
764 1707 951 1744 civitatem
972 1704 1118 1743 restitui
1143 1707 1210 1751 iis,
1251 1706 1385 1752 quibus
1415 1717 1438 1742 a
1477 1705 1580 1742 Sulla

139 1763 315 1810 adempta
335 1767 434 1807 erat,
460 1767 600 1808 tamen,
621 1774 733 1810 quum
750 1764 860 1799 simul
883 1768 1039 1810 negaret
1060 1764 1158 1800 illius
1174 1763 1339 1799 instituta
1358 1763 1484 1809 legum
1504 1762 1579 1799 vim

136 1819 277 1857 habere
293 1848 302 1865 ‚
334 1830 381 1855 ex
401 1819 519 1866 ipsius
540 1823 662 1855 mente
685 1831 760 1855 non
775 1831 870 1867 opus
891 1823 971 1856 erat
999 1820 1184 1857 civitatem
1209 1818 1333 1855 denuo
1352 1817 1577 1855 confirmari.

137 1876 335 1915 Postulatis
356 1877 469 1923 igitur
483 1877 655 1923 agnoscit
670 1877 775 1924 leges
791 1876 996 1922 Cornelias,
1013 1876 1242 1922 easdemque
1265 1879 1363 1911 ratas
1377 1886 1419 1911 se
1438 1874 1578 1911 habere

137 1937 260 1981 negat.
278 1951 336 1958 —-—-
357 1932 499 1979 Plebei,
527 1933 630 1979 quod
651 1933 842 1970 Weissius
865 1937 1040 1980 tanquam
1062 1933 1229 1981 spurium
1247 1932 1395 1968 uncinis
1416 1931 1576 1975 inclusit,

136 2001 211 2027 non
234 1991 354 2026 solum
371 1991 407 2025 in
429 1990 601 2026 omnibus
623 1989 736 2026 codd.
759 1993 902 2035 exstat,
925 1989 994 2026 sed
1013 1990 1125 2026 etiam
1140 1988 1378 2025 confirmatur
1396 1987 1576 2024 Prisciani

137 2047 362 2091 testimonio,
383 2047 457 2093 qui,
478 2051 517 2082 ut
535 2048 667 2094 probet
678 2046 803 2094 plebei
816 2047 1022 2093 genitivum
1041 2057 1127 2082 esse
1142 2045 1293 2092 quintae
1304 2043 1577 2088 declinationis,

137 2104 231 2139 libro
253 2104 412 2148 Vl‚11‚
444 2106 503 2142 59
526 2114 563 2150 p.
586 2107 666 2142 256.
687 2103 745 2139 ed
767 2103 831 2139 Kr.
850 2103 944 2139 exl.
965 2103 1211 2139 Historiarum
1231 2100 1358 2138 laudat
1370 2101 1494 2148 plebei
1511 2102 1576 2136 iri-

134 2160 315 2196 buniciam
325 2162 553 2206 potestatem.
601 2160 742 2196 Tamen
763 2159 898 2196 Orellio
921 2160 1144 2196 assentimur
1163 2158 1199 2194 h.
1220 2159 1243 2194 l.
1265 2158 1390 2205 potius
1411 2156 1577 2193 dativum

136 2227 245 2261 esse,
285 2226 332 2251 ex
364 2216 505 2252 restitui
526 2215 774 2262 pendentem3
815 2227 960 2262 neque,
995 2220 1035 2251 ut
1062 2219 1162 2251 recte
1194 2213 1327 2250 dicitur
1350 2214 1578 2251 tribunus

128 2272 261 2347 plebis,
278 2272 329 2307 ita
345 2271 418 2307 dici
437 2275 562 2319 potest
580 2273 843 2308 trabumcza
856 2275 1078 2319 potestas
1089 2271 1222 2318 plebis

249 2331 372 2371 5.15.
415 2331 480 2363 aut
503 2337 577 2374 per
598 2328 790 2373 iniuriam)
822 2328 922 2364 Haec
950 2328 1066 2365 verba
1095 2331 1225 2363 notare
1249 2326 1425 2363 videntur
1446 2324 1576 2374 Lepidi

137 2385 353 2429 avaritiam,
383 2394 455 2431 qua
477 2382 643 2420 Siciliam
664 2383 910 2431 exspoliavit;
951 2395 987 2419 v.
1009 2383 1067 2420 ad
1079 2387 1112 2427 5.
1134 2386 1170 2421 4.
1202 2403 1259 2410 -—
1295 2383 1459 2420 Alterum
1491 2392 1576 2419 con-

135 2443 294 2479 sulatum
306 2442 426 2489 petis,·
440 2453 480 2477 v.
501 2438 705 2477 Introduct.
724 2452 760 2488 p.
784 2440 1099 2485 65.-—Quoniam
1119 2441 1346 2477 consulatum
1365 2437 1575 2476 reddere

136 2503 195 2535 est
223 2498 419 2535 consulatu
439 2497 508 2532 rite
537 2497 640 2534 abire
660 2498 718 2542 (v.
737 2496 844 2533 Rein.
866 2497 902 2532 in
925 2497 1056 2544 Paulyi
1075 2497 1282 2544 Encyclop.
1300 2495 1403 2532 Real.
1422 2494 1509 2530 Vol.
1528 2494 1574 2530 ΙΙ.

135 2565 172 2603 p.
201 2556 304 2599 628.)
336 2557 372 2590 et
403 2552 453 2589 ad
478 2553 615 2601 privati
649 2552 909 2589 condicionem
946 2553 1089 2598 redire,
1123 2554 1249 2590 verbis
1282 2552 1390 2599 quasi
1410 2550 1575 2598 primum

134 2611 340 2648 reddideris
362 2610 594 2657 significatur
621 2609 824 2658 Lepidum,
859 2610 1031 2656 quamvis
1070 2610 1285 2646 consulatus
1325 2612 1469 2655 tempus
1510 2617 1575 2642 ex-

136 2669 344 2716 spirasset,
390 2671 514 2703 tamen
556 2667 744 2703 etiamtum
773 2669 813 2702 ut
839 2667 1032 2702 consulem
1064 2677 1105 2702 se
1134 2676 1266 2714 gerere
1295 2667 1331 2699 et
1361 2663 1401 2700 vi
1428 2674 1573 2700 summa

137 2726 262 2762 omnia
298 2727 467 2760 tractare.
525 2724 654 2760 Paullo
687 2723 792 2760 aliter
805 2751 814 2767 ,
852 2733 1075 2769 quamquam
1105 2722 1217 2759 simili
1247 2730 1383 2764 sensu,
1414 2719 1574 2756 reddere

136 2781 397 2830 resmpublicam
424 2781 559 2828 legitur
581 2779 680 2829 apud
697 2779 850 2818 Sueton.
872 2780 974 2825 Aug.
993 2791 1026 2815 c.
1043 2782 1101 2817 28.
1159 2778 1217 2815 De
1235 2776 1472 2814 reddenda
1494 2785 1568 2811 re-

1601 741 1642 775 15
