1774 3002
462 127 798 169 HISTORIARUM
819 126 1134 165 FRAGMENTA.
1193 127 1284 164 LIB.
1302 128 1376 165 ·111.
1553 123 1639 167 249

164 259 282 310 arat:
336 255 398 303 At
423 254 655 310 Vatinius,
686 253 790 300 dum
816 252 924 300 haec
951 254 1148 314 aguntur
1182 267 1210 298 a
1246 251 1470 314 fugitivis,
1503 267 1641 314 aegra

199 410 460 463 ηεαδδατίαηι,
470 409 612 461 omisso
627 407 811 445 vocabulo
824 405 925 452 bello,
938 403 1042 452 quod
1057 404 1174 441 inde
1164 416 1203 442 in
1219 406 1390 443 omnibus
1408 404 1498 442 edd.
1510 404 1640 449 deest;

200 454 286 504 cod.
307 465 391 502 Vat.
402 456 555 512 integre
583 465 739 512 speciem
758 462 848 499 bello
867 462 1127 501 necessariam,
1147 481 1203 487 —
1221 461 1395 509 Praeter,
1416 466 1526 508 prout
1546 461 1639 497 ratio

200 522 420 560 substantivi
437 532 521 558 cum
536 521 609 557 hac
624 520 806 567 particula
821 519 933 555 iuncti
950 518 1011 554 vel
1030 519 1135 554 aiens
1156 523 1226 563 est,
1243 519 1304 555 vel
1321 530 1479 566 negans,
1500 522 1562 554 aut
1579 530 1639 554 ae-

199 580 412 616 cessionem
435 579 517 615 sive
543 577 843 614 coniunctionem
867 576 949 612 eius
972 575 1027 611 rei
1050 586 1135 612 cum
1152 576 1281 620 altera,
1299 580 1363 612 aut
1384 575 1640 611 exclusionem

200 637 289 675 sive,
302 634 589 672 disiunctionem
603 633 792 680 designat.
832 632 968 677 Quare,
989 632 1077 678 quia
1096 631 1213 668 sudes
1233 632 1311 679 igni
1327 631 1483 668 duratae
1507 632 1641 668 iustam

198 690 284 728 belli
299 686 469 738 'speciem
487 701 561 727 non
581 689 731 734 habent,
747 690 946 725 verborum
968 698 1106 725 sensus
1126 692 1184 724 est
1202 692 1357 736 excepta
1376 689 1511 736 specie,
1531 689 1595 725 vel
1609 689 1645 724 δι’

197 748 409 791 discedatur
427 759 452 784 a
471 749 593 795 specie
614 746 704 784 betto
721 746 956 789 necessat-im
978 745 1025 781 ct'.
1039 745 1121 780 Liv.
1136 744 1212 791 XL,
1226 748 1262 790 6,
1275 749 1311 784 6.
1342 745 1421 782 Nec
1433 748 1642 792 praeter

195 804 384 851 serrum
399 806 594 852 quicquam
608 802 725 850 defuit
741 803 794 838 ad
804 804 938 838 iustam
950 801 1036 837 bella·
1049 803 1219 848 speciem.
1235 813 1274 838 v.
1285 801 1408 838 Hand.
1425 801 1473 837 de
1482 801 1641 839 Particc.

201 862 263 897 lat.
281 861 364 897 Vol.
376 861 490 906 IV.p.
504 859 836 906 54osqq.Kroger.
853 858 1017 894 Gramm.
1032 858 1096 894 lat.
1112 861 1147 901 S.
1161 860 1242 896 332
1261 861 1297 902 2,
1309 870 1341 895 c.
1355 862 1432 895 not.
1450 862 1487 896 2.
1508 869 1546 904 p.
1557 860 1640 897 441.

310 920 347 960 s.
367 921 404 955 2.
434 917 625 960 Vatinius)
665 915 706 951 In
729 915 801 952 hac
822 914 983 950 nominis
1001 915 1122 950 forma
1142 925 1227 951 cum
1249 914 1426 952 Sallustio
1455 915 1642 958 consentit

198 974 363 1020 Appian.
381 972 426 1009 Β.
449 971 491 1009 C.
509 973 538 1017 I,
560 974 637 1011 116.
656 976 693 1008 et
711 972 878 1008 Frontin.
901 970 949 1007 de
970 969 1134 1018 Strateg.
1153 970 1180 1015 Ι,
1199 974 1234 1014 5.
1254 974 1337 1016 22.;
1367 971 1530 1008 Vax-inus
1550 970 1643 1007 dici·

198 1034 256 1072 tur
279 1028 381 1076 apud
397 1028 583 1066 Plutarch.
606 1029 645 1064 in
661 1026 788 1064 Crass.
811 1039 846 1063 c.
865 1030 902 1066 9.
923 1031 961 1063 et
981 1025 1057 1063 Cic.
1078 1038 1116 1074 p.
1137 1027 1273 1063 Flacco
1295 1039 1330 1064 c.
1353 1031 1411 1067 19.
1433 1028 1516 1072 (ubi
1537 1027 1642 1064 Orel-

198 1086 271 1123 tius
291 1079 413 1124 tamen
441 1085 617 1122 Ver-mins
635 1085 805 1132 recepit),
843 1083 1012 1120 Varenus
1038 1084 1077 1119 in
1098 1084 1194 1123 Livii
1214 1084 1311 1131 Epit.
1332 1084 1445 1121 XCV.
1495 1085 1642 1122 Utrum-

198 1153 271 1189 que
288 1141 572 1188 improbandum
595 1152 681 1178 esse
701 1140 844 1177 monuit
866 1139 1046 1187 Sigonius
1066 1139 1116 1176 ad
1135 1135 1230 1176 Livii
1255 1142 1278 1176 Ι.
1295 1142 1318 1178 l.
1347 1145 1385 1177 et
1403 1140 1640 1178 Drumannus

197 1198 292 1243 Hist.
312 1198 419 1235 Rom.
441 1198 528 1234 Vol.
550 1197 618 1232 lv.
636 1209 674 1244 p.
692 1199 750 1235 75.
777 1201 851 1233 not.
873 1198 930 1237 78.
949 1196 1036 1232 coll.
1055 1196 1143 1232 Vol.
1164 1197 1206 1232 11.
1229 1208 1270 1244 p.
1287 1199 1368 1236 185.
1398 1202 1475 1233 not.
1492 1200 1552 1244 23.
1585 1198 1642 1233 In-

197 1251 343 1301 tegrum
363 1255 399 1290 ei
418 1265 556 1290 nomen
576 1254 643 1290 suit
657 1253 702 1290 P.
728 1253 903 1290 Varinius
917 1252 1066 1289 Glaber.
1101 1254 1254 1289 Praetor
1273 1259 1403 1290 contra
1419 1253 1640 1301 Spartacum

198 1311 339 1347 missus
358 1322 437 1346 rem
461 1311 637 1346 continuo
665 1311 761 1346 male
783 1310 913 1356 gessit.
940 1329 988 1335 —
1005 1310 1077 1346 Pro
1098 1312 1286 1346 auctumni
1301 1311 1339 1346 in
1360 1309 1448 1346 cod.
1468 1311 1553 1346 Vat.
1583 1315 1643 1346 est

200 1368 384 1411 auctumni,
420 1367 531 1413 quam
566 1365 755 1402 scribendi
790 1367 971 1401 rationem
1001 1366 1125 1401 minus
1158 1367 1314 1412 probam
1334 1368 1392 1411 (v.
1418 1365 1640 1403 Schneideri

201 1423 362 1460 Gramm.
385 1424 463 1460 Lat.
486 1423 572 1458 Vol.
593 1422 619 1467 1,
647 1426 684 1460 2.
712 1434 749 1469 p.
774 1423 877 1465 452.)
904 1422 1074 1469 reeipere
1107 1423 1307 1459 noluimus.
1351 1443 1410 1448 —
1447 1423 1645 1459 Aue-mni

198 1480 389 1527 yram,
418 1479 445 1514 i.
460 1490 496 1514 e.
516 1479 695 1525 pestifera
718 1479 905 1515 auctumni
926 1479 1154 1525 intemperie.
1200 1477 1308 1516 Caes.
1331 1479 1376 1516 B.
1399 1477 1440 1516 C.
1460 1479 1518 1522 111,
1544 1482 1580 1524 2,
1600 1483 1640 1518 3

202 1536 373 1572 Gravis
389 1539 667 1572 auctumnus
693 1536 733 1571 in
753 1534 891 1581 Apulia
919 1537 1129 1582 cir-cmnque
1156 1535 1473 1572 Brwtdisium—
1498 1546 1641 1572 omnem

201 1593 403 1637 merdam
431 1591 634 1636 valetudine
661 1594 875 1628 tentaverat.
903 1603 941 1628 v.
961 1592 1114 1628 Duker.
1143 1591 1193 1628 ad
1219 1592 1301 1629 Liv.
1326 1592 1387 1637 111,
1415 1595 1454 1639 6,-
1461 1596 1510 1630 2.
1529 1597 1640 1640 atque

200 1649 373 1695 interprr.
393 1647 444 1684 ad
464 1647 592 1684 Horat.
613 1647 685 1684 Od.
709 1648 753 1692 Π,
774 1650 832 1691 14,
852 1651 911 1686 15.
937 1653 974 1684 et
995 1647 1071 1684 Sat.
1092 1648 1136 1693 ΙΙ,
1158 1651 1282 1693 6,19.
1323 1647 1526 1686 KREYSS.

312 1715 423 1751 quum
439 1713 566 1740 severo
584 1704 698 1740 edicto
715 1703 944 1749 iuberentur)
961 1705 1032 1741 Pro
1047 1715 1171 1751 quum,
1182 1704 1285 1751 quod
1301 1705 1342 1741 h.
1357 1706 1384 1740 l.
1398 1706 1499 1742 valet
1514 1717 1642 1753 quarm

198 1763 273 1806 vie,
291 1765 332 1797 ut
351 1761 447 1797 intra
464 1763 500 1803 S.
523 1763 602 1804 18„
625 1759 771 1797 invcod.
790 1760 875 1798 Vat.
898 1772 974 1797 non
998 1761 1176 1808 seriptum
1197 1766 1274 1806 est,
1300 1761 1403 1808 quod
1429 1767 1641 1809 exspectes,

198 1828 318 1866 quam,
329 1817 399 1853 sed
413 1827 507 1853 cim.
523 1816 627 1852 Idem
636 1828 706 1863 pro
720 1817 931 1853 iuberentm-
946 1818 1080 1854 vitiose
1097 1817 1211 1853 habet
1224 1819 1446 1863 iuver-entur,
1463 1829 1537 1865 qua
1548 1820 1642 1855 litte-

199 1884 325 1910 rarum
339 1873 362 1908 b
372 1877 440 1909 etv
457 1873 728 1919 permutatione
741 1872 833 1909 nihil
848 1877 907 1909 est
922 1874 1032 1909 etiam
1049 1874 1088 1908 in
1104 1874 1372 1920 antiquissimis
1391 1876 1640 1912 monumentis

202 1930 457 1974 frequentius;
477 1940 516 1964 v.
537 1939 653 1974 supra
671 1928 719 1964 ad
738 1929 801 1964 Fr.
819 1929 871 1972 H,
894 1933 961 1973 50,
984 1933 1019 1967 1.
1038 1928 1262 1965 Schneideri
1285 1929 1450 1966 Gramm.
1471 1931 1535 1966 lat.
1550 1932 1639 1979 Vol.

202 1986 239 2028 1,
262 1989 296 2022 1.
312 1996 353 2031 p.
371 1985 455 2022 227.
474 1984 665 2020 Drakenb.
683 1984 737 2020 vad
757 1984 839 2020 Liv.
858 1985 903 2029 II,
921 1987 980 2029 46,
1001 1988 1038 2022 2.
1057 1985 1115 2020 Ex
1129 1987 1247 2022 verbo
1266 1986 1500 2023 redeuntibus
1517 1992 1640 2024 autem

204 2040 255 2076 ad
272 2041 483 2077 iuberenwr
503 2040 753 2086 supplendum
773 2040 918 2081 redire,·
938 2042 985 2077 cf.
1009 2041 1104 2077 infra
1123 2041 1175 2077 ad
1192 2042 1304 2089 Frag.
1325 2042 1389 2087 111,
1410 2045 1478 2087 82,
1504 2047 1563 2083 18.
1587 2063 1637 2069 —

203 2094 534 2141 Edicti‘soveraas,
553 2107 627 2143 qua
646 2097 782 2132 milites
805 2096 960 2133 Romani
982 2107 1033 2134 ex
1045 2102 1239 2144 postrema
1257 2098 1351 2147 fuya
1365 2101 1535 2136 revocati
1552 2111 1640 2137 esse

204 2152 393 2195 dicuntur,
412 2151 517 2188 haud
534 2153 694 2190 obscure
723 2152 938 2200 significare
957 2153 1127 2200 videtur,
1157 2153 1373 2192 Sallustium
1393 2166 1469 2192 non
1487 2160 1563 2193 tam
1590 2157 1640 2193 ad

204 2209 431 2256 certamina,
452 2208 491 2244 id
513 2208 613 2255 quod
633 2208 830 2245 Bimardus
854 2210 1047 2256 opinatur,
1066 2221 1090 2246 a
1113 2209 1244 2248 Clodio
1271 2211 1451 2256 Pulchro,
1470 2213 1583 2250 Furio
1604 2218 1641 2249 et

205 2264 376 2300 Cossinio
391 2275 474 2301 eum
495 2265 663 2312 fugitivis
677 2266 904 2310 commissa,
920 2277 1030 2313 quam
1051 2266 1101 2302 ad
1120 2267 1213 2303 illud
1230 2269 1416 2314 proelium
1435 2270 1638 2316 respicere,

206 2332 253 2357 ex
273 2331 347 2367 quo
366 2320 560 2357 Vatinium
579 2322 702 2368 ipsum
714 2350 726 2367 ‚
745 2323 886 2358 amisso
907 2333 1004 2370 equo
1032 2327 1068 2359 et
1086 2325 1330 2371 magistratus
1348 2325 1562 2372 insignibus
1583 2337 1641 2362 re-

204 2377 321 2421 lictis,
342 2387 456 2423 aegre
481 2378 650 2423 elapsum
677 2387 764 2415 esse
791 2379 1011 2416 Plutarchus
1034 2379 1161 2416 Crass.
1184 2392 1223 2417 c.
1245 2383 1280 2419 9.
1311 2385 1421 2428 atque
1441 2382 1640 2429 Appianas

205 2433 248 2469 B.
269 2431 361 2476 C.1‚
382 2435 463 2470 116.
482 2436 675 2469 testantur.
695 2434 896 2482 KREYSS.
1028 2466 1032 2467 ⁷

317 2489 568 2532 redwntibus)
590 2489 630 2524 ln
649 2489 736 2526 cod.
754 2491 843 2526 Vat.
861 2496 919 2528 est
942 2492 1169 2537 decant-bus,
1201 2493 1322 2538 quod,
1344 2494 1427 2529 sive
1447 2495 1639 2531 oculorum

205 2546 288 2582 sive
317 2544 452 2581 mentis
478 2555 606 2580 errore
633 2549 776 2591 ortum,
802 2547 880 2583 iam
900 2548 1029 2584 Dousa
1058 2548 1153 2584 vidit
1179 2549 1217 2583 in
1244 2549 1476 2586 redeunt-‘bus
1498 2555 1641 2587 mutan-

206 2601 296 2637 dum
318 2612 417 2637 esse.
437 2619 491 2627 —
512 2600 741 2648 Reum-’pro
759 2603 907 2650 rfflqui,
928 2604 1031 2651 quod
1046 2604 1131 2647 cod.
1149 2605 1236 2641 Vat.
1257 2604 1396 2650 habet,
1417 2607 1637 2653 scripsimus

205 2657 478 2704 aequabilitatis
514 2667 675 2702 caussa;
702 2658 751 2694 εἰ.
779 2658 829 2696 ad
856 2658 965 2696 Catil.
995 2671 1034 2696 c.
1056 2661 1123 2705 ΙΠ,
1154 2665 1190 2698 5.
1215 2672 1254 2707 p.
1281 2664 1341 2699 21.
1389 2663 1513 2698 Minus
1541 2664 1637 2698 bene

205 2713 338 2754 Dousa
351 2712 653 2759 detracturum,
673 2714 775 2762 quod
793 2714 879 2752 cod.
898 2716 985 2753 Vat.
1005 2718 1159 2764 praebet
1171 2744 1181 2762 ,
1201 2718 1357 2754 mutavit
1373 2718 1410 2754 in
1431 2717 1637 2755 detrectari-
