1774 3002
0 0 236 118 Γ.

500 147 830 196 ms'ronuffl'un
859 156 1171 195 FRAGMENTA.
1230 156 1319 193 Llss.
1348 157 1409 192 111.
1584 151 1671 195 215

311 303 314 306 ⁴
364 289 432 331 24.
489 283 545 329 Et
571 296 707 327 onere
737 281 920 353 tunium
944 281 1121 329 incertis
1147 280 1347 327 navibus.

364 369 432 414 25.
490 367 599 412 Nam
629 365 703 427 qui
731 379 863 411 enare
884 365 1031 411 conati
1060 365 1257 421 fuerant,
1279 364 1350 410 icti
1378 379 1513 424 saepe
1541 367 1672 426 frag·
1748 391 1764 397 ν

227 450 384 496 mentis
417 449 596 496 navium
638 451 715 495 aut
746 448 896 495 afflicti
930 448 1087 494 alveos
1126 448 1341 494 undarum
1368 448 1445 504 vi,
1484 449 1673 496 mulcato

228 534 358 582 foede
392 548 577 594 corpore
612 536 836 594 postremo
868 531 1071 578 interiere
1097 533 1254 577 tamen.

229 674 462 715 haberet‚.et
485 672 593 707 simul
620 671 770 718 generis
792 670 988 706 masculini
1018 673 1141 715 esset,
1172 668 1210 705 id
1231 668 1333 715 quod
1362 673 1463 715 patet
1489 680 1538 704 ex
1562 672 1674 716 parti-

229 730 328 776 cipio
347 730 461 766 iuncti
477 729 615 775 pariter
636 732 745 774 atque
764 728 874 763 elicii.
890 727 1069 763 Palmatis
1089 726 1200 773 igitur
1219 725 1413 761 censenda
1434 730 1493 762 est
1511 725 1674 763 Tur-nebi

229 785 441 823 emendatio
465 786 502 821 in
522 784 686 821 Advers.
708 784 811 829 V111,
834 796 868 820 c.
884 786 916 822 7.
935 783 1129 831 proposita
1142 812 1152 827 ‚
1173 793 1284 829 quam
1306 783 1344 818 in
1362 787 1464 818 textu
1485 784 1674 829 expressi-

231 853 313 878 mus
326 871 336 886 ,
356 842 495 889 quippe
514 852 612 888 quac
637 852 712 877 non
735 841 857 877 minus
881 841 1035 876 feliciter
1055 851 1102 875 ex
1126 839 1287 876 divulsis
1307 844 1344 874 et
1362 850 1559 886 perperam
1573 851 1675 876 eom-

231 899 366 946 positis
388 898 517 934 litteris
536 897 603 942 (de
625 909 699 945 quo
723 899 959 944 corruptelae
985 907 1124 944 genere
1153 909 1192 933 v.
1223 897 1319 932 inl'ra
1349 896 1399 932 ad
1426 896 1487 932 Fr.
1520 896 1587 941 ΠΙ,
1613 900 1674 942 82,

231 956 309 1000 19.)
325 959 431 991 eruta
450 955 517 999 sit,
545 965 658 1001 quum
678 965 830 991 sensum
849 958 1014 1001 praestet
1039 953 1333 1000 integerrimum.
1361 952 1533 989 Restituti
1562 953 1601 989 in
1623 954 1677 990 lo-

231 1008 316 1048 cum
344 1011 535 1051 absurdae
561 1012 732 1048 lectionis
767 1012 943 1058 vulgatae
966 1010 1074 1046 orbes
1093 1019 1171 1046 axe
1192 1010 1308 1045 iuncti
1329 1009 1422 1056 quid
1449 1009 1673 1056 significent,

231 1074 301 1115 'pet
319 1080 361 1104 se
383 1072 441 1104 est
464 1068 745 1114 planissimum;
769 1068 1022 1114 intelliguntur
1040 1067 1140 1102 enim
1169 1070 1272 1102 rotae
1295 1067 1428 1102 axibus
1449 1066 1589 1102 inditae
1613 1078 1676 1103 eo-

201 1162 208 1168 ,
230 1135 302 1172 que
323 1124 372 1160 ad
388 1124 664 1163 decurrendum
684 1125 929 1171 compositae.
958 1140 1011 1146 —
1029 1123 1156 1159 Verba
1178 1123 1218 1159 in
1237 1124 1382 1159 modum
1401 1124 1494 1159 erici
1508 1124 1677 1159 nulum-is

234 1181 353 1217 attulit
366 1182 477 1217 etiam
499 1180 656 1218 Servius
680 1181 729 1218 ad
749 1181 856 1228 Virg.
876 1181 974 1216 Aen.
994 1180 1064 1225 IX,
1084 1183 1181 1223 505„
1195 1183 1273 1226 'quo
1293 1181 1469 1226 probaret
1487 1190 1676 1216 armorum

232 1238 383 1274 nomina
418 1239 464 1274 ab
499 1239 720 1274 animalibus
753 1249 841 1274 esse
872 1237 1090 1283 desumpta3
1122 1247 1161 1271 v.
1184 1230 1249 1272 ad¹
1264 1237 1324 1272 Fr.
1353 1237 1405 1280 ll,
1432 1239 1492 1275 60.
1526 1236 1677 1272 Ericius

232 1295 332 1330 trabs
354 1298 435 1329 erat
453 1295 746 1339 transversaria,
767 1305 815 1330 ex
834 1305 907 1340 qua
928 1293 1092 1340 undiquc
1117 1293 1228 1328 ferrei
1249 1294 1369 1329 aculei
1393 1294 1675 1339 prominebant;

232 1351 281 1386 εἰ.
298 1351 398 1396 Lips.
416 1351 576 1387 Poliorc.
598 1351 652 1396 V,
674 1354 709 1388 4.
726 1355 762 1386 et
782 1351 910 1397 intprr.
933 1351 982 1386 ad
1000 1349 1110 1386 Caes.
1133 1349 1174 1385 B.
1193 1349 1233 1385 C.
1253 1349 1320 1393 111,
1340 1353 1398 1389 67.
1418 1369 1474 1375 -
1502 1349 1677 1387 Ver-utum

232 1407 375 1443 Nonius
396 1407 420 1442 l.
442 1408 467 1442 l.
489 1408 651 1454 explicat
674 1409 784 1443 telum
807 1409 923 1443 breve
942 1412 979 1452 et
1000 1410 1214 1453 angustum.

343 1464 406 1499 Fr.
423 1465 482 1501 24.
506 1463 623 1509 [Cori.
641 1475 679 1510 p.
701 1467 804 1502 1008.
824 1464 924 1500 Gerl.
946 1463 1010 1499 ed.
1031 1463 1117 1498 mai.
1141 1462 1220 1498 Ine.
1240 1463 1319 1500 134.
1342 1460 1404 1496 ed.
1424 1463 1513 1498 min.
1534 1463 1595 1508 ul,
1615 1466 1677 1503 59.

233 1531 273 1567 p.
294 1523 382 1563 219,
402 1524 459 1557 12.
479 1520 589 1556 Debr.
617 1520 686 1565 111,
713 1521 789 1565 48]
812 1520 920 1557 Serv.
947 1520 996 1556 ad
1021 1520 1125 1566 Virg.
1154 1518 1252 1554 Aen.
1281 1519 1318 1566 1,
1348 1520 1453 1563 580„
1483 1519 1566 1555 sine
1594 1521 1677 1556 libri

234 1580 334 1612 nota.
358 1576 439 1612 Sed
457 1581 598 1612 certum
620 1581 678 1612 est
697 1576 736 1612 id
755 1587 841 1612 eum
857 1572 1003 1612 duobus
1022 1577 1264 1622 sequentibus
1286 1575 1570 1622 intelligendum
1590 1587 1677 1613 esse

235 1633 283 1670 de
305 1633 446 1680 ingenti
469 1637 711 1680 tempestate,
736 1643 811 1679 qua
826 1633 1049 1670 Mithridatis
1076 1643 1195 1668 naves
1225 1642 1311 1669 cum
1338 1631 1500 1668 turribus
1523 1634 1678 1669 ceteris-

233 1700 314 1737 que
326 1690 504 1736 operibus
526 1690 564 1725 in
582 1694 692 1737 portu
711 1689 897 1736 Oyziceno
920 1694 1101 1725 contusae
1129 1693 1166 1725 et
1194 1688 1377 1725 disiectae
1408 1685 1604 1735 interiere3
1626 1691 1676 1726 cs.

234 1746 396 1793 Appian.
418 1746 543 1782 Mithr.
562 1758 597 1783 c.
613 1749 672 1791 74,
697 1750 791 1782 extr.
802 1745 907 1782 ’Τῶν
926 1741 969 1783 δὲ
987 1736 1119 1782 αὐτῶν
1136 1736 1295 1807 ημερῶν
1309 1744 1474 1793 πνεῦμα
1498 1740 1678 1797 σφοδρὸν

234 1795 507 1851 ἐπιγενόμενον
516 1799 745 1852 περιέκλασε
764 1794 813 1838 τὰ
835 1793 953 1839 λοιπὰ
974 1801 1054 1838 τῶν
1074 1793 1367 1864 μηχανημάτων
1383 1801 1453 1838 τοῦ
1473 1799 1676 1851 βασιλέως.

236 1859 435 1894 Plutarch
428 1870 463 1894 in
483 1860 612 1895 Lucul.
633 1871 666 1894 c.
691 1863 747 1903 10,
768 1858 867 1894 med.
881 1851 1171 1906 Θαυμαζόντων
1187 1853 1230 1894 δὲ
1246 1849 1320 1919 τὴν
1336 1849 1482 1921 φωνὴν
1497 1858 1579 1894 urna
1592 1858 1675 1896 Κυ-

234 1906 439 1962 ζικηνῶν
422 1905 495 1961 ἀμ’
516 1906 644 1966 ἡμέρᾳ
659 1907 781 1951 σάλον
792 1907 932 1962 εἶχεν“
912 1928 939 1963 η
951 1908 1140 1950 θάλασσα
1160 1906 1362 1958 κατιόντος
1380 1905 1543 1963 ἀκρίτου
1558 1909 1676 1952 πνεό-

236 1981 375 2017 ματος,
391 1966 445 2005 αἵ
466 1981 505 2006 τε
527 1966 710 2033 μηχαναὶ
722 1969 792 2007 τοῦ
815 1966 1002 2019 βασιλέως
1022 1969 1268 2019 παρεστῶσαι
1295 1969 1377 2014 τοῖς
1402 1966 1538 2019 τείχεσι
1560 1968 1676 2036 ροίζω

237 2037 307 2061 και
325 2018 490 2092 πατάγῳ
511 2025 668 2088 πρῶτον
673 2017 910 2089 ἇπεὸήλουν
925 2020 970 2063 τὸ
989 2022 1142 2074 μέλλον.
1166 2019 1249 2063 εἶτα
1263 2017 1375 2070 νότος
1392 2021 1611 2078 ἕκραγεὸς”
1581 2039 1675 2064 απι

237 2090 326 2126 στος
344 2075 387 2118 τὸ
405 2077 582 2149 ,μέγεθος
585 2075 634 2119 τά
647 2073 684 2119 τ’
709 2075 809 2119 αλλα
821 2078 1031 2146 συνέτριψε
1044 2093 1303 2146 μηχανηματα
1310 2093 1429 2132 *opag-
1451 2081 1593 2133 βραχεῖ
1601 2096 1675 2133 μο-

238 2135 333 2204 ρίφ,
351 2133 419 2174 καὶ
437 2130 506 2174 τὸν
534 2131 694 2184 ξύλινον
718 2149 872 2189 πυργον
897 2131 1038 2176 ἑκατὸν
1064 2138 1204 2188 πηχὸν
1230 2131 1336 2186 υψος
1357 2134 1455 2178 ὄντα
1481 2137 1677 2185 διασείσας

239 2175 461 2243 κατέβαλεν.
485 2194 693 2232 Incertis
711 2196 864 2233 navibus
890 2195 1048 2233 Servius
1072 2196 1098 2232 l.
1125 2197 1150 2232 l.
1172 2195 1328 2232 mirifice
1357 2197 1521 2243 explicat
1544 2199 1675 2234 tardis.

240 2250 383 2287 Sensus
402 2252 527 2298 potius
554 2256 633 2288 est:
659 2256 801 2289 certum
828 2257 1044 2300 rectumque
1074 2256 1210 2288 statum
1242 2263 1320 2288 non
1349 2254 1581 2299 tenentibus,
1606 2254 1676 2291 sed

239 2307 351 2343 modo
375 2308 414 2343 in
435 2307 552 2352 hanc,
574 2309 716 2345 modo·
706 2320 745 2344 m
768 2309 868 2345 iliam
889 2313 1033 2356 partem
1055 2310 1329 2346 inclinantibus.
1350 2312 1397 2347 cf.
1418 2311 1477 2346 Fr.
1501 2311 1535 2355 1,
1557 2313 1617 2350 60.

346 2364 376 2400 F
379 2374 409 2399 r.
427 2367 487 2402 25.
514 2363 631 2409 [Cort.
652 2376 691 2412 p.
712 2367 794 2404 967.
817 2365 917 2402 Gerl.
938 2365 1000 2401 ed.
1025 2367 1114 2403 mai.
1136 2366 1206 2411 111,
1236 2369 1293 2404 19.
1313 2366 1376 2403 ed.
1400 2367 1488 2403 min.
1515 2367 1584 2412 ΙΙΙ,
1612 2371 1674 2406 63.

238 2432 274 2467 p.
290 2423 380 2464 219,
408 2423 467 2458 18.
490 2421 602 2457 Debr.
621 2421 689 2465 111,
712 2425 771 2460 50.
793 2422 863 2467 111,
891 2423 972 2467 δι]
996 2423 1142 2468 Verba,
1163 2433 1259 2469 quae
1281 2427 1427 2459 exstant
1453 2423 1556 2471 apud
1576 2424 1673 2460 Non.

237 2477 289 2512 IV
302 2505 312 2521 ‚
335 2478 419 2514 454.
439 2487 479 2523 p.
500 2479 591 2524 406,
613 2480 670 2515 10.
689 2477 808 2515 Merc.
831 2483 869 2514 et
894 2478 983 2514 inde
1003 2490 1027 2515 a
1046 2480 1162 2516 verbo
1188 2478 1323 2526 afflicti
1347 2491 1467 2527 usque
1493 2480 1545 2516 ad
1561 2480 1674 2516 finem

239 2533 350 2568 etiarn
371 2531 473 2580 apud
491 2532 605 2569 Arus-
623 2533 663 2569 h.
690 2545 731 2571 v.
753 2546 791 2581 p.
814 2538 895 2573 215.
915 2535 1045 2580 Lind„
1070 2540 1201 2571 neutro
1230 2536 1312 2572 loco
1341 2537 1524 2584 gravibus
1545 2548 1674 2574 eorru-

239 2590 349 2636 ptelis
370 2593 511 2634 carent,
532 2589 716 2626 editorum
735 2591 920 2638 imperitia
939 2603 987 2628 ex
1004 2597 1111 2642 parte
1130 2593 1263 2637 auctis,
1282 2603 1506 2641 quamquam
1521 2598 1672 2631 senten-

241 2646 291 2682 tia
314 2646 404 2682 satis
424 2647 537 2693 plana
556 2650 634 2690 est,
655 2657 696 2682 re
720 2647 804 2694 ipsa
828 2648 987 2685 docente
1006 2650 1069 2696 agi
1089 2649 1138 2685 de
1160 2652 1286 2696 strage
1306 2650 1585 2687 classiariorum
1605 2651 1672 2686 Mi-

238 2701 408 2738 thridatis
428 2702 528 2750 apud
553 2702 742 2749 Cyzicum.
765 2723 815 2730 —
845 2705 1078 2753 Fraymentis
1101 2706 1318 2742 coniectura
1342 2710 1402 2743 est
1419 2707 1575 2742 Mereeri
1602 2717 1671 2753 pro

238 2756 454 2805 framuh,
490 2758 592 2807 quod
620 2758 733 2796 codd.
762 2762 960 2808 praebent,
996 2762 1170 2809 quodque
1205 2762 1242 2797 in
1269 2763 1432 2811 vulgatis
1461 2763 1552 2799 Sall.
1581 2762 1671 2799 edd.
