1774 3002
181 145 264 186 268
672 150 711 187 C.
738 150 968 188 SALLUSTI
992 150 1142 188 CRISPI

181 275 269 319 tate
302 276 604 332 praevertere,
656 275 826 320 mittere
870 275 1046 321 nuntios
1084 311 1133 321 ..
1173 293 1261 338 qua
1307 293 1451 340 neque
1501 295 1526 325 e
1565 316 1574 325 .
1618 290 1684 326 ,19

182 371 342 417 aymen
388 371 437 402 se
483 372 506 403 c
535 393 543 402 .
573 393 582 402 .
617 393 626 403 .
660 373 682 403 s
732 358 882 403 crudel
909 394 918 404 .
952 395 961 404 .
994 395 1004 405 .
1052 363 1290 420 occupatos
1329 375 1357 406 a
1379 397 1390 406 .
1419 396 1429 406 .
1476 362 1628 422 gravis

182 441 339 501 pler..
388 441 509 486 illum
551 440 662 486 diem
695 478 705 487 .
741 476 751 486 .
792 444 961 488 noctem
1008 443 1072 489 ibz'
1102 480 1111 489 .
1140 480 1149 489 .
1178 478 1188 489 .
1220 458 1242 489 s
1287 444 1505 504 duplicato
1532 480 1542 490 .
1573 481 1582 490 .
1615 481 1626 491 .

183 540 309 570 orum
351 539 537 570 numero
570 560 579 569 .
607 560 616 569 .
649 560 658 569 .
690 524 840 586 prima
878 541 975 572 cum
1009 527 1104 574 luce
1132 564 1142 573 .
1171 564 1180 573 .
1208 564 1217 573 .
1258 528 1300 573 in
1331 543 1486 589 campo
1522 531 1686 576 satz’s20

292 667 325 707 ς.
349 666 404 702 19.
435 675 509 711 qua
529 660 664 712 neque)
714 664 813 700 Haec
835 667 951 702 verba
974 669 1007 702 et
1029 674 1124 714 quae
1147 670 1350 714 sequuntur
1380 671 1516 704 octava
1541 679 1627 704 con-

179 722 339 757 tinentur
363 720 505 756 codicis
527 721 611 756 Vat.
643 722 828 756 columna.
879 722 981 767 Quae
1001 734 1113 770 quum
1136 724 1286 770 quintae
1316 735 1363 759 ex
1385 725 1501 760 altera
1520 729 1626 772 parte

179 777 420 824 respondeat,
445 789 519 813 non
539 778 663 813 minus
685 789 795 825 quam
820 778 882 814 illa
912 779 1092 816 lacunosa
1123 785 1192 824 est,
1221 791 1340 827 neque
1362 783 1486 828 potest
1515 781 1552 816 in
1573 782 1624 817 in-

178 839 321 882 tegrum
350 834 504 870 restitui.
567 834 750 878 Quantum
784 838 910 871 tamen
951 847 999 872 ex
1023 836 1188 883 abruptis
1229 838 1384 885 syllabis
1407 841 1442 873 et
1470 838 1624 874 vocibus

176 891 310 928 coniici
332 892 428 936 licet,
452 890 651 928 Sallustius
677 891 749 927 hoc
771 892 852 927 loco
874 894 1052 938 narravit,
1075 892 1308 940 Spartacum,
1330 905 1402 941 quo
1428 904 1624 931 servorum

177 948 404 985 facinoribus
431 947 581 983 modum
606 949 757 993 faceret,
788 959 862 985 non
892 949 987 985 ultra
1008 960 1120 986 unum
1147 949 1244 986 diem
1266 954 1301 986 et
1330 951 1534 987 insecutam
1559 963 1624 987 no-

175 1009 270 1041 ctem
301 1005 338 1040 in
367 1005 466 1040 Anni
491 1005 586 1040 Foro
613 1009 884 1041 commoratum
913 1006 1026 1042 valde
1058 1009 1165 1042 aucto
1198 1006 1438 1054 fugitivorum
1467 1018 1622 1043 numero

174 1062 328 1098 ulterius
350 1061 585 1108 processisse
616 1062 800 1108 aliamque
825 1063 1015 1109 regionem
1045 1063 1214 1110 petiisse.
1235 1085 1290 1089 —
1313 1064 1456 1100 Primus
1478 1065 1622 1100 colum-

174 1130 245 1155 nae
277 1129 410 1155 versus
439 1122 536 1154 totus
559 1117 710 1153 excidit.
755 1119 811 1154 Ex
827 1119 995 1155 secundo
1020 1120 1054 1155 in
1077 1119 1150 1155 fine
1173 1124 1345 1166 superest
1366 1115 1621 1166 ...UANEQ·‚

174 1175 276 1222 quod
299 1175 543 1222 Kreyssigius
573 1177 671 1210 recte
694 1176 849 1212 mutavit
880 1176 916 1210 in
941 1187 1014 1224 qua
1033 1186 1159 1223 neque.
1205 1195 1255 1201 —
1295 1177 1334 1212 In
1361 1187 1476 1213 versu
1502 1179 1624 1215 3—4

174 1232 296 1268 Maius
328 1233 417 1278 legit
445 1230 608 1267 MENSE
629 1224 647 1285 ΙΙ
669 1230 697 1267 Ο
719 1258 727 1266 .
745 1259 753 1267 .
770 1241 802 1276 .;
839 1232 1065 1269 Niebuhrius
1095 1232 1278 1270 MENSU·
1299 1228 1317 1286 ΙΙ
1337 1234 1366 1271 Ο
1386 1259 1396 1269 .
1415 1260 1424 1270 .
1443 1244 1475 1278 .;
1514 1234 1620 1270 nobis

174 1299 304 1337 aymen
331 1298 371 1324 se
402 1289 523 1335 magis
554 1288 689 1334 placet.
729 1309 776 1313 —
817 1288 942 1324 Versu
971 1291 1049 1326 4—
1066 1294 1087 1327 5
1117 1293 1173 1325 est
1201 1288 1387 1326 SCRUDE
1407 1284 1426 1342 ΙΙ
1446 1291 1471 1325 L
1491 1317 1500 1325 .
1519 1318 1527 1326 .
1545 1314 1555 1325 .
1585 1291 1621 1326 in

172 1347 307 1392 quibus
331 1346 390 1382 vel
412 1344 588 1381 adiectivi
609 1344 769 1380 crudelis
794 1345 853 1380 vel
885 1346 1106 1382 substantivi
1125 1346 1326 1382 crudelitas
1356 1347 1480 1393 aliqua
1503 1347 1622 1382 forma

173 1403 274 1439 latet.
315 1422 372 1427 —
412 1403 536 1437 Versu
565 1403 687 1439 5--6
709 1401 795 1437 cod.
827 1402 911 1437 Vat.
935 1402 1048 1439 habet
1072 1429 1080 1437 .
1101 1429 1110 1438 .
1125 1402 1314 1445 UPATOS
1334 1398 1352 1454 Η
1373 1403 1408 1438 Α
1426 1428 1436 1438 .
1455 1430 1462 1438 .
1507 1414 1616 1450 quam

172 1463 314 1506 partem
336 1470 423 1495 esse
445 1457 727 1494 OCCUPATOS
751 1458 936 1505 participii
962 1470 1028 1506 per
1051 1470 1091 1495 se
1112 1462 1227 1506 patet.
1268 1459 1391 1496 Minus
1412 1463 1512 1496 recte
1534 1460 1618 1495 Nie-

172 1516 326 1552 buhrius
349 1516 439 1563 legit
464 1542 473 1550 .
492 1542 500 1549 .
521 1541 529 1550 .
542 1514 719 1551 UBAIOS
741 1509 759 1567 Η
779 1515 811 1550 Α
831 1541 839 1550 .
858 1542 867 1549 .
913 1537 969 1542 —
1003 1516 1127 1552 Versu
1147 1519 1169 1555 6
1189 1537 1226 1542 -
1243 1517 1265 1556 7
1286 1519 1401 1552 restat
1425 1516 1618 1553 GRAUIS—

173 1573 259 1608 PLE
279 1567 296 1624 11
317 1572 349 1607 R
368 1598 376 1607 .
395 1599 428 1608 ..
452 1593 507 1597 —
524 1572 649 1606 Versu
677 1573 795 1610 7—{3
815 1571 898 1607 cod.
920 1573 1003 1608 Vat.
1028 1599 1037 1608 .
1051 1572 1285 1609 ..ILLUMDI
1306 1567 1324 1626 ΙΙ
1344 1573 1436 1618 ΕΜ;
1458 1591 1514 1599 -
1531 1573 1617 1608 Nie-

170 1629 325 1665 buhrius
335 1628 527 1664 ILLUMDI
548 1621 565 1680 Η
585 1626 648 1662 ΕΑ
669 1653 699 1662 ..
717 1654 726 1663 .
746 1647 803 1681 f—
825 1628 948 1664 Versu
962 1631 1065 1668 8-9
1077 1628 1463 1666 cod.Vat.NOCTEM
1484 1625 1501 1682 ΙΙ
1522 1629 1567 1666 lB
1581 1655 1590 1664 .
1609 1656 1617 1665 .

171 1685 416 1733 Kreyssigius
438 1685 555 1721 fuisse
587 1684 819 1730 suspicatur:
859 1686 959 1720 illum
985 1686 1078 1721 diem
1104 1690 1146 1721 et
1168 1687 1437 1732 proximam
1465 1689 1616 1723 noctem.

173 1763 225 1769 —
245 1743 370 1778 Versu
389 1744 534 1784 9-10
561 1739 646 1775 cod.
670 1740 756 1776 Vat.
781 1740 945 1777 SDUPLI
966 1735 984 1793 Η
1005 1740 1067 1777 CA
1082 1769 1090 1775 .
1106 1768 1115 1777 .
1131 1754 1163 1787 ‚3
1185 1762 1239 1767 ——-
1259 1741 1482 1778 Niebuhrius
1503 1741 1618 1779 ODU—

171 1800 241 1835 ΡΜ
263 1793 281 1851 Η
303 1798 376 1835 CA.
403 1819 454 1824 —
486 1796 610 1833 Versu
630 1800 807 1835 10—11.
829 1797 913 1834 eod.
936 1798 984 1833 V.
1008 1796 1262 1834 ..ORUMNU
1281 1791 1299 1849 ΙΙ
1319 1798 1387 1833 ΜΕ
1510 1798 1615 1834 Hunc

172 1859 324 1893 versum
359 1854 603 1902 Kreyssigius
635 1853 722 1888 olim
747 1854 969 1900 expleverat
992 1855 1191 1901 duplicato
1218 1858 1514 1891 armatorum
1545 1865 1614 1890 nu-

171 1923 294 1953 mero;
312 1915 445 1960 postea
466 1910 618 1957 recepit,
644 1909 745 1956 quod
766 1921 837 1957 ego
859 1911 896 1946 in
918 1909 1096 1947 Seebodii
1117 1910 1212 1946 Bibl.
1235 1909 1321 1946 Crit.
1343 1921 1378 1947 a.
1398 1913 1503 1950 1830.
1530 1909 1615 1947 Vol.

170 1971 213 2005 ll.
242 1981 281 2016 p.
311 1971 392 2008 507.
433 1978 627 2003 suaseram
665 1966 865 2013 duplicato
898 1966 984 2015 fere
1020 1967 1340 2015 fuqitivorum
1377 1977 1542 2004 numero.
1560 1986 1616 1994 ——-

173 2027 294 2062 Versu
316 2027 492 2063 11—12.
516 2022 598 2060 cod.
619 2023 666 2058 V.
690 2049 699 2058 .
713 2022 938 2060 .R1MACU”
957 2017 974 2076 Η
996 2024 1055 2060 LU
1070 2050 1078 2059 .
1093 2051 1102 2059 .
1134 2025 1158 2059 i.
1181 2024 1351 2070 aprima
1370 2034 1452 2060 cum
1467 2024 1557 2070 luce,
1580 2027 1617 2059 ut

170 2082 416 2130 Kreyssigius
444 2085 544 2116 recte
575 2073 678 2124 vidit,
711 2080 794 2116 coll.
826 2080 946 2115 Plaut.
979 2079 1129 2125 Gist.11,
1152 2084 1184 2124 l,
1208 2082 1266 2118 49.
1309 2079 1394 2115 Ter.
1410 2078 1485 2116 Ad.
1511 2081 1558 2124 V,
1579 2082 1614 2125 3,

98 2164 99 2167 =
169 2143 228 2177 55.
252 2139 326 2175 Cic.
353 2137 425 2174 Off.
449 2137 508 2182 III,
528 2140 586 2181 31,
609 2140 689 2175 112.
725 2137 822 2183 Epp.
847 2136 895 2172 ad
921 2136 1107 2182 Attic.IV,
1129 2138 1164 2175 3.
1203 2135 1324 2172 Hand.
1349 2135 1508 2173 Tursell.
1529 2137 1614 2172 Vol.

167 2196 206 2231 ll.
238 2207 275 2242 p.
299 2196 379 2232 141.
400 2214 455 2220 —-
476 2194 601 2229 Versu
622 2197 666 2231 12
682 2214 721 2219 -
742 2196 800 2231 13.
825 2192 909 2229 cod.
932 2194 1018 2228 Vat.
1043 2221 1050 2228 .
1071 2219 1103 2228 ..
1117 2191 1314 2230 NCAMPO
1334 2185 1354 2244 11
1375 2191 1481 2232 SAT.
1513 2193 1615 2229 Haec

168 2252 294 2287 omnia
314 2261 426 2296 quum
450 2250 499 2285 ita
523 2249 680 2285 disiecta
708 2250 792 2293 sint,
815 2253 853 2284 ut
875 2254 1023 2295 praeter
1045 2249 1212 2296 singulas
1236 2259 1365 2292 voees,
1396 2260 1491 2296 quae
1512 2249 1615 2285 haud

169 2306 370 2344 difficiliter
390 2306 534 2342 restitui
555 2309 724 2352 possunt,
749 2306 814 2341 vix
834 2305 1032 2352 quicquam
1062 2316 1172 2341 eruas
1187 2332 1196 2350 ,
1226 2308 1350 2341 tamen
1374 2305 1411 2341 in
1441 2305 1613 2343 versibus

166 2365 312 2403 7-—13
336 2361 609 2406 resarciendis,
638 2361 900 2408 Kreyssigium
937 2362 972 2397 in
1005 2361 1194 2398 nonnuliis
1229 2365 1417 2397 auctorem
1449 2365 1614 2405 secutus,

166 2420 376 2468 periculum
402 2419 471 2453 feci
490 2417 582 2453 hoc:
612 2417 690 2453 Per
706 2418 807 2453 illum
829 2417 927 2452 diem
948 2422 983 2453 et
995 2421 1221 2464 proxumam
1235 2422 1382 2453 noctem
1404 2418 1456 2454 ibi
1471 2418 1618 2454 retinuit

167 2475 537 2522 suos,duplicatoque
554 2473 791 2521 fuyitivorum
817 2484 971 2510 numero
985 2475 1181 2522 profectus
1193 2474 1319 2521 prima
1339 2485 1424 2510 cum
1438 2474 1519 2510 luce
1531 2484 1616 2510 con-

164 2534 252 2570 stitit
267 2533 304 2568 in
328 2542 462 2578 campo
489 2531 578 2567 satis
597 2555 606 2565 .
624 2556 632 2564 .
654 2541 687 2574 .;
709 2528 778 2565 sed
801 2541 875 2565 non
899 2534 1037 2566 tantum
1058 2530 1143 2566 huic
1165 2530 1400 2566 coniecturae
1423 2531 1556 2575 tribuo,
1576 2534 1614 2566 ut

167 2588 205 2626 in
226 2592 364 2625 textum
387 2586 643 2634 recipiendam
673 2587 896 2622 censuerim.

283 2648 317 2688 §-
339 2648 398 2682 20.
423 2670 433 2679 .
453 2653 565 2680 ..nos
594 2642 788 2689 aedificiis)
814 2641 905 2678 Cod.
931 2643 1014 2678 Vat.
1039 2668 1048 2678 .
1064 2670 1072 2677 .
1088 2641 1306 2679 NOSEDIFI
1324 2635 1342 2694 n
1364 2639 1436 2678 CIS
1451 2667 1460 2676 .
1474 2667 1482 2676 .
1513 2641 1614 2677 Haec

168 2704 286 2741 verba
314 2700 448 2736 ceteris
478 2711 523 2736 eo
553 2702 638 2736 sunt
664 2699 906 2744 obscuriora,
941 2699 1042 2745 quod
1078 2698 1249 2735 librarius
1274 2700 1399 2744 aperte
1421 2697 1457 2732 in
1479 2697 1617 2744 edificis

168 2770 262 2795 voce
283 2757 465 2804 peccavit.
498 2755 742 2792 Probabiliter
765 2755 912 2801 quidem
935 2755 1179 2802 Kreyssigius
1204 2754 1413 2800 suspicatus
1431 2757 1499 2797 cst,
1519 2754 1619 2790 aedi-
