1774 3002
0 170 6 216 ξ’
1606 157 1690 202 2⁹1

509 167 837 206 HlSTORiARUM
865 165 1170 204 FRAGMENTA.
1219 166 1304 202 LIB.
1331 166 1390 201 ln.
1431 223 1439 226 ᾖ

196 310 247 345 24
255 291 497 354 potestatis.
549 292 738 347 Verum,
769 290 979 346 Quirites,
1009 294 1139 339 antea
1161 289 1326 350 singuli
1360 288 1482 335 cives
1511 287 1556 333 in
1583 287 1688 347 plu-

242 375 391 431 ribus,
419 390 507 421 non
533 376 579 421 in
603 390 692 421 uno
717 375 858 420 cuncti
889 373 1108 434 praesidia
1131 373 1378 428 habebatis,
1401 387 1544 433 neque
1564 386 1687 418 mor-

190 457 398 504 ztalium
421 458 653 522 quisquam
682 459 788 505 dare
814 460 890 503 aut
910 457 1081 517 eripere
1106 457 1211 503 talia
1235 471 1351 502 unus
1375 458 1562 517 poterat.
1597 454 1687 500 lta-

249 556 335 603 que
363 541 600 588 verborum
631 542 739 588 satis
769 541 931 587 dictum
962 543 1043 588 est.
1093 541 1246 602 Neque
1280 540 1395 586 enim
1438 538 1686 602 ignorantia

188 638 319 674 nores
370 624 554 681 claudit,
594 638 748 671 verum
782 624 1014 684 occupavit
1041 624 1191 671 nescio
1230 638 1345 685 quae
1373 637 1458 670 vos
1484 621 1686 681 torpedo,

246 721 334 769 qua
387 722 476 754 non
526 707 671 769 gloria
717 708 950 759 movemini
1006 723 1149 770 neque
1198 707 1390 768 flagitio,
1442 708 1686 766 uinctaque

246 845 467 894 Fragmento
484 845 581 891 (Ine.
603 847 694 892 74.),
718 845 818 893 quod
845 846 976 882 iterum
993 845 1043 882 ad
1062 846 1104 891 11,
1124 850 1160 891 3,
1176 847 1236 884 38.
1258 845 1389 882 attulit.
1416 843 1596 880 claudere
1616 853 1685 890 pro

246 901 458 938 claudicare
475 902 584 938 etiam
601 901 693 938 dixit
713 901 843 939 Cicero
863 901 974 939 Tusc.
997 902 1043 947 V,
1060 904 1097 948 8,
1116 905 1174 943 22.
1207 902 1365 939 Beatam
1383 900 1511 945 vitam,
1529 901 1637 936 etiam
1653 901 1689 936 si

245 968 296 994 ex
313 959 435 1006 aliqua
457 962 572 1006 parte
591 959 865 1004 clauderet,
893 963 1013 995 tamen
1032 969 1083 995 cx
1105 960 1213 995 multo
1233 960 1373 996 maiore
1390 961 1507 1004 parte
1526 956 1687 993 obtinere

244 1024 375 1051 nomen
394 1025 519 1059 suum,
550 1015 611 1051 ubi
637 1026 673 1052 v.
694 1015 859 1051 Kuhner.
884 1015 939 1052 ld.
960 1016 1059 1052 orat.
1082 1020 1140 1060 51,
1163 1017 1245 1054 170.
1268 1014 1366 1059 Ωιιίἀ
1382 1018 1447 1058 αἱ,
1467 1024 1537 1050 cur
1555 1012 1686 1049 clau-

244 1070 358 1107 dere
376 1075 441 1107 aut
462 1072 629 1108 mter-e
657 1073 856 1108 orau’cmem
884 1073 1036 1108 malint?
1068 1072 1172 1108 Brut.
1195 1075 1262 1117 59,
1281 1073 1364 1110 214.
1401 1069 1449 1106 In
1468 1079 1686 1118 quacunque

239 1130 352 1174 parte
369 1138 445 1164 una
460 1128 579 1174 plane
595 1128 866 1172 clauderet,
895 1134 1024 1166 orator
1049 1138 1131 1166 esse
1155 1140 1230 1165 non
1250 1131 1390 1176 posset.
1418 1127 1467 1164 cl.
1494 1126 1684 1163 Drakenb.

243 1183 292 1220 ad
321 1183 401 1222 Liv.
421 1183 542 1229 XXII,
566 1186 626 1228 39,
647 1187 684 1222 3.
705 1185 803 1221 inl'ra
820 1185 881 1221 Fr.
904 1185 963 1231 111,
981 1188 1040 1225 ω.

354 1243 390 1283 s.
410 1243 469 1279 26.
488 1252 562 1288 qua
583 1251 656 1277 non
674 1242 795 1288 aleria
814 1243 1020 1287 movemini)
1048 1243 1117 1279 Pro
1139 1253 1225 1289 qua,
1247 1241 1349 1288 quod
1364 1245 1465 1277 tenet
1485 1241 1570 1276 Vat.
1590 1245 1625 1279 1.
1647 1245 1683 1276 et

242 1299 293 1341 2„
313 1297 401 1333 olim
415 1298 605 1344 tegebatur
624 1299 722 1344 quia,
745 1308 793 1334 ex
816 1309 920 1335 mera
932 1299 1217 1346 interpolatione
1231 1298 1478 1343 librariorum,
1494 1298 1557 1344 qui
1579 1298 1683 1344 igno-

245 1357 390 1397 rarent,
420 1353 523 1388 haud
548 1364 632 1389 raro
660 1353 757 1390 duos
778 1355 962 1392 ablativos
992 1354 1166 1391 diversae
1186 1355 1380 1402 potestatis
1406 1354 1456 1390 ad
1475 1353 1574 1390 idem
1602 1364 1683 1389 ver-

244 1409 332 1445 bum
349 1410 547 1456 pertinere.
592 1409 671 1445 Hoc
691 1411 802 1457 igitur
826 1412 907 1447 loco
930 1423 1003 1459 qua
1023 1411 1073 1447 ad
1093 1411 1325 1458 torpedinem
1344 1412 1499 1447 relatum
1520 1420 1682 1447 caussae

246 1465 320 1501 vim
340 1465 463 1510 habet,
483 1467 602 1513 qloria
626 1470 662 1501 et
678 1467 816 1514 flagitio
838 1468 1090 1513 instrumenti,
1123 1479 1221 1515 quae
1240 1467 1395 1512 dicitur,
1416 1471 1601 1515 potestate
1620 1478 1684 1503 ca·

243 1521 420 1568 piendum
431 1532 443 1567 ;
466 1524 515 1558 cl’.
534 1523 659 1569 paullo
681 1534 795 1570 supra
815 1528 851 1567 S.
873 1528 929 1563 19.
988 1524 1088 1569 Qua
1106 1527 1182 1571 (sc.
1204 1524 1570 1572 lege-frumentaria)
1588 1525 1681 1571 qui-

241 1580 315 1614 nis
332 1590 396 1615 mo
406 1579 494 1614 diis
509 1579 703 1615 libertatem
719 1582 875 1616 anartium
890 1585 1150 1628 aesaunavere,
1164 1582 1226 1619 ubi
1242 1581 1437 1618 relativum
1445 1580 1682 1617 remotiorem

243 1645 418 1672 caussam
438 1634 634 1683 designat,
670 1637 761 1672 alter
782 1638 966 1675 ablativus
980 1639 1113 1686 pretii,
1150 1649 1246 1686 quae
1272 1637 1425 1683 dicitur,
1460 1640 1681 1685 potestatem

242 1691 367 1730 habet.
397 1691 534 1736 Fr.1V,
550 1695 606 1737 19,
620 1696 679 1730 15.
708 1692 973 1731 Multituditoem
994 1696 1115 1731 artis
1133 1693 1681 1743 locispuqnuprokibuere.

243 1747 291 1784 ib.
315 1748 378 1791 lv,
399 1750 457 1787 34.
516 1749 685 1785 Pluribus
709 1749 756 1785 (16
780 1749 852 1787 1ιο6
875 1763 945 1788 usu
965 1756 1123 1799 egerunt
1145 1751 1317 1788 Matthias
1336 1744 1397 1788 fad
1418 1750 1497 1788 Cic.
1523 1762 1563 1797 p.
1583 1750 1679 1786 Mur.

242 1815 276 1839 c.
293 1806 351 1848 40,
372 1805 433 1842 87.
482 1804 687 1841 Ellendtius
719 1805 769 1842 ad
795 1806 869 1843 Cic.
895 1807 943 1843 de
968 1808 1069 1846 Orat.
1091 1809 1150 1852 ΙΙΙ,
1171 1811 1228 1853 44,
1260 1809 1339 1847 174.
1390 1807 1613 1844 Kuehnerus
1630 1806 1680 1843 ad

243 1859 424 1904 Tuse.111‚
438 1865 491 1906 15,
500 1865 627 1899 31.--
647 1861 796 1907 Cuncta,
816 1863 841 1898 i.
855 1875 888 1898 e.
907 1864 999 1909 iura,
1021 1865 1239 1909 libertatem,
1260 1864 1477 1911 dignitatem
1501 1867 1679 1899 vestram.

243 1934 299 1940 -
324 1915 527 1952 Mmam'stis
554 1917 711 1953 Orellius
744 1923 845 1954 recte
874 1920 1132 1967 interpretatur
1160 1921 1367 1960 vendidistis
1391 1931 1467 1967 pro
1487 1920 1683 1966 praesenti

242 1972 406 2018 ἰρηαοία,
436 1972 539 2018 quod
567 1973 756 2010 hic-valet
780 1976 998 2022 neglexistis
1027 1978 1086 2013 vel
1106 1977 1316 2020 abiecistis,
1353 1981 1391 2012 ut
1411 1977 1447 2012 in
1467 1975 1680 2023 praesentia

245 2027 394 2074 ignavis
411 2027 515 2064 vobis
538 2040 624 2064 esse
643 2029 766 2066 liceat.
802 2031 1020 2079 Metaphora
1038 2032 1150 2069 ducta
1168 2044 1190 2068 a
1211 2033 1428 2078 mercando,
1445 2044 1557 2080 quum
1577 2031 1680 2068 aliud

249 2083 375 2128 datur,
407 2089 445 2120 ut
464 2084 564 2120 aliud
585 2085 809 2132 accipiatur3
852 2089 900 2126 cs.
922 2089 1002 2137 lug.
1023 2089 1149 2134 XLIV,
1174 2094 1211 2127 5.
1268 2090 1583 2137 Laezraepermnkvci
1597 2096 1686 2125 σωκ·

246 2139 412 2176 militibus
425 2142 573 2188 pecoris
588 2145 622 2177 el
636 2143 900 2190 mancipiorum
906 2146 1076 2191 praedas
1091 2156 1214 2193 aqere,
1232 2156 1253 2181 e
1262 2158 1285 2182 a
1294 2157 1379 2194 quc
1398 2158 1432 2182 m
1442 2150 1518 2182 uta
1529 2155 1580 2181 re
1596 2156 1679 2182 cum

246 2196 508 2233 mercatoribus
530 2199 634 2234 vino
661 2198 932 2236 advectitio.
974 2201 1066 2240 Hist.
1086 2203 1148 2238 Fr.
1168 2203 1195 2246 1,
1214 2206 1273 2247 51,
1293 2205 1328 2242 7.
1392 2202 1483 2250 Tum
1507 2206 1591 2238 erat
1606 2201 1679 2240 Le-

240 2252 354 2299 pidus
371 2253 466 2289 latro
487 2264 570 2290 cum
592 2274 647 2280 —
660 2257 795 2302 paucas
811 2257 968 2303 sicar-iix,
988 2270 1142 2306 quorum
1159 2269 1263 2295 nemo
1282 2271 1356 2296 nou
1376 2260 1544 2296 diurna
1567 2269 1679 2294 mer-

247 2309 357 2344 cede
384 2310 520 2345 nicam
548 2312 808 2348 mutaverit.
857 2312 961 2349 Catil.
994 2327 1029 2350 c.
1059 2315 1183 2359 LVIII,
1214 2319 1269 2354 15.
1331 2315 1443 2352 Nemo
1469 2317 1543 2351 nisi
1565 2317 1679 2352 victor

241 2374 367 2410 pace
397 2365 563 2402 bellum
590 2369 792 2404 mutavit.
832 2390 889 2396 —
921 2370 974 2405 De
993 2380 1072 2408 esse
1093 2372 1273 2408 infinitivo
1296 2372 1345 2407 ad
1366 2372 1573 2419 praedicati
1594 2373 1679 2408 sub-

248 2421 448 2457 stantivum
470 2421 670 2459 libertatem
686 2423 828 2460 omisso
849 2438 886 2462 v.
907 2426 957 2462 ad
976 2427 1004 2462 F
1006 2438 1124 2475 ragm.
1145 2429 1172 2472 1,
1189 2431 1248 2472 45,
1273 2431 1327 2467 19.
1365 2448 1415 2455 —-·
1456 2428 1550 2473 Qm'u
1563 2430 1680 2476 16²3]ss

246 2477 458 2513 abelmetur.
497 2477 673 2524 Spectant
692 2479 784 2516 haec
804 2481 854 2517 ad
873 2482 1003 2530 legem'
1018 2484 1199 2528 Porciam,
1224 2485 1271 2520 dc
1294 2495 1368 2531 qua
1386 2486 1514 2522 Livius
1522 2485 1570 2531 X,
1588 2489 1624 2530 9,
1640 2488 1677 2523 4,-

247 2533 383 2570 Porcia
411 2534 492 2580 lecc,
520 2534 655 2581 inquit,
680 2536 758 2572 sola
775 2549 851 2583 pro
874 2542 973 2586 ter-9⁰
1003 2541 1131 2576 civium
1160 2542 1236 2576 luta
1266 2542 1422 2586 m‘dctur,
1445 2543 1546 2589 quod
1572 2543 1681 2590 yram·

243 2599 386 2636 poena,
421 2591 455 2626 εἰ
484 2591 565 2637 quis
593 2591 820 2629 verberasset
844 2600 1051 2640 necassetve
1081 2598 1193 2634 civem
1214 2597 1442 2642 Romanum,
1467 2600 1605 2635 sanxit.
1627 2599 1677 2633 cs.

249 2645 354 2682 Catil.
374 2658 410 2682 c.
430 2646 484 2691 LI,
502 2650 562 2684 22.
582 2651 618 2682 et
638 2657 675 2683 v.
695 2647 835 2696 Zumpt.
857 2650 906 2686 ad
926 2650 1003 2687 Cic.
1023 2653 1133 2688 Vei-r.
1149 2653 1196 2698 V,
1216 2657 1276 2698 63,
1299 2657 1381 2693 163.
1395 2666 1433 2702 p.
1450 2657 1532 2694 978.
1555 2655 1677 2691 Reinii

247 2702 309 2738 lus
330 2702 435 2738 Rom.
454 2703 552 2749 priv.
576 2715 615 2750 p.
635 2705 695 2741 44.
731 2724 789 2731 -
822 2705 948 2744 Verba
965 2718 1119 2744 munera
1140 2710 1263 2746 ditium
1282 2710 1508 2748 dommorun-
1527 2711 1679 2758 apposi-

247 2758 357 2795 tionis
376 2759 414 2795 vi
433 2759 643 2796 referuntur
663 2759 711 2796 ad
730 2763 1001 2811 praecedentes
1018 2766 1313 2803 enunciationes.
1334 2767 1377 2804 ld
1393 2768 1681 2804 constructionis

1321 2828 1409 2870 19*
