1774 3002
137 144 222 188 346
645 149 685 186 C.
716 149 947 188 SALLUSTI
977 150 1127 189 CRISPI

783 339 873 375 CAP.
898 341 942 376 V.

235 409 303 442 Res
327 409 489 441 urbanae.
539 408 599 443 Cn.
627 408 761 441 Lentuli
786 410 936 442 censoris
966 410 1034 443 lex.
1060 429 1106 434 —-
1132 412 1216 445 Urbs
1246 417 1355 446 terrae
1383 417 1475 446 motu
1505 423 1585 446 con-

145 480 258 503 cussa.
278 488 326 493 —
350 470 506 503 Metellus
533 480 576 502 ex
600 470 766 514 Hispania
791 481 961 507 reversus.
995 491 1041 496 —
1065 473 1180 506 Crassi
1216 479 1248 506 et
1278 473 1432 517 Pompeii
1464 484 1585 507 consu-

144 532 244 564 latus.
271 549 317 554 —
338 532 520 574 Pompeius
547 532 659 575 plebis
684 531 837 565 favorem
861 535 1003 575 quaerit.
1030 553 1077 557 ——
1100 535 1192 567 Idem
1218 540 1418 579 potestatem
1443 535 1586 567 tribuni-

139 594 228 626 ciam
254 594 411 627 restituit.
437 611 483 616 ——-
509 593 688 626 Palicanus
711 594 837 635 aliique
856 595 982 627 tribuni
1004 595 1201 629 turbulenti.
1226 614 1273 620 —-
1297 596 1412 631 Crassi
1437 602 1469 630 et
1486 597 1586 630 Pom-

139 655 211 699 peii
235 655 403 689 simultas.
428 673 475 679 —-—
499 657 625 689 Verres
650 666 670 687 a
697 654 858 688 Cicerone
879 661 1068 690 accusatus.

275 795 349 876 50.
397 828 457 875 At
484 828 560 876 Cn.
593 830 806 878 Lentulus
836 829 1043 891 patriciae
1074 832 1242 892 gentis,
1270 832 1446 893 collega
1476 833 1586 888 eius,

140 995 223 1030 test.
252 991 332 1028 Hoc
354 1003 468 1029 unum
489 1002 565 1028 non
589 992 739 1029 videtur
759 991 924 1040 dubium,
947 994 1035 1041 quin
1058 993 1108 1030 ad
1130 1004 1256 1030 rerum
1278 993 1502 1031 urbanarum
1523 1007 1586 1032 ex-

138 1049 365 1098 positionem
385 1049 643 1096 pertinuerint.
683 1050 739 1086 Ex
759 1053 799 1086 at
816 1051 1000 1098 particula
1020 1050 1201 1087 coniicias
1219 1050 1258 1085 in
1278 1051 1586 1090 antecedentibus

140 1118 218 1143 rem
240 1105 461 1143 dissimilem
481 1108 543 1144 vel
568 1108 680 1154 plane
712 1108 933 1145 contrariam
967 1111 1153 1145 narratam
1174 1108 1291 1144 fuisse
1313 1106 1360 1143 de
1379 1108 1421 1144 L.
1445 1108 1584 1154 Gelli03

139 1164 239 1200 hunc
269 1164 369 1200 enim
400 1163 684 1212 intelligendum
712 1175 798 1201 esse
828 1166 928 1201 clare
956 1164 1158 1202 ostendunt
1186 1165 1304 1201 verba
1329 1165 1467 1213 collega
1494 1168 1584 1203 eius.

141 1221 271 1268 Neque
291 1223 414 1257 tamen
435 1221 509 1258 hoc
543 1221 590 1258 de
612 1222 809 1258 consulatu
831 1221 1055 1269 capiendum
1077 1224 1188 1268 put03
1217 1232 1327 1269 quem
1355 1222 1444 1269 quia
1473 1224 1583 1260 simul

141 1277 341 1326 gesserunt
370 1289 467 1314 anno
489 1280 548 1317 72.
568 1289 602 1314 a.
625 1277 714 1315 Chr.
733 1289 785 1325 n.,
800 1290 876 1315 non
893 1279 1084 1326 probabile
1104 1282 1162 1315 est
1179 1288 1258 1314 rem
1278 1289 1325 1315 eo
1345 1289 1442 1315 anno
1463 1282 1584 1317 actam

139 1337 271 1383 quarto
290 1334 384 1371 libro
405 1336 560 1372 relatam
585 1346 685 1372 esse.
744 1335 822 1372 Sed
843 1347 955 1383 quum
978 1339 1126 1383 praeter
1151 1336 1384 1372 consulatum
1414 1337 1585 1384 collegae

142 1394 275 1430 essent
287 1392 398 1428 etiam
418 1393 456 1428 in
477 1403 649 1438 censura,
676 1392 723 1428 de
744 1392 856 1429 huius
876 1393 1042 1429 muneris
1065 1393 1316 1438 consortione,
1339 1403 1434 1440 quae
1451 1392 1501 1430 ad
1521 1405 1586 1430 an-

142 1460 231 1485 num
260 1452 319 1489 70.
351 1461 388 1486 a.
418 1448 505 1486 Chr.
537 1461 574 1485 n.
596 1449 756 1496 pertinet
791 1451 848 1495 (v.
869 1450 1057 1487 Plutarch.
1086 1451 1124 1486 in
1151 1450 1282 1496 Pomp.
1314 1460 1348 1485 c.
1366 1453 1425 1489 22.
1448 1449 1524 1487 Cic.
1545 1451 1584 1487 in

141 1507 253 1542 Verr.
273 1506 321 1551 V,
341 1508 375 1552 7,
398 1506 487 1553 15.),
507 1507 618 1551 valet,
642 1506 746 1553 quod
764 1507 942 1546 Lentulus
964 1508 1110 1555 collega
1134 1506 1241 1542 Gellii
1264 1506 1410 1544 dicitur.
1428 1527 1485 1534 —
1505 1506 1583 1544 Pa-

141 1564 271 1600 triciae
288 1565 407 1611 yemis·
427 1564 729 1600 commemoratio
750 1563 855 1600 haud
876 1563 987 1601 dubie
1007 1567 1207 1612 propterea
1229 1563 1350 1609 saeta,
1380 1563 1482 1611 quod
1503 1563 1584 1601 Gel-

142 1621 236 1666 lius,
263 1620 322 1656 cui
347 1620 546 1667 opponitur
573 1620 748 1656 Lentulus
763 1649 772 1665 ‚
814 1621 892 1657 loco
911 1622 1073 1669 equestri
1094 1624 1203 1658 natus
1223 1620 1311 1665 fuit;
1345 1620 1393 1657 cf.
1417 1619 1492 1658 Cic.
1514 1633 1583 1668 pro

143 1675 246 1714 Sext.
267 1687 299 1712 c.
321 1680 378 1722 51,
405 1681 486 1715 110.
515 1697 564 1702 —
590 1677 657 1713 Cui
681 1678 758 1712 non
776 1678 934 1714 retertur
958 1678 1007 1714 ad
1025 1678 1237 1724 proximum
1256 1687 1412 1723 nomen,
1442 1676 1514 1714 sed
1533 1678 1585 1714 ad

143 1733 203 1779 id,
233 1733 336 1780 quod
354 1734 392 1770 in
415 1734 599 1769 sententia
625 1733 842 1780 primarium
871 1738 947 1780 est,
982 1734 1022 1770 h.
1050 1745 1085 1770 e.
1106 1733 1156 1770 ad
1176 1732 1368 1770 Lentulum
1377 1748 1390 1774 ,-
1418 1733 1450 1770 is
1486 1735 1584 1771 enim

144 1789 348 1828 Clodianus
367 1790 713 1838 cognominabatur,
724 1790 771 1826 cr.
787 1789 968 1837 Cic.Epp.
986 1789 1036 1827 ad
1050 1790 1162 1827 Attio.
1178 1789 1206 1834 I,
1217 1792 1273 1836 19,
1289 1790 1340 1826 in.
1357 1790 1444 1837 Ipsa
1459 1793 1583 1827 autem

143 1847 317 1884 vocabuli
330 1848 615 1884 formatestatur
631 1846 833 1894 adoptione
849 1858 935 1884 eum
950 1857 998 1883 ex
1008 1846 1165 1883 Claudia
1173 1850 1284 1894 gente
1299 1846 1583 1884 inLentulorum

144 1904 323 1941 familiam
342 1905 563 1950 transiisse3
594 1915 633 1941 v.
657 1908 823 1940 nostram
844 1907 969 1941 annot.
990 1903 1038 1940 ad
1058 1904 1158 1940 Vell.
1177 1903 1223 1948 ΙΙ,
1243 1907 1324 1951 115,
1340 1907 1374 1942 1.
1394 1915 1434 1950 p.
1449 1905 1533 1943 485.
1549 1907 1586 1941 et

144 1961 334 1998 Heineccii
356 1961 481 2009 Antiq.
501 1972 596 1997 rom.
619 1960 728 2009 Synt.
750 1961 777 2006 I,
800 1965 856 2006 11,
878 1964 935 2000 19.
955 1972 995 2008 p.
1016 1963 1098 1999 154.
1119 1960 1180 1997 ed.
1193 1959 1312 1998 Haub.
1333 1961 1382 1998 cf.
1399 1961 1583 2008 supraFr.

143 2018 187 2064 Il,
206 2020 264 2056 47.
286 2039 343 2044 ——
368 2018 643 2057 Slolidissimum
670 2029 716 2055 ac
735 2019 970 2056 vanissimum
995 2029 1061 2055 cur
1085 2021 1214 2054 auctor
1242 2020 1354 2054 vocet
1378 2017 1583 2062 Lentulum,

145 2087 220 2111 non
239 2077 350 2123 plane
377 2076 505 2123 liquet.
546 2076 670 2112 Possit
693 2086 784 2111 sane
805 2076 855 2111 ita
878 2075 1000 2112 dictus
1020 2075 1143 2112 videri
1164 2077 1316 2122 propter
1335 2075 1460 2122 legem
1483 2074 1584 2112 illam

146 2133 192 2168 ab
216 2144 261 2168 eo
282 2134 555 2180 promulgatam
566 2142 576 2178 ;
599 2132 667 2169 sed
687 2133 726 2168 in
745 2133 964 2170 universum
983 2132 1107 2179 potius
1126 2132 1175 2168 ita
1197 2142 1283 2169 eum
1298 2133 1463 2167 notatum
1480 2135 1584 2178 puto,

147 2188 249 2236 quod
269 2189 469 2227 Sallustius
491 2189 578 2226 odio
601 2190 637 2225 in
663 2201 749 2226 eum
766 2180 931 2232 serretur,
952 2190 1089 2236 quippe
1111 2189 1174 2235 qui
1193 2192 1230 2224 et
1244 2188 1338 2224 inter
1358 2199 1500 2235 paucos
1518 2199 1586 2235 po·

146 2249 265 2283 tentes
287 2249 389 2283 esset
410 2248 466 2292 (v.
489 2246 574 2283 Cic:
587 2258 626 2293 p.
646 2247 670 2282 l.
693 2247 793 2283 Man.
817 2249 876 2292 23,
895 2249 954 2285 68.
974 2257 1012 2293 p.
1034 2244 1177 2282 Cluent.
1196 2248 1254 2291 42,
1276 2245 1388 2292 118.),
1409 2255 1504 2292 quos
1522 2245 1584 2281 ille

147 2313 338 2350 nunquam
366 2314 440 2339 non
469 2303 632 2350 exagitat
657 2299 716 2353 (v.
739 2303 789 2343 ad
811 2302 914 2340 Catil.
941 2314 974 2338 o.
994 2301 1077 2346 XX,
1099 2300 1168 2351 7.),
1195 2305 1231 2338 et
1250 2312 1384 2338 censor
1411 2312 1587 2349 asperam

149 2370 348 2397 censuram
369 2361 529 2407 egisset,
552 2364 710 2406 quatuor
730 2363 766 2395 et
789 2360 984 2406 sexaginta
1004 2362 1137 2397 senatu
1154 2358 1288 2403 motis,
1315 2359 1361 2394 ct.
1383 2358 1466 2395 Liv.
1487 2358 1583 2405 Epit.

147 2415 309 2454 XCVIII.
331 2415 406 2453 Cic.
427 2428 466 2464 p.
489 2415 632 2453 Cluent.
652 2419 709 2461 42,
732 2419 810 2455 119.
830 2415 1161 2455 120.——Stolidum
1181 2415 1321 2452 Gellius
1341 2416 1367 2451 l.
1388 2416 1413 2451 l.
1435 2418 1584 2452 secutus

150 2474 406 2510 auctoritatem
427 2472 583 2520 Sulpicii
603 2472 832 2519 Apollinaris
861 2483 935 2508 non
960 2476 1034 2509 tam
1067 2473 1212 2510 stultum
1240 2472 1331 2508 dicit
1359 2471 1583 2519 significare,

151 2541 264 2577 quam
283 2534 414 2567 tetrum
433 2534 468 2566 et
485 2530 683 2574 molestum,
703 2530 728 2565 i.
743 2541 776 2566 e.
800 2531 845 2565 ab
868 2531 965 2565 omni
987 2529 1213 2565 humanitate
1233 2529 1396 2564 alienum
1413 2527 1585 2574 (ennoe-

151 2586 282 2623 derlin.
307 2587 519 2635 Synonym.
536 2587 613 2622 Lat.
634 2586 718 2621 Vol.
744 2586 808 2622 IV.
828 2597 866 2633 p.
890 2586 991 2630 229.)
1011 2597 1146 2624 vanum
1173 2589 1296 2622 autem
1324 2596 1408 2621 esse
1433 2583 1583 2621 mda-

152 2653 240 2690 cm,
256 2644 409 2691 infidum
429 2647 465 2680 et
480 2645 572 2681 levia
590 2643 787 2690 inaniaque
801 2654 875 2690 pro
893 2644 1066 2690 yravibus
1087 2647 1121 2679 et
1141 2643 1238 2680 veris
1256 2642 1472 2678 astzaissime
1490 2651 1586 2677 com-

146 2704 355 2749 ponentem.
378 2721 434 2726 —
456 2701 651 2748 Emptores
668 2700 844 2737 bonorum
864 2704 960 2745 sunt,
982 2700 1043 2747 qui
1058 2700 1354 2747 proscriptorum
1375 2699 1471 2734 bona
1491 2708 1590 2733 eme-

153 2761 247 2797 rant.
303 2758 408 2803 Quae
433 2758 591 2808 pecunia
613 2768 724 2806 quum
744 2757 780 2792 in
803 2756 988 2792 aerarium
1018 2756 1269 2805 redigeretur,
1289 2765 1312 2790 a
1329 2755 1432 2792 Sulla
1453 2759 1588 2801 autem,
