1774 3002
0 0 276 126 fww'

209 277 369 324 mansit
400 289 489 321 una
524 288 599 320 res
632 273 786 327 modo,
825 284 939 332 quae
976 268 1196 329 utrimque
1238 264 1440 327 quaesita
1475 266 1563 318 est,
1604 265 1648 308 et

206 368 358 422 erepta
379 361 423 406 in
454 360 702 419 posterum,
735 354 806 400 vis
835 351 1084 407 tribunicia,
1108 351 1245 397 telum
1270 366 1298 396 a
1319 347 1558 395 maioribus
1589 346 1647 392 li-

152 444 357 495 13bertati
400 443 614 504 paratum.
671 439 799 494 Quod
834 452 924 499 ego
963 450 1049 481 vos
1085 449 1244 482 moneo
1281 443 1560 494 quaesoque,
1602 432 1648 474 ut

206 524 588 580 animadvortatis,
624 538 710 569 neu
741 520 918 568 nomina
951 533 1097 565 rerum
1123 518 1180 564 ad
1211 515 1436 579 ignaviam
1454 515 1648 583 ,mutan-

208 614 277 658 tes
293 610 441 657 otium
467 623 549 669 pro
580 606 761 665 servitio
797 603 1043 663 appelletis.
1089 602 1188 658 Quo
1221 600 1305 647 iam
1337 599 1435 660 ipso
1472 596 1580 653 frui,
1610 595 1649 643 si

482 147 813 188 HISTOMARUM
840 143 1153 182 FRAGMENTA.
1210 142 1296 178 LIB.
1325 141 1384 177 111.
1561 132 1644 176 281

206 772 309 808 aliud
326 771 465 807 telum
477 773 610 816 patres
629 769 837 804 inventuros
857 774 946 801 esse.
971 763 1026 800 ld.
1045 765 1091 800 111
1104 792 1113 808 ‚
1133 765 1179 802 69
1191 791 1199 806 ,
1220 766 1254 800 2.
1283 759 1457 797 Iuventus
1470 760 1649 795 detrecta-

206 829 339 864 tionem
357 827 505 863 milwae
529 826 667 862 telum
685 823 909 859 acerrimum
923 821 1102 857 adversus
1117 823 1251 867 patres
1268 817 1405 854 habere
1427 817 1533 853 solita
1555 819 1648 851 erat.

321 887 358 927 s.
382 886 439 922 13.
464 881 569 927 Quod
592 891 656 928 eqo
683 890 746 916 vos
765 888 891 915 moneo
919 887 1145 925 quaesoque,
1173 879 1212 912 ut
1233 873 1553 916 animadvortatis)
1581 872 1650 908 lis-

210 941 295 978 dem
316 941 429 988 plane
446 939 574 980 verbis
595 940 722 973 auctor
743 947 834 972 usus
855 939 913 971 est
931 934 969 970 in
988 935 1058 981 Ep.
1085 932 1273 979 Pompeii,
1288 932 1440 978 Fragm.
1459 930 1522 974 111,
1543 931 1652 976 1‚8.‚

210 1007 331 1044 neque
350 997 507 1033 multum
528 993 694 1031 diversis
712 993 750 1028 in
774 1003 830 1027 or.
855 991 1016 1038 Philippi
1037 990 1072 1036 I,
1093 994 1159 1034 51,
1181 991 1218 1028 9.
1238 988 1356 1024 Etiam
1377 987 1549 1034 proxima
1567 996 1654 1022 sen-

210 1053 326 1094 tentia
341 1063 416 1089 neu
436 1052 585 1088 nomina
606 1060 734 1086 rerum
753 1051 822 1084 etc.
842 1047 1012 1084 similiter
1032 1047 1178 1094 prolata
1199 1049 1255 1081 est
1275 1055 1298 1080 a
1321 1043 1461 1080 Catone
1485 1043 1523 1079 in
1544 1040 1652 1078 Catil.

209 1121 245 1146 c.
263 1110 347 1155 LII,
365 1113 422 1148 11.
442 1127 499 1133 ———
517 1107 578 1143 Ad
595 1107 799 1154 ignaviam,
821 1105 846 1140 i.
860 1115 896 1139 e.
919 1103 1127 1140 secundum
1149 1101 1339 1149 ignaviam
1358 1103 1544 1145 vestram,
1565 1109 1654 1134 con-

211 1170 389 1214 gruenter
416 1164 592 1212 ignaviae
623 1166 795 1205 vestrae;
825 1161 874 1197 el'.
907 1161 1028 1197 Hand.
1066 1159 1114 1195 de
1138 1158 1298 1195 Particc.
1328 1158 1406 1193 Lat.
1435 1156 1524 1192 Vol.
1555 1156 1584 1192 1.
1613 1167 1651 1202 p.

212 1224 278 1262 107
298 1233 355 1269 sq.
374 1221 410 1269 §.
430 1225 466 1259 2.
488 1219 563 1256 Cic.
583 1220 679 1266 Epp,
701 1218 750 1254 ad
766 1218 794 1254 F
797 1228 908 1254 amm.
929 1217 1020 1262 XV,
1041 1219 1077 1255 6.
1102 1215 1164 1252 Aa
1180 1225 1298 1251 meum
1317 1223 1464 1250 sen-mm
1485 1216 1521 1249 et
1537 1212 1590 1248 ad
1609 1212 1652 1248 i!-

210 1279 471 1316 mmmmm
488 1286 536 1312 ac
555 1276 682 1313 subtile
703 1275 884 1322 maenium
898 1273 989 1310 nihil
1000 1277 1121 1320 potest
1136 1282 1216 1308 esse
1229 1271 1467 1315 laudabilius,
1485 1280 1596 1316 quam
1609 1278 1654 1305 ea

213 1340 278 1372 tua
304 1336 434 1372 oratio.
465 1353 515 1360 —
550 1333 666 1370 Oti-un
685 1342 762 1379 pro
786 1331 934 1367 servitio
957 1330 1169 1377 appelletis,
1200 1329 1224 1364 i.
1248 1338 1280 1362 e.
1306 1326 1422 1373 otium
1443 1326 1654 1373 appelletis,

212 1391 315 1439 quod
333 1390 527 1427 servitium
547 1387 814 1436 appellandum
833 1390 901 1422 est.
925 1406 981 1411 —
1000 1386 1137 1422 Verbis
1159 1394 1249 1421 vera
1272 1386 1314 1423 et
1328 1383 1481 1420 honesta
1511 1382 1572 1418 hic
1602 1382 1655 1418 si-

213 1447 410 1496 gnificatur
427 1447 485 1483 ius
504 1446 678 1482 liberta&
689 1444 793 1492 plebi
809 1455 834 1478 a
848 1443 1049 1479 maim-ibus
1061 1443 1237 1486 relietum,
1248 1441 1309 1476 cui
1330 1440 1529 1487 opponitur
1545 1439 1654 1486 μαρί-

212 1504 496 1551 &Quavis
524 1498 1161 1549 ambiamus—Non
1192 1501 1246 1534 est
1269 1497 1451 1542 emidicio,
1473 1496 1498 1531 i.
1521 1507 1556 1532 e.
1581 1505 1657 1531 non

212 1562 264 1597 tea
282 1563 522 1608 compat-atae
538 1567 602 1595 res
620 1561 724 1602 siml,
745 1560 786 1593 ut
806 1556 892 1604 frui
908 1557 1080 1603 possitis,-
1107 1556 1189 1592 sive
1215 1554 1446 1600 simplicius,
1473 1552 1558 1600 frui
1582 1562 1657 1589 non

213 1618 312 1655 Καὶ.
328 1635 384 1644 ——-
403 1616 574 1652 hunnum
592 1615 787 1651 advortere
806 1625 860 1649 se.
890 1613 1035 1649 nobiles
1065 1611 1115 1648 ad
1145 1622 1210 1657 ea,
1240 1620 1337 1657 quae
1367 1609 1502 1656 agitis;
1522 1609 1656 1646 animo

214 1675 354 1710 intento
376 1677 474 1710 sunt.
503 1673 546 1708 In
574 1670 636 1707 ed.
659 1671 794 1706 Venet.
825 1680 873 1704 ex
892 1668 1178 1716 interpolatione
1203 1671 1260 1703 est
1288 1665 1657 1710 animum-advortite,

214 1730 316 1778 quod
335 1728 481 1766 Cortius
504 1732 541 1764 et
563 1726 792 1764 Gerlachius-
805 1725 867 1761 ed.
901 1726 988 1761 mai.
1015 1725 1225 1761 inconsulto
1247 1727 1485 1770 receperunt.
1504 1741 1564 1751 —
1585 1722 1656 1758 Pro

212 1787 392 1836 ,pravitate
411 1785 571 1823 Orellius
592 1786 632 1820 in
652 1783 713 1819 ed.
733 1782 848 1819 Oratt.
869 1786 905 1818 et
921 1781 1019 1829 Epp.
1043 1792 1077 1818 a.
1104 1784 1206 1820 1831.
1230 1791 1251 1815 e
1275 1780 1488 1816 coniectura
1508 1779 1659 1825 scripsit

210 1843 408 1891 probitate,
441 1841 543 1889 quod
565 1840 739 1878 codicum
759 1839 867 1875 lectio
894 1839 1124 1884 probabilem
1152 1848 1227 1873 non
1250 1836 1418 1872 admittat
1441 1836 1659 1882 interpreta-

217 1900 369 1935 tionem.
411 1897 482 1941 Qui
503 1898 585 1934 eius
606 1907 708 1932 error
731 1894 822 1930 inde
842 1894 969 1938 fluxit,
999 1893 1101 1940 quod
1128 1893 1197 1930 sibi
1223 1896 1467 1940 persuaserat
1495 1891 1658 1927 ablativo

218 1954 398 1991 contineri
418 1954 605 1990 obiectum
625 1950 915 1998 comparationis
936 1951 1031 1986 inter
1053 1951 1227 1986 &naariam
1251 1953 1288 1984 et
1316 1949 1399 1984 eius
1418 1947 1658 1984 eontrarium.

219 2010 298 2047 Sed
327 2009 485 2046 dubitari
511 2020 587 2044 non
614 2011 759 2055 potest,
789 2007 877 2053 quin
905 2007 1085 2054 yravitate
1119 2010 1220 2042 recte
1256 2015 1297 2040 se
1328 2004 1487 2048 habeat,
1521 2004 1659 2050 quippe

219 2066 320 2113 quod
341 2076 500 2102 caussae
520 2068 705 2112 potestate
722 2063 886 2110 positum
906 2062 1091 2109 significet
1105 2072 1181 2109 per
1197 2063 1427 2110 gravitatem.
1468 2060 1661 2097 Sententia

219 2123 319 2159 enim
338 2123 435 2159 haec
456 2126 532 2158 est:
553 2121 675 2157 omnis
695 2119 830 2155 iniuria
849 2121 924 2165 (se.
946 2129 1043 2166 quae
1062 2119 1237 2162 infertur)
1253 2118 1438 2165 gravitate
1458 2128 1529 2154 sua
1548 2118 1660 2153 tutior

220 2183 279 2215 est
298 2180 379 2224 (sc.
399 2189 510 2225 quam
528 2177 673 2214 infirma
692 2176 910 2223 patientia),
935 2176 963 2211 i.
982 2187 1017 2214 e.
1034 2186 1190 2221 omnes,
1211 2175 1274 2222 qui
1294 2174 1467 2210 iniuriam
1486 2174 1661 2219 inserunt,

221 2236 363 2272 viribus
388 2234 468 2271 suis
492 2235 645 2270 tutiores
668 2237 771 2277 sunt,
797 2243 909 2279 quam
931 2232 992 2279 qui
1012 2232 1216 2279 patiuntur.
1244 2231 1416 2268 Gravitas
1433 2230 1611 2273 hicvires
1627 2234 1663 2266 et

214 2292 416 2339 potentiam
435 2289 629 2337 designat,
651 2294 690 2326 ut
709 2288 811 2336 apud
830 2287 940 2325 Caes.
959 2288 1005 2324 B.
1030 2288 1072 2325 G.
1093 2288 1166 2333 IV,
1186 2291 1231 2332 3,
1251 2291 1288 2326 4.
1317 2287 1399 2324 Hos
1420 2298 1532 2334 quum
1552 2286 1664 2324 Saevi

214 2352 374 2396 propter
414 2347 686 2394 amplitudinem
719 2340 1097 2393 =vanitatemque
1130 2342 1282 2381 ctvitatnze
1306 2344 1442 2391 finibus
1472 2344 1662 2391 expellere

220 2415 295 2441 non
314 2405 540 2451 pomsssenu
565 2404 628 2440 ubi
658 2414 696 2438 v.
724 2403 885 2449 Herzog.
910 2401 1079 2438 Eandem
1105 2402 1327 2437 sententiam
1349 2400 1548 2438 Sallustius
1577 2399 1661 2436 aliis

222 2471 369 2508 quoque
390 2459 609 2496 turbulentis
629 2460 837 2502 oratoribus
858 2459 1001 2503 tribuit,
1022 2458 1124 2494 velut
1144 2457 1340 2500 Memmio,
1361 2457 1441 2503 lug.
1458 2456 1591 2499 XXXI,
1602 2458 1660 2494 14.

222 2517 284 2554 Ita
306 2527 418 2564 quam
437 2517 590 2562 quisque
610 2525 783 2562 pessume
802 2515 909 2562 fecit,
938 2518 1011 2550 iam
1035 2515 1196 2559 maxume
1223 2518 1319 2549 tutus
1339 2517 1416 2548 est.-
1437 2517 1474 2547 et
1503 2512 1659 2558 Lepido,

221 2574 370 2620 Fragm.
395 2571 488 2608 Hist.
510 2572 541 2615 l,
559 2574 683 2617 4526.
710 2571 787 2607 Per
804 2571 954 2607 sceleris
975 2572 1233 2607 humanitatem
1255 2569 1378 2605 adhuc
1398 2572 1495 2605 tutus
1511 2569 1660 2615 fuit.-

222 2630 348 2666 Artius
367 2628 565 2673 habebunt,
585 2639 639 2663 sc.
651 2638 731 2663 ,vos
741 2656 749 2668 ‚
773 2628 799 2663 i.
814 2628 992 2674 &magis
1004 2630 1268 2673 vosprement.
1278 2626 1326 2660 cf.
1340 2625 1419 2672 lug.
1432 2636 1466 2660 c.
1479 2624 1660 2667 LXXXV,

222 2687 283 2723 34.
312 2684 438 2732 Neque
463 2684 544 2720 illos
570 2687 675 2719 arte
700 2683 838 2729 colam,
855 2693 911 2719 me
937 2684 1141 2730 opulenter.
1180 2683 1298 2718 Plaut.
1326 2681 1433 2717 Asin.
1463 2681 1499 2725 Ι,
1526 2685 1567 2724 1,
1599 2682 1658 2718 63.

225 2740 451 2789 Quamquam
470 2741 568 2777 illum
589 2744 707 2776 mater
727 2744 832 2776 arte
852 2743 1085 2787 contenteque
1103 2737 1223 2775 habet.
