1774 3002
130 119 216 162 264
560 109 562 111 ’
613 123 653 159 c.
691 122 922 161 SALLUSTI
952 121 1103 161 CRlSPI

132 247 266 293 ribus.
318 248 386 294 Ac
414 247 559 293 statim
585 247 759 309 fugitivi
781 248 932 293 contra
961 250 1242 308 praeceptum
1275 248 1399 294 ducis
1423 264 1577 310 rapere
1589 271 1632 304 15

132 331 188 376 ad
224 333 422 391 stuprum
452 332 652 393 virgines
683 333 1002 392 matronasque.
1043 331 1098 376 Et
1130 331 1202 377 alii
1233 334 1381 379 onium
1414 331 1577 380 obvium

134 467 300 504 Sallustii
341 469 464 505 verbis
501 472 615 515 patet.
675 468 769 504 Tum
806 468 1117 505 Eburnianos
1146 472 1283 506 montes
1313 470 1460 519 fingens
1490 471 1577 508 inde

132 524 360 560 Alburnis
390 525 788 572 iupisemendandum
810 525 932 569 duxit,
963 526 1174 572 frustraque
1196 526 1242 562 de
1263 526 1431 565 Alburno
1454 533 1577 565 monte

134 579 309 627 disputat.
355 581 522 628 Denique
557 581 814 618 miserandum
850 582 886 617 in
925 581 1074 617 modum
1105 583 1218 618 multa
1247 582 1416 621 doctrina
1445 585 1577 621 multo-

134 648 206 683 que
238 638 409 673 acumine
447 637 613 674 adhibito
643 650 687 674 eo
727 638 895 683 devenit,
931 642 968 674 ut
1002 649 1081 674 rem
1115 639 1152 673 in
1180 639 1304 676 medio
1338 643 1575 689 relinqueret.

134 692 280 736 „Tanta
319 697 376 729 est
403 694 441 730 in
471 694 667 731 Gerlachio
696 695 944 731 inconstantia
975 695 1272 742 mutabilitasque
1300 699 1455 743 mentis,
1491 710 1577 735 cum

133 749 261 785 iudicii
290 751 538 797 perversitate
568 752 803 789 coniuncta.“
844 750 1047 788 KREYSS.
1075 772 1133 779 -—
1175 752 1235 788 Ad
1264 752 1378 790 Naris
1404 754 1578 791 Lucanas

133 806 169 841 in
205 805 289 841 cod.
325 807 409 842 Vat.
442 811 499 843 est
532 807 991 851 ADN.RISLUCANAS;
1029 819 1166 844 nomen
1204 809 1299 854 loci,
1332 810 1433 857 quod
1466 811 1576 848 etiam

133 866 325 909 comparet
349 863 385 898 in
410 863 551 900 Tabula
571 865 783 912 Peutinger.
807 864 933 911 Segm.
957 864 1035 910 VI.‚
1059 865 1215 901 restituit
1238 865 1519 904 Freinshemius
1536 871 1577 903 et

133 918 345 955 Bimardus.
367 939 423 946 —
451 921 551 956 Anni
577 921 718 958 Forum
751 921 844 956 alias
874 932 948 956 non
977 921 1165 968 cognitum
1191 925 1258 957 est.
1295 923 1576 960 Freinshemius

134 976 320 1011 substituit
338 976 461 1024 Popili
479 977 631 1022 Forum,
654 977 755 1024 quod
771 976 989 1013 Gerlachius
1006 978 1042 1012 in
1063 977 1124 1014 ed.
1142 978 1215 1013 mai
1236 979 1271 1014 in
1286 982 1421 1027 populi
1437 981 1577 1017 Forum

134 1033 311 1079 corrupit.
352 1052 407 1059 —-
447 1033 518 1069 Pro
558 1035 754 1070 cultoribus
782 1033 980 1070 Bimardus
1011 1038 1046 1069 et
1079 1033 1298 1071 Gerlachius
1328 1037 1365 1072 in
1398 1036 1457 1072 ed.
1488 1037 1574 1072 mai.

131 1087 270 1124 habent
297 1089 475 1124 cul..rib.
498 1110 554 1114 —
583 1090 814 1136 Quamquam
845 1090 952 1134 alibi,
981 1101 1016 1125 v.
1050 1102 1081 1125 c.
1109 1091 1206 1137 apud
1229 1091 1309 1127 Liv.
1331 1092 1496 1137 XXVIII,
1519 1097 1574 1137 11,

132 1147 168 1182 9.
191 1144 281 1181 Sall.
307 1145 387 1192 lug.
411 1157 443 1181 c.
466 1145 595 1190 XLVI,
618 1151 654 1184 5.
683 1145 844 1191 XLVIII,
867 1148 902 1183 4.
941 1146 1033 1182 Hist.
1058 1147 1115 1182 Fr.
1137 1147 1197 1190 ΙΙΙ,
1219 1149 1278 1187 74.
1305 1149 1385 1196 agri
1412 1150 1574 1185 cultores

133 1200 215 1236 sive
247 1201 437 1248 agricolae
463 1203 632 1238 absolute
662 1204 819 1239 cultores
840 1203 1032 1247 dicuntur,
1062 1202 1123 1238 hic
1153 1207 1276 1239 tamen
1308 1205 1441 1241 eodem
1463 1217 1575 1242 voca-

129 1257 218 1292 bulo
243 1258 383 1293 incolas
415 1256 620 1304 significari
650 1270 758 1294 nemo
790 1259 981 1295 dubitabit.
1018 1260 1065 1295 V.
1097 1259 1366 1297 Drakenborch
1403 1261 1465 1297 ad.
1495 1263 1574 1299 Liv.

130 1312 299 1360 XXVIII,
319 1317 376 1357 28,
397 1317 444 1358 6.‚
476 1319 511 1350 et
542 1315 634 1351 locis
667 1316 715 1351 ibi
747 1315 907 1351 laudatis
929 1314 1027 1350 adde
1047 1315 1181 1360 XXIV,
1205 1320 1260 1361 10,
1289 1321 1342 1356 12.
1382 1317 1574 1366 Sall.1ug.

131 1381 166 1404 c.
187 1368 303 1414 XVII,
325 1373 359 1409 7.
389 1370 482 1406 Hist.
503 1371 563 1406 Fr.
586 1372 612 1413 Ι,
633 1374 692 1411 86.
718 1371 778 1417 ΙΙΙ,
798 1374 858 1409 34.
884 1370 1086 1407 KREYSS.
1140 1376 1142 1379 ’

246 1429 281 1469 §.
303 1430 361 1464 15.
403 1427 458 1462 Ac
482 1429 601 1463 statim
618 1428 763 1475 fugitivi
780 1447 840 1454 -—
861 1430 1139 1475 matronasque)
1178 1429 1309 1466 Totum
1330 1429 1428 1466 hunc
1454 1431 1576 1467 locum

132 1487 306 1518 accurate
332 1483 393 1527 ita,
425 1487 464 1518 ut
484 1484 521 1519 in
551 1484 637 1519 cod.
660 1485 745 1520 Vat.
768 1488 910 1529 exstat,
941 1486 1055 1520 refert
1079 1486 1173 1520 Non.
1196 1486 1257 1531 Vl,
1281 1487 1337 1523 44.
1357 1498 1396 1533 p.
1417 1490 1497 1532 456,
1520 1491 1575 1525 15.

131 1538 245 1574 Merc.
268 1550 316 1575 ex
339 1539 476 1575 Histor.
499 1541 591 1576 libro
614 1541 670 1576 III.
699 1561 754 1566 —
791 1541 861 1576 Pro
883 1541 935 1576 ad
950 1545 1119 1588 stuprum
1139 1543 1296 1589 viryines
1318 1546 1577 1591 matronasque

131 1595 168 1629 ln
190 1594 275 1631 cod.
300 1595 472 1632 evanidis
494 1597 625 1642 paucis
656 1597 785 1633 litteris
812 1602 869 1632 est
899 1596 1276 1635 ADSTUPRUMUIR
1292 1625 1301 1634 .
1319 1625 1327 1634 .
1346 1599 1578 1636 NESMATR

130 1677 139 1685 .
158 1677 166 1685 .
184 1650 279 1695 ASQ
298 1662 330 1694 ·;
355 1671 404 1677 -—
431 1652 656 1688 Niebuhrius
681 1654 735 1688 sic
759 1653 867 1699 legit:
898 1653 1303 1691 ADSTUPRUMUIRG
1322 1681 1331 1690 .
1347 1655 1578 1692 NESMATR

130 1733 139 1742 .
160 1733 168 1742 .
188 1734 196 1742 .
219 1733 228 1742 .
247 1707 325 1752 SQ3
358 1708 556 1744 Bimardus
587 1710 796 1755 corruptius
819 1710 883 1744 AD
909 1708 966 1745 SE
997 1710 1147 1745 UIRUM
1164 1710 1245 1746 UIR
1262 1738 1270 1746 .
1292 1736 1301 1746 .
1320 1711 1411 1748 NES
1439 1711 1576 1747 MATR

161 1789 170 1798 .
189 1792 197 1800 .
218 1789 228 1799 .
287 1764 327 1799 In
350 1768 519 1800 extremo
542 1766 725 1801 vocabulo
745 1766 1025 1801 Freinshemius
1053 1770 1190 1801 matres
1222 1768 1336 1803 latere
1359 1769 1574 1814 suspicaba-

131 1824 210 1864 tur3
242 1831 363 1869 neque
385 1821 629 1868 Kreyssigius
657 1822 743 1857 olim
766 1822 805 1858 id
832 1822 1125 1868 improbaverat,
1155 1823 1241 1869 quia
1259 1828 1417 1859 matrum
1435 1827 1571 1860 matro-

129 1887 336 1924 narumque
367 1878 552 1913 vocabula
591 1877 694 1914 haud
718 1889 803 1914 raro
830 1878 1043 1925 promiscue
1074 1883 1323 1926 usurpantur,
1364 1880 1464 1917 velut
1492 1881 1573 1916 Liv.

129 1932 262 1977 XXVI,
285 1936 341 1977 13,
363 1937 418 1972 15.
478 1934 555 1970 Nec
576 1936 666 1982 rapi
687 1935 738 1970 ad
757 1939 925 1981 stuprum
946 1939 1124 1971 matres
1145 1935 1375 1984 Campanas,
1404 1938 1575 1985 viryines-

129 1999 200 2036 que
220 1994 256 2026 et
271 1991 446 2037 inqenuos
459 2000 612 2037 pueros.
671 1991 723 2027 ld.
744 1991 876 2035 XXIX,
899 1993 955 2036 17,
979 1996 1035 2030 15.
1059 1991 1149 2028 Sall.
1173 1991 1275 2029 Catil.
1293 2005 1327 2029 c.
1350 1994 1406 2038 LI,-
1425 1997 1476 2038 9.,
1505 1994 1575 2030 sed

130 2050 263 2092 postea
279 2057 467 2083 consensu
488 2047 595 2082 Nonii
619 2058 702 2083 cum
725 2047 810 2083 cod.
829 2048 915 2083 Vat.
930 2052 1121 2094 permotus
1143 2049 1233 2085 nihil
1253 2050 1471 2086 mutandum
1490 2062 1574 2086 cen-

131 2103 216 2139 suit.
238 2123 295 2129 —-
324 2102 515 2139 Residuae
537 2103 575 2138 in
606 2104 732 2139 ultimo
755 2105 949 2140 columnae
975 2115 1091 2141 versu
1120 2106 1263 2142 litterae
1293 2133 1303 2142 .
1323 2132 1333 2142 .
1351 2106 1574 2153 ‚ETALIIC,

130 2170 223 2206 quas
245 2159 470 2195 Niebuhrius
488 2160 610 2196 minus
633 2164 806 2196 accurate
827 2161 971 2207 legerat
990 2161 1186 2206 ETELUC,
1206 2163 1352 2208 expleri
1373 2168 1573 2210 nequeunt,

130 2216 302 2251 versibus
327 2215 474 2252 duobus
509 2216 750 2262 sequentibus
785 2218 1013 2263 interceptis.
1075 2217 1152 2253 Hoc
1189 2218 1443 2255 tantummodo
1470 2224 1574 2267 patet

130 2272 256 2309 verbis
280 2275 314 2308 et
331 2272 397 2307 alii
412 2272 643 2318 respondere
667 2272 763 2308 infra
784 2276 819 2315 §.
840 2275 896 2311 17.
918 2274 1008 2309 alii
1024 2275 1062 2309 in
1082 2277 1174 2310 tecta
1197 2275 1377 2311 iaciebant
1393 2277 1496 2323 tym's.

242 2331 276 2371 S.
290 2331 348 2366 16.
368 2338 467 2363 nunc
487 2331 666 2364 restantes
684 2331 719 2364 ei
733 2329 947 2374 illudebant)
967 2330 1033 2366 Hic
1049 2331 1154 2367 locus
1172 2342 1290 2378 usque
1311 2331 1361 2368 ad
1379 2333 1574 2369 omittentes

131 2384 222 2421 satis
236 2383 427 2420 difficilem
447 2384 734 2430 explicationem
749 2384 872 2429 habet,
883 2396 995 2432 quum
1012 2397 1084 2422 non
1095 2388 1213 2423 solum
1224 2392 1377 2435 propter
1387 2388 1571 2425 desectum

131 2440 290 2477 duorum
311 2434 516 2488 primorum
546 2440 584 2475 in
608 2441 782 2476 columna
813 2442 972 2488 septima
1008 2454 1188 2480 versuum
1221 2445 1381 2491 plurima
1413 2446 1573 2481 obseura

130 2498 216 2542 sint,
240 2497 311 2533 sed
331 2498 414 2544 ipsa
443 2497 625 2544 scriptura
645 2498 870 2533 constructio
893 2502 929 2534 et
946 2499 1193 2546 interpunctio
1217 2511 1363 2545 eorum,
1393 2511 1487 2548 quae
1511 2511 1571 2536 su-

128 2557 306 2601 persunt,
347 2554 383 2589 in
419 2553 605 2590 nonnullis
637 2552 749 2590 dubia
779 2553 964 2590 videatur.
1026 2555 1207 2592 Columna
1237 2557 1395 2603 septima
1427 2559 1571 2593 sextam

130 2610 305 2646 continuo
327 2610 535 2657 excipiente
564 2609 636 2646 hoc
656 2610 808 2656 planum
833 2615 902 2658 est,
923 2613 1065 2648 narrari
1090 2624 1112 2648 a
1133 2612 1311 2650 Sallustio
1333 2616 1469 2659 quanta
1489 2623 1570 2648 cru-

130 2665 279 2702 delitate
297 2670 332 2701 et
352 2677 460 2713 quam
483 2665 692 2703 incredibili
709 2667 874 2713 nequitia
891 2668 1036 2715 fugitivi
1059 2669 1218 2705 miseros
1237 2668 1459 2716 oppidanos,
1476 2679 1570 2715 quos

130 2722 360 2767 invaserant,
386 2724 620 2760 vexaverint.
644 2722 852 2759 Verissime
872 2724 970 2759 enim
990 2725 1235 2773 Kreyssigius
1258 2736 1297 2773 p.
1320 2728 1400 2763 102.
1417 2725 1571 2770 monuit,
